2484 3975
206 212 269 278 l68
508 234 563 279 tro.
594 233 633 278 ru.
657 233 720 278 cir.
743 234 853 280 xxxin.

199 302 332 388 corpori.
355 300 464 368 Anima
488 300 579 388 igitur
597 323 683 388 ¹quae
699 322 858 388 nunquam
874 302 996 388 corpori
1013 303 1129 368 unitur
1229 312 1230 321 ’

200 390 239 455 ad
263 390 379 476 aliquid
402 391 652 457 constituendum
676 412 739 456 non
762 404 809 456 est
836 391 938 455 anima
972 393 1126 468 humanam

199 481 269 564 quia
293 479 377 564 quod
400 494 445 545 est
484 493 605 565 praeter
636 493 782 544 naturam
818 500 880 544 non
915 492 1014 565 potest
1051 500 1125 544 esse
1214 543 1217 548 .

198 588 330 653 semper.
345 567 386 651 „st
410 568 502 653 igitur
525 569 628 634 anima
652 566 762 633 Christi
787 588 849 632 nou
873 583 919 633 est
945 569 1029 633 unita
1052 589 1125 633 eor-

200 658 267 742 pori
305 655 370 741 ejus
408 657 446 722 ud
482 657 597 742 aliquid
639 656 901 734 constituendum,
937 657 1128 742 relinquitur

199 745 282 830 qnod
306 767 369 810 non
393 748 430 811 sit
454 747 557 810 anima
580 747 730 823 humana;
754 759 784 810 et
806 749 850 811 sie
873 746 904 810 iu
923 745 1046 812 Christo
1056 765 1123 811 non

200 833 255 898 luit
280 835 415 899 humana
440 847 559 900 natura.
740 853 744 860 ’
1028 839 1032 845 ’

266 922 438 1000 Praeterea,
463 921 494 987 Si
518 921 655 988 Verbum
694 923 816 987 unitum
850 936 896 988 est
933 923 1056 987 animae
1090 933 1123 986 et

199 1012 320 1097 corpori
344 1011 579 1085 accidentaliter,
597 1011 682 1096 ⁸sicut
705 1010 898 1088 indumento,
932 1024 1041 1077 natura
1064 1011 1124 1077 bo·

200 1120 290 1164 manu
327 1119 391 1165 non
426 1099 482 1164 luit
504 1113 614 1164 natura
643 1098 745 1165 Verbi.
770 1100 906 1167 Verbum
936 1101 1028 1183 igitur
1051 1113 1124 1184 post

201 1189 348 1253 unionem
373 1207 436 1252 non
469 1186 526 1254 luit
560 1187 731 1253 subsistens
769 1189 800 1252 in
838 1188 959 1254 duabus
991 1189 1125 1265 naturis,

199 1277 278 1342 sieut
301 1297 401 1362 neque
425 1278 520 1342 bomo
544 1277 671 1341 indutus
692 1275 804 1342 dicitur
819 1277 850 1341 in
865 1277 986 1342 duabus
1003 1277 1125 1342 naturis

199 1366 378 1442 subsistere;
400 1365 483 1449 quod
509 1365 583 1451 quia
606 1365 758 1450 Eutyches
780 1366 867 1440 dixit,
903 1367 933 1431 in
957 1365 1126 1430 chalcedo·
1231 1384 1232 1421 t

199 1455 287 1518 nensi
311 1454 437 1540 Synodo
461 1465 507 1519 est
529 1454 706 1520 damnatus.

265 1543 352 1616 ltem,
377 1542 548 1608 indumenti
574 1543 676 1628 passio
701 1562 762 1607 non
787 1541 919 1608 reiertur
953 1541 992 1606 ad
1030 1541 1129 1606 indu-

200 1643 276 1708 tum;
299 1652 360 1696 non
385 1633 468 1696 enim
492 1631 711 1696 diciturhomo
736 1632 818 1696 nasci
832 1631 957 1717 quando
973 1630 1126 1708 induitur,

200 1740 301 1806 neque
323 1720 475 1786 vulnerari
498 1720 524 1784 si
548 1719 769 1784 vestimentum
793 1718 953 1786 laceretur.
980 1718 1012 1783 Si
1027 1718 1127 1802 igitur

199 1807 334 1874 Verbum
358 1809 521 1893 assumpsit
544 1809 679 1873 animam
703 1821 734 1872 et
761 1829 875 1894 corpus
912 1808 991 1874 sieut
1024 1807 1125 1872 bomo

199 1897 427 1974 indumentum,
448 1917 512 1962 nou
538 1897 650 1983 poterit
673 1896 733 1961 dici
756 1897 840 1982 quod
871 1896 955 1963 Deus
978 1896 1015 1961 sit
1030 1910 1125 1962 natus

199 2001 251 2051 aut
274 2008 381 2073 passus
405 2000 531 2072 propter
554 2006 666 2071 corpus
689 1999 893 2072 assumptum.

266 2076 383 2152 Adhuc,
406 2074 438 2139 Si
463 2074 598 2140 Verbum
620 2077 787 2161 assumpsit
824 2076 992 2141 humanam
1031 2087 1130 2138 natu·¹

199 2184 266 2229 ram
290 2165 391 2231 solum
416 2177 449 2228 ut
472 2161 691 2229 indumentum
726 2184 788 2250 quo
823 2176 926 2249 posset
959 2161 1125 2228 hominum

200 2253 296 2319 oculis
320 2272 483 2338 apparere,
506 2250 618 2316 frustra
642 2252 778 2318 animam
802 2251 1017 2338 assumpsisset
1042 2268 1126 2337 quae

199 2342 371 2407 seeundum
395 2360 484 2405 suam
508 2353 651 2405 naturam
676 2339 837 2405 invisibilis
859 2354 915 2405 est.

264 2430 413 2517 Amplius,
436 2427 614 2493 Secundum
641 2429 700 2493 hoc
724 2448 785 2493 non
809 2428 896 2494 aliter
907 2427 1126 2514 assumpsisset

199 2518 295 2584 Filius
326 2538 451 2584 carnem
490 2518 660 2582 humanam
696 2536 789 2602 quam
828 2516 959 2603 Spiritus
992 2517 1123 2582 Sanetus

188 2607 363 2677 columbae
385 2604 520 2693 speeiem
546 2608 577 2670 in
599 2626 661 2689 que
690 2604 840 2691 apparuit3
855 2605 940 2692 qnod
956 2618 1038 2690 patet
1053 2624 1122 2669 esse

197 2694 321 2771 lalsum;
343 2716 416 2761 nam
440 2694 572 2782 Spiritus
608 2693 738 2758 Sanctus
775 2715 836 2758 non
877 2694 989 2759 dieitur
1023 2692 1121 2757 laetus

198 2784 341 2850 columba
365 2805 466 2870 neque
503 2783 606 2849 minor
640 2781 730 2847 Patre
766 2782 938 2848 secundum
977 2794 1120 2848 naturam

199 2885 399 2958 assumptam.

265 2961 352 3035 ltem,
383 2960 414 3025 Si
449 2959 517 3046 quis
550 2958 714 3043 diligenter
747 2959 933 3035 consideret,
966 2956 1006 3021 ad
1029 2955 1124 3020 'hano

199 3050 384 3134 positionem
423 3048 611 3113 diversarum
659 3048 834 3113 haeresium
872 3044 1124 3111 inconvenientia

197 3152 377 3223 sequuntur.
402 3138 444 3202 Ex
466 3156 505 3201 eo
528 3137 611 3200 enim
635 3137 720 3221 quod
744 3135 817 3201 dicit
840 3136 951 3200 Filium
970 3134 1027 3199 Dei
1053 3133 1123 3197 uni-

199 3240 264 3291 tum
288 3228 410 3291 animae
432 3238 463 3290 ct
485 3226 570 3290 carni
594 3224 777 3290 accidentali
805 3224 910 3299 modo,
949 3224 1028 3288 sieut
1065 3221 1123 3285 ho·

114 3306 119 3315 ¹
199 3318 314 3379 minem
338 3315 530 3391 vestimento,
554 3314 716 3378 conveniet
738 3313 876 3398 opinioni
900 3311 1043 3389 Nestorii,
1066 3308 1122 3393 qui

198 3402 369 3467 secundum
393 3401 647 3467 inhabitationem
671 3401 761 3467 Verbi
785 3401 842 3466 Dei
880 3400 960 3465 hane
994 3400 1027 3463 in
1065 3397 1123 3460 ho-

198 3492 283 3557 mine
305 3493 452 3557 unionem
475 3509 542 3556 esse
555 3487 667 3556 iactam
683 3490 823 3569 asseruit;
836 3509 899 3555 non
922 3486 1007 3554 euim
1020 3486 1123 3552 [lcum
