2484 3975
343 246 383 292 nc
405 244 590 292 sussrsnnts
614 244 769 290 sstuntns
956 227 1022 294 525

92 311 176 402 quib,
197 314 275 381 sieut
298 313 372 382 dicit
392 317 559 402 Dionysius
589 341 603 374 a
627 334 690 380 nun
714 329 761 379 est
798 315 942 402 possibile
966 339 1022 384 no«

90 419 174 469 strae
196 406 293 470 menti
316 404 357 470 ud
379 403 617 472 immaterialem
641 402 726 468 illam
748 425 871 470 sursunt
896 408 1019 472 excitati

91 490 272 559 coelestium
294 493 540 561 hierarchiarum
561 507 593 559 et
617 493 820 558 imitationem
834 509 864 558 et
879 508 1019 569 content,-

89 581 269 668 plationem,
292 583 349 648 nisi
372 582 544 649 seeundum
566 601 601 647 se
623 580 773 646 materiali
802 583 1019 648 manuductio·

89 691 131 735 rte
154 685 291 736 utatur·
320 671 475 759 (Caelest.
499 671 609 747 llier.,
631 690 658 734 c.
684 671 696 733 l
714 671 739 756 );
761 672 838 736 sicut
853 689 883 736 et
896 673 935 737 tle
951 675 1018 759 ipso

87 758 226 825 Domino
249 759 346 826 multa
369 761 542 848 corporalia
559 762 590 824 in
602 758 767 844 Scripturis
784 779 838 846 per
850 765 1018 846 quamdam

86 848 323 914 similitudinem
345 849 501 927 dicuntnr;
522 848 606 914 unde
634 848 801 933 Dionysius
836 850 938 932 (lbid.
957 899 965 926 ,
987 871 1017 916 c.

91 937 161 1023 lb)
194 940 319 1026 exponit
341 939 415 1026 quid
438 936 598 1026 spirituale
621 936 812 1022 significetur
836 940 865 1002 in
893 939 1018 1022 Angelis

88 1046 146 1112 per
169 1047 278 1092 omnes
301 1029 480 1113 bujunuotli
501 1026 678 1113 corporales
701 1026 824 1110 figuras.
837 1026 899 1091 Nec
914 1029 1016 1094 solunt

88 1114 270 1200 bujnsmodi
293 1115 408 1183 lorinas
430 1135 594 1202 corporeas
633 1133 688 1202 per
710 1115 942 1181 sititilitudinern
978 1117 1017 1180 de

87 1203 212 1288 Angelis
234 1205 429 1284 auertunt
453 1203 527 1270 tlicit
548 1204 641 1268 etiam
677 1223 712 1266 ca
747 1224 829 1289 quae
863 1209 1017 1290 pertinent

88 1292 130 1357 ad
153 1293 347 1359 affectionem
369 1295 507 1359 sensitivi
529 1294 693 1379 appetitus
716 1306 749 1357 ut
773 1313 828 1378 per
850 1294 910 1358 boa
927 1296 1017 1359 detur

87 1379 217 1466 intelligi
240 1383 324 1468 quoti
347 1403 412 1449 non
432 1382 534 1448 solutu
557 1381 664 1467 angeli
689 1401 750 1446 non
774 1395 846 1446 sunt
875 1403 1016 1469 corpora,

87 1471 145 1535 setl
168 1473 261 1536 etiaut
284 1492 349 1536 non
371 1487 443 1537 sunt
466 1473 592 1560 spiritur
627 1472 807 1556 corporibus
841 1473 928 1550 uniti,
961 1475 1016 1558 qui

84 1559 293 1625 sensificando
315 1563 485 1647 percipiant
507 1575 542 1625 ut
562 1563 607 1626 sic
629 1560 662 1624 iu
677 1559 1015 1648 eisiuveniauturope-

86 1649 224 1712 rationes
246 1649 370 1714 atrimae
390 1651 565 1716 sensitiuse.
588 1647 668 1714 Dicit
699 1649 782 1712 enini
817 1649 900 1734 qnod
932 1649 982 1714 «l
1003 1685 1014 1696 ·

85 1755 141 1802 ror
163 1739 394 1805 irrationalibus
409 1759 446 1803 es
469 1737 604 1826 passibili
627 1749 713 1804 motu
736 1737 881 1820 gignitum
903 1739 1013 1804 sedin

83 1825 210 1910 Angelis
231 1825 328 1892 altero
365 1827 461 1892 modo
483 1839 604 1914 oportet
638 1826 789 1891 irascibile
827 1825 1009 1911 intelligere,

85 1915 247 1980 declarans
269 1920 333 2005 (ut
353 1917 525 2001 existimo)
549 1912 667 1980 uirilem
691 1916 826 2001 ipsorum
849 1915 1014 1981 rationabi

83 2004 203 2071 litatem
225 2031 240 2063 ι
270 2004 425 2093 (craten.
448 2005 556 2083 trien,
577 2024 607 2069 c.
629 2006 691 2089 ⁶1).
714 2005 778 2069 Alie
803 2004 901 2071 littera
919 2007 1013 2071 babet
1099 2008 1100 2015 ’

82 2094 139 2159 sic:
167 2122 183 2152 ι
203 2092 266 2159 snt
289 2097 320 2160 in
342 2095 466 2179 Angelis
489 2090 690 2159 turtoundnn
727 2094 917 2159 dumottstrat
939 2096 1013 2159 uiri·

82 2182 148 2247 lent
172 2184 309 2269 ipsorum
337 2182 605 2250 rationabilitatem
628 2208 660 2259 »3
698 2194 730 2246 et
761 2182 902 2248 similiter
937 2183 1015 2249 dicit

82 2271 168 2357 quod
189 2272 437 2358 concupiscentia
460 2274 491 2337 in
514 2273 560 2337 eis
580 2270 734 2354 significat
757 2290 896 2336 amorem
935 2272 1014 2337 divi-

81 2380 171 2425 nuut.
195 2360 251 2425 Cui
273 2378 422 2428 consonat
445 2362 476 2426 iti
499 2359 583 2447 qnod
606 2362 793 2445 Augustinus
831 2362 1011 2447 dicitquod

89 2476 105 2506 ι
126 2451 224 2514 saneti
246 2451 354 2534 Angeli
377 2465 409 2516 ct
430 2452 498 2515 sine
519 2450 566 2515 ira
587 2453 721 2536 puniunt
742 2468 820 2534 quus
857 2452 1016 2537 accipiunt.

82 2554 209 2603 aeterna
231 2536 291 2603 Dei
314 2539 384 2625 lege
408 2538 594 2626 puniendos,
616 2550 647 2601 et
669 2538 789 2602 miseris
814 2537 881 2601 sine
919 2541 1018 2605 arise-¹

82 2628 149 2691 riae
171 2628 386 2713 compassione
407 2628 603 2704 subveniunt,
627 2638 658 2690 et
691 2624 931 2713 periclitantibus
962 2631 1010 2693 eis

14 2729 15 2734 ’
82 2736 163 2802 quos
185 2716 316 2801 diligunt
337 2719 404 2783 sine
426 2718 538 2782 timore
552 2713 793 2803 opitulantur;et
809 2728 912 2779 tantan
935 2717 1009 2781 isto·

81 2825 154 2870 rum
177 2806 303 2871 nomina
327 2809 505 2893 passionum
532 2803 753 2871 consuetudine
777 2802 939 2869 locutionis
952 2808 1017 2870 hu».

80 2913 195 2959 manac
216 2894 310 2959 etiam
334 2898 366 2959 in
387 2915 442 2960 eos
465 2907 663 2981 usurpantur,
686 2905 811 2979 propter
840 2894 1018 2979 quarndann

82 3002 215 3069 operum
236 2982 483 3063 similitudinem,
506 3004 570 3049 non
592 2996 719 3069 propter
744 2980 941 3047 affectionum
965 2986 1012 3070 in-

80 3071 260 3137 lirnritatetu
282 3098 297 3130 ι
328 3071 397 3155 (tle
419 3072 507 3138 Civit.
529 3070 599 3147 Dei,
620 3070 642 3136 l.
665 3070 697 3145 9,
720 3089 746 3133 c.
771 3068 832 3153 b).

148 3159 241 3242 Quod
264 3174 369 3226 autern
391 3161 499 3247 bageli
521 3161 667 3227 dicuntur
688 3178 757 3223 esse
780 3158 811 3222 in
841 3157 933 3224 caelis
956 3174 1008 3225 aut

81 3248 114 3314 in
136 3249 291 3336 aliquibus
311 3249 379 3316 aliis
401 3249 613 3337 corporalibus
637 3250 721 3325 locis,
756 3266 819 3311 uon
853 3261 899 3311 est
922 3248 1018 3313 intel-i

81 3338 241 3425 ligendutn
263 3339 348 3425 quod
370 3340 486 3405 sintin
508 3340 554 3403 eis
590 3335 742 3423 corporali
774 3335 879 3415 ruodo,
894 3336 1018 3408 scilicet·

80 3448 137 3515 per
160 3442 336 3493 connctunr
372 3430 564 3493 dissensisse
599 3424 790 3512 quantitatis,
824 3427 877 3489 soti
915 3431 1017 3493 motio

81 3518 245 3605 spirituali,
264 3536 321 3605 per
343 3519 510 3606 quemdum
533 3530 708 3587 contactum
721 3515 848 3581 uirtutis.
861 3514 1017 3603 Proprius
