2484 3975
415 254 471 299 trs.
497 255 532 298 tv.
557 254 621 300 cru.
645 254 732 299 xxxv.
959 233 1015 297 tdt
1116 306 1118 310 ⁸

102 341 224 398 mattae,
248 333 355 388 neutra
381 338 492 386 natura
517 335 703 396 remaneret,
724 321 779 386 sed
806 321 922 407 aliquid
962 339 1022 387 ter-

103 411 190 484 tium;
214 413 309 476 etsie
333 411 472 476 Christus
496 431 557 475 non
582 426 663 476 esset
685 410 770 475 Deus
793 431 893 496 neque
916 412 1020 475 lromu.

102 497 171 565 Non
195 500 288 584 igitur
310 499 355 563 sie
379 512 478 585 potest
502 498 631 584 intelligi
653 499 737 586 quod
762 499 913 585 Eutyches
936 501 1022 575 dixit,
1090 562 1094 571 ,

101 601 172 654 ante
196 591 343 652 unionem
369 587 462 652 luisse
485 588 561 652 duas
595 602 730 665 naturas,
768 603 836 675 post
874 587 1021 652 unionem

99 696 293 742 verounum
318 678 348 740 in
373 675 508 740 Domina
529 673 601 742 lesu
627 675 758 753 Christo,
782 677 868 762 quasi
893 683 931 740 ex
944 676 1020 740 dua·

100 762 159 830 bus
184 766 301 830 naturis
327 765 364 828 sit
388 768 549 830 constituta
574 785 635 830 una
669 779 787 829 natura.
828 764 1022 851 Relinquitur

99 872 175 937 ergo
198 855 281 940 quod
304 851 491 938 intelligatur
514 855 572 918 hoe
595 852 690 919 niodo
713 852 797 938 quod
820 853 915 918 altera
954 867 1020 917 tan·

97 954 164 1006 tum
189 962 296 1006 earum
323 954 390 1027 post
427 943 573 1010 unionem
612 943 804 1008 remanserit.
835 946 894 1007 dut
928 941 1020 1025 igitur

97 1028 154 1095 luit
179 1032 210 1094 in
234 1030 357 1095 Christo
379 1030 443 1095 sola
466 1044 573 1095 natura
598 1029 713 1104 divina,
736 1043 766 1094 et
790 1030 820 1094 id
855 1030 938 1117 quod
978 1033 1019 1094 vi·

98 1119 230 1183 debatur
253 1123 282 1183 in
306 1139 343 1184 ea
367 1118 537 1184 humanum
561 1117 618 1184 luit
642 1118 877 1205 phantasticum,
900 1131 934 1184 ut
955 1119 1018 1184 lla·

97 1208 245 1272 nielraeus
268 1208 352 1286 dixit,
375 1222 427 1270 aut
450 1207 553 1272 divina
578 1222 687 1272 natrrra
715 1227 864 1274 conversa
902 1223 948 1271 est
986 1209 1018 1272 in

98 1294 265 1362 humanam
305 1310 457 1374 naturam,
497 1311 528 1360 ut
564 1295 746 1383 Apollinaris
786 1297 871 1375 dixit;
910 1311 1016 1361 contra

97 1404 174 1468 quus
197 1404 287 1469 supra
312 1386 545 1470 disputavimus.
570 1383 762 1470 Relinquitur
774 1386 866 1470 igitur
878 1385 936 1450 lruc
948 1405 1016 1450 esse

96 1473 295 1557 impossibile,
322 1487 393 1537 ante
417 1474 564 1538 unionem
589 1473 684 1538 luisse
707 1474 784 1538 duas
818 1488 944 1540 naturas
984 1475 1034 1554 iu„

94 1559 226 1638 Christo,
251 1575 319 1647 post
343 1563 490 1628 unionem
516 1582 587 1627 vero
610 1546 716 1628 uuam'.

160 1649 309 1736 Amplius,
332 1649 495 1735 Nunquam
520 1651 674 1716 invenitur
695 1670 733 1715 ex
756 1648 876 1716 duabus
899 1651 1015 1716 naturis

94 1741 290 1804 manentibus
314 1738 378 1805 fieri
403 1758 507 1816 unam3
531 1739 676 1825 eoquod
714 1739 870 1824 quaelibet
906 1754 1014 1804 natura

92 1838 139 1889 est
161 1827 317 1911 quoddam
342 1841 450 1901 totum,
465 1847 499 1890 ea
525 1848 599 1892 vero
619 1829 784 1913 exquibus
810 1823 925 1913 aliquid
942 1849 1015 1894 eun-

92 1915 227 1980 stituitur
249 1917 363 1980 uadunt
386 1919 416 1980 in
431 1918 549 1981 ratione
566 1918 670 2004 partis.
685 1916 782 1991 Unde,
798 1936 870 1982 eum
886 1938 923 1982 ex
946 1918 1013 1982 ani·

93 2024 143 2067 ma
168 2017 198 2069 et
220 2025 350 2091 empore
386 2004 440 2071 fiat
478 2027 587 2085 unum,
626 2027 727 2091 neque
760 2026 874 2093 eorpus
911 2027 1012 2093 neque

89 2093 193 2157 anima
217 2108 324 2159 natura
348 2093 406 2157 diei
431 2109 540 2181 potest,
562 2097 641 2160 sieut
664 2114 748 2161 nune
777 2095 935 2181 loquimur
972 2096 1012 2161 de

88 2195 209 2255 natrrra,
233 2184 303 2268 quia
336 2196 481 2247 neutrum
516 2184 610 2249 habet
646 2189 781 2270 speeiem
814 2184 1011 2271 completam,

87 2270 144 2335 sed
168 2282 332 2357 utrumque
355 2286 401 2335 est
424 2292 494 2357 pars
517 2274 610 2338 unius
632 2286 770 2338 naturae.
801 2274 878 2339 Cum
918 2274 1010 2358 igitur

88 2371 197 2423 natura
222 2359 356 2425 humana
380 2362 418 2425 sit
439 2359 591 2445 quaedam
631 2375 740 2427 natura
777 2361 946 2448 completa,
979 2376 1010 2429 et

48 2512 51 2520 ,
86 2448 231 2511 similiter
254 2462 361 2513 natura
386 2447 499 2525 divina,
522 2450 714 2535 impossibile
735 2465 782 2516 est
812 2451 897 2535 quod
934 2471 1008 2515 eon·

66 2550 213 2612 *currant
236 2536 267 2599 in
292 2557 385 2603 uuam
408 2550 562 2614 naturam,
584 2539 641 2603 nisi
666 2537 712 2605 vel
737 2554 866 2625 utraque
889 2538 1007 2606 velaliu

85 2640 313 2711 corrumpatun
337 2623 419 2712 quad
444 2644 511 2691 esse
535 2647 596 2691 nun
623 2639 731 2713 potest,
754 2648 825 2692 earm
849 2648 886 2692 ex
901 2648 1008 2713 supra·

85 2712 176 2777 dietis
199 2728 300 2801 pateat
324 2733 420 2779 unum
444 2713 598 2781 Christum
623 2727 654 2779 et
691 2735 799 2781 verum
837 2715 937 2781 Deum
976 2733 1006 2784 et

82 2821 192 2866 verum
219 2804 379 2866 hominem
413 2823 489 2867 esse.
541 2803 733 2890 lmpassibile
766 2819 813 2874 est
848 2806 939 2891 igitur
975 2810 1006 2875 in

77 2890 207 2957 'Christo
231 2911 326 2955 unam
348 2911 415 2956 esee
442 2904 561 2957 tantum
586 2908 740 2961 naturam.

151 2978 240 3057 ltenr,
264 2980 305 3043 Ex
329 2980 450 3047 duobus
476 2982 674 3047 manentibus
698 3003 759 3047 una
782 2995 890 3048 natura
929 3003 1003 3048 enn-

75 3067 226 3139 etituitur:
256 3068 302 3133 vel
327 3070 404 3135 sieut
428 3090 464 3135 er
496 3071 634 3157 partibus
665 3072 888 3157 corporalibus,
924 3073 1002 3139 sieut

76 3175 121 3220 ex
144 3156 292 3221 membris
318 3158 512 3223 eonsumitur
541 3159 667 3235 animal,
689 3161 772 3246 quud
795 3162 846 3225 tric
867 3161 927 3227 diei
941 3183 1002 3227 nan

83 3256 195 3330 potest,
218 3265 289 3309 aum
315 3247 416 3311 diviua
441 3261 550 3311 natura
581 3266 643 3311 non
663 3250 708 3312 sit-
723 3250 838 3335 aliquid
860 3270 1004 3337 tmpore·

33 3387 37 3393 .
77 3344 147 3409 unq
163 3332 210 3397 vel
222 3335 299 3399 sieut
321 3354 358 3398 ex
381 3336 509 3399 materia
523 3347 552 3401 et
566 3334 667 3401 larma
679 3340 873 3404 constituitur
884 3337 999 3424 uquuid

81 3432 193 3501 unum,
204 3423 281 3487 sieut
297 3442 333 3487 ex
351 3424 452 3487 anima
467 3436 498 3487 et
513 3444 643 3511 corpure
657 3424 782 3504 animal;
798 3430 881 3514 quad
907 3431 1001 3498 etiam

22 3520 26 3525 “
70 3524 143 3599 '‘tron
169 3524 266 3599 potest
288 3512 319 3577 in
344 3514 499 3599 proposita
538 3514 608 3593 diai;
643 3528 801 3585 ostensum
840 3531 886 3583 est
914 3518 999 3585 enim

131 3598 187 3663 ta.
213 3598 354 3666 Summae
378 3602 457 3667 l'lail.
483 3602 515 3670 V.
540 3603 570 3670 5.
916 3607 949 3672 ll
