2484 3975
210 212 275 277 tua
588 231 763 296 oruscutuu·

207 320 342 384 corpora
366 297 560 384 particularia
584 303 753 388 composita
778 311 865 364 erant
886 318 924 366 ex
962 296 1145 364 elementis:

211 389 294 454 uude
318 387 418 474 posuit
441 386 525 472 quod
564 404 697 473 quatuor
730 389 882 453 elementa
917 403 1146 474 comparantur

209 478 250 543 ad
273 477 388 542 lorrnas
411 476 609 561 particulares
633 478 798 555 naturales,
833 491 905 563 puta
941 477 1050 563 lapidis
1086 489 1146 542 aut

211 565 294 641 ferri,
317 567 395 630 sieut
418 567 545 629 materia
569 566 608 630 ad
632 566 764 632 sormam
780 580 811 632 et
827 567 961 651 potentia
973 565 1146 630 adactum.

279 655 404 726 lterum,
428 653 639 720 Consideravit
651 655 733 740 quod
750 669 881 742 quatuor
895 653 1049 720 elementa
1063 674 1146 720 oon·

211 744 338 808 veniunt
362 743 391 808 in
416 743 475 807 hoe
497 743 579 828 quod
603 745 763 830 quodlibet
786 764 895 808 eornm
933 755 980 809 est
1014 763 1146 829 eorpus,

213 832 357 898 differunt
373 846 476 894 autem
493 833 664 896 seeundum
680 833 848 898 contrarias
864 832 1037 917 qualitates:
1054 831 1145 896 unde

213 923 302 985 tertio
320 921 427 1009 ¹posuit
450 921 532 1004 quod
557 921 657 1006 ipsum
671 942 782 1007 eorpus
805 936 850 986 est
864 922 989 985 materia
1003 920 1146 984 elemen-

211 1023 325 1086 torum,
347 1030 440 1094 quam
465 1010 582 1074 vocavit
599 1015 758 1075 materiam
776 1010 993 1086 universalem,
1008 1025 1038 1074 et
1053 1009 1144 1095 quod

211 1097 330 1163 formae
356 1099 446 1180 hujus
470 1100 617 1163 materiae
640 1112 711 1164 sunt
727 1099 887 1184 qualitates
899 1099 1143 1162 elementorum.

279 1186 435 1259 Secundo,
458 1188 528 1272 quia
552 1188 674 1252 videbat
690 1188 772 1274 quod
788 1209 900 1274 eorpus
916 1187 1048 1252 caeleste
1063 1207 1143 1251 oon-

214 1278 297 1340 venit
320 1296 389 1340 eum
414 1277 574 1340 elementis
599 1281 629 1342 in
653 1277 867 1363 corporeitate,
890 1275 990 1340 differt
1009 1296 1087 1340 tero
1100 1277 1141 1341 ab

213 1365 259 1428 eis
282 1365 311 1428 in
335 1365 394 1427 hoe
416 1365 500 1449 qnod
524 1385 584 1429 non
607 1380 654 1430 est
676 1365 884 1452 susceptivum
907 1363 1140 1430 contrariarum

213 1453 406 1538 qualitatum,
429 1456 530 1539 posuit
552 1469 662 1538 quarto
686 1457 793 1519 ordine
817 1455 977 1518 materiam
1001 1453 1145 1540 eorporis

212 1542 364 1620 caelestis,
385 1561 465 1625 quae
487 1544 579 1606 etiam
602 1557 799 1630 comparatur
822 1543 860 1606 ad
883 1541 1015 1606 sormam
1040 1544 1145 1607 caele·

212 1631 267 1695 stis
290 1635 426 1716 eorporis
449 1631 530 1712 siem
549 1633 685 1715 potentia
722 1633 760 1696 ad
784 1645 896 1710 aetum,
919 1631 1015 1696 etsie
1037 1633 1145 1718 posuit

212 1733 346 1807 quatuor
369 1719 492 1784 ordines
515 1721 661 1784 materiae
685 1720 861 1807 corporalis.

282 1808 410 1885 Rursus,
431 1807 510 1890 Quia
535 1808 608 1873 vidit
632 1809 714 1894 quod
738 1829 832 1874 ornne
854 1827 966 1895 eorpus
987 1807 1143 1892 signifieat

214 1897 417 1961 substantiam
440 1897 607 1984 quamdam
632 1900 769 1983 longam,
804 1899 894 1962 latam
931 1911 961 1960 et
996 1898 1140 1982 spissam,

214 1986 399 2051 existimarit
421 1986 503 2073 quod
528 1988 676 2073 eorporis
715 1988 897 2074 inquantum
937 2000 994 2073 est
1016 2006 1144 2073 eorpus,
1234 1990 1235 2023 l

214 2074 393 2160 hujusmodi
417 2089 478 2140 tres
512 2075 720 2141 dimensiones
758 2078 818 2141 sint
850 2077 929 2141 sieut
967 2074 1077 2153 lorma3
1113 2090 1144 2141 et
1234 2102 1235 2105 ¹

213 2166 394 2241 substantia,
416 2185 496 2249 quae
517 2164 677 2249 subjicitur
700 2166 859 2251 quantitati
883 2179 913 2229 et
947 2164 1013 2227 aliis
1046 2184 1144 2249 gene

215 2253 302 2319 ribus
325 2252 542 2331 accidentium,
566 2269 611 2319 est
634 2257 761 2319 materia
778 2255 926 2339 eorporis,
956 2254 1142 2338 inquantum
1234 2328 1235 2347 ,

213 2356 261 2407 est
283 2362 405 2428 eorpus.
429 2341 479 2406 Sia
493 2344 583 2427 igitur
600 2344 779 2420 substantia,
795 2362 873 2429 qnae
886 2341 1015 2407 sustinet
1028 2364 1141 2407 novem

213 2430 473 2518 praedicamenta,
497 2447 530 2497 ut
552 2435 646 2496 etiam
671 2432 753 2511 dioit,
776 2446 822 2496 est
846 2430 945 2518 prima
973 2430 1141 2515 spiritualis
1234 2482 1235 2485 ,

212 2521 351 2585 materia.
376 2520 410 2583 lit
432 2521 511 2586 sieut
534 2521 635 2608 posuit
659 2521 689 2585 in
714 2521 840 2586 materia
880 2520 1032 2605 corporali
1073 2520 1141 2585 uni·

215 2609 336 2688 versali,
359 2629 452 2694 quam
476 2610 551 2675 dixit
573 2628 640 2673 esse
662 2630 784 2696 eorpus,
806 2608 978 2694 quoddam
997 2609 1142 2694 superius

213 2697 300 2785 qnod
323 2711 447 2763 nonest
468 2700 675 2785 susceptivum
699 2700 923 2763 contrariarum
946 2696 1143 2782 qualitatum,

213 2788 329 2854 scilieet
351 2788 512 2851 materiam
535 2787 676 2851 eoelestis
699 2786 847 2873 eorporis,
869 2800 898 2849 et
920 2784 1036 2870 aliquid
1060 2785 1140 2851 iule-

215 2878 280 2943 rius
302 2875 386 2962 quod
409 2890 455 2939 est
477 2876 685 2961 susceptivum
725 2875 912 2941 eontrarium
947 2874 1144 2960 qualitatum,

215 2964 300 3053 quod
323 2963 451 3028 eredidit
473 2983 541 3029 esse
564 2967 725 3029 materiam
749 2979 882 3051 quatuor
902 2961 1143 3043 elementorum3

216 3059 257 3131 ita
280 3054 374 3119 etiam
397 3055 427 3116 in
450 3053 516 3138 ipsa
537 3053 706 3117 substantia
731 3056 832 3140 posuit
860 3050 1018 3138 quoddam
1051 3072 1144 3139 supe·
1234 3134 1235 3137 Ἴ

216 3146 280 3210 rius
303 3140 389 3230 quod
410 3162 472 3206 non
506 3155 551 3205 est
589 3144 796 3229 susceptivum
834 3141 1020 3228 quantitatis,
1058 3140 1142 3227 quod

215 3234 317 3321 posuit
339 3251 406 3297 esse
428 3231 629 3298 substantiam
652 3246 836 3317 separatam,
860 3243 890 3294 et
913 3228 1071 3316 quoddam
1095 3230 1141 3295 in·
1233 3246 1235 3297 t

216 3321 312 3387 serius
335 3320 418 3406 quod
442 3334 488 3384 est
509 3322 718 3405 susceptivum
740 3320 925 3407 quantitatis,
939 3318 1025 3404 quod
1040 3320 1143 3406 posuit

217 3431 286 3476 etse
309 3411 467 3473 materiam
491 3427 673 3494 corpoream
696 3429 875 3495 corporum.

284 3498 411 3576 Rursus,
434 3497 517 3583 ipsas
538 3497 723 3563 substantias
735 3509 890 3586 separatas
906 3494 956 3565 vel
966 3494 1140 3585 spirituales
