2484 3975
428 267 485 312 uto.
515 269 554 313 tv.
578 267 642 312 ιιι.
667 265 703 310 tr.
908 323 911 328 ¹
951 239 1016 313 903

93 353 329 426 ercomenon
354 336 523 403 traducitur
546 337 576 401 in
599 355 658 400 nos
682 355 718 399 cx
742 333 842 418 primo
878 350 1016 423 parente.

94 431 148 496 sed
170 447 188 493 a
210 427 278 492 Deo
302 423 459 508 sigillatim
484 440 606 491 creatur
629 425 660 489 in
685 443 886 508 unoquoque,
909 439 943 492 ut
970 447 1022 492 os-

94 535 218 584 tensum
238 529 285 581 est
322 513 357 598 (l.
381 514 412 591 ἢ,
435 533 463 577 ε.
486 515 555 595 86).
575 513 642 578 Non
668 512 759 596 igitur
783 533 839 598 ρει
868 515 1021 600 originem

94 617 254 696 peccatum
279 604 318 669 atl
344 623 401 668 nos
424 602 464 667 ab
487 603 583 669 udam
607 601 739 666 derivari
765 614 875 686 potest.

160 694 277 772 Adhuc,
301 692 332 758 Si
357 705 518 779 peccatum
542 713 559 756 a
599 692 699 778 primo
733 705 868 774 parente
891 692 923 757 in
947 693 1024 759 alios

95 783 260 857 derivatur,
282 784 354 867 quia
377 780 418 846 ab
440 801 479 847 co
502 779 654 862 originem
680 780 899 855 troitunt‚oom
931 781 1024 847 Citri-

94 887 188 941 stusa
211 872 314 956 primo
337 883 463 954 parente
485 870 636 952 originem
660 867 791 942 duxerit,
806 870 1023 957 videturquod

95 965 162 1048 ipse
185 959 279 1024 etiarn
303 972 427 1046 peceato
450 958 596 1044 originali
621 956 779 1042 subjectus*
804 957 906 1024 luerit:
941 957 1025 1046 quod

98 1064 145 1116 εει
168 1047 304 1113 alienum
328 1067 345 1111 a
368 1046 439 1112 litle.

168 1136 344 1214 Praeterea,
367 1135 459 1218 Quod
483 1134 684 1218 consequitur
706 1133 822 1219 aliquid
853 1137 1026 1202 secundum

99 1247 190 1292 suam
202 1225 355 1309 originem
370 1225 541 1289 naturalem
556 1238 601 1287 εει
617 1223 646 1287 ci
658 1224 808 1289 naturale.
824 1223 913 1306 Quod
922 1240 1025 1291 autent

100 1329 146 1380 est
158 1313 247 1378 alicui
270 1312 409 1378 naturale
432 1334 495 1378 non
518 1324 564 1377 εει
587 1327 746 1397 peccatum
765 1314 794 1377 in
814 1313 1025 1400 ipso‚sicutiu

101 1403 181 1490 talpa
206 1421 268 1466 non
291 1415 337 1467 est
360 1415 519 1488 peccatum
542 1400 626 1487 quod
650 1403 715 1466 visu
729 1413 824 1466 caret.
849 1399 916 1468 Non
932 1403 1027 1488 igitur

99 1512 156 1584 por
178 1491 331 1572 originem
356 1511 372 1553 a
397 1492 498 1576 primo
522 1489 649 1554 homine
680 1505 839 1577 peccatum
875 1491 913 1556 otl
951 1492 1027 1558 alios

99 1581 198 1673 potuit
222 1579 366 1644 derivari.

161 1667 192 1734 Si
216 1683 320 1732 antem
344 1666 464 1731 dicatur
486 1664 569 1753 quod
593 1681 753 1751 peccatum
777 1687 793 1731 a
837 1667 938 1753 primo
973 1690 1027 1755 pa-

101 1772 188 1823 rente
210 1758 241 1823 io
265 1771 404 1843 posteros
427 1754 585 1819 derivatur
608 1775 663 1838 per
699 1756 864 1839 originem,
898 1777 961 1822 non
996 1757 1028 1822 itt

100 1860 251 1932 quantum
273 1859 320 1909 εει
342 1843 498 1917 normalis,
526 1843 578 1908 scd
611 1844 641 1907 in
665 1859 815 1929 quantum
840 1857 886 1910 est
913 1845 1028 1922 vitiata,

100 1936 160 2002 lroo
182 1933 287 2012 etiarn,
310 1949 343 1998 ut
366 1933 496 2010 videtur,
518 1947 600 1997 stare
642 1951 702 1998 non
740 1947 848 2021 potest.
883 1933 1028 2001 Deiectus

100 2026 183 2089 enirn
207 2025 238 2088 in
262 2042 356 2107 opere
380 2037 508 2087 naturae
532 2042 595 2086 non
627 2022 735 2087 accidit
759 2023 815 2088 nisi
854 2044 910 2109 per
944 2023 1029 2089 ‹lelc-

100 2126 184 2180 etum
208 2111 336 2197 alicujus
358 2111 505 2175 naturalis
534 2110 684 2195 principii,
708 2111 1030 2199 sicutpercorruptio-

101 2222 174 2265 nem
197 2201 332 2287 aliquam
356 2218 436 2284 quae
469 2211 516 2263 εει
537 2199 568 2262 in
592 2200 721 2275 semine,
747 2214 912 2266 causantur
927 2220 1031 2267 mons

102 2289 196 2355 truosi
213 2302 317 2375 partus
339 2288 530 2352 animalium.
555 2286 627 2351 Non
652 2302 697 2353 est
720 2298 823 2353 autern
849 2289 923 2354 darc
938 2289 1030 2355 alico·

100 2378 150 2462 jus
174 2378 320 2442 naturalis
347 2376 491 2463 principii
516 2374 745 2460 corruptionem
777 2378 806 2440 in
831 2376 1032 2443 humanose-
1085 2386 1087 2391 ’

102 2467 197 2531 mine.
221 2466 288 2531 Non
312 2465 431 2530 videtur
454 2466 547 2549 igitur
587 2464 670 2549 quod
710 2464 834 2549 aliquod
870 2480 1031 2552 peccatum

102 2575 141 2619 er
164 2555 265 2620 vitiata
288 2554 409 2639 origine
436 2553 593 2618 derivetur
631 2552 662 2617 in
697 2568 837 2639 posteros
875 2576 892 2619 a
931 2556 1032 2634 primo

101 2657 239 2729 parente.

170 2732 256 2809 item,
277 2731 405 2796 Peccata
429 2750 510 2817 quae
533 2732 720 2816 proveniunt
744 2728 775 2792 in
804 2732 954 2816 operibus
978 2753 1033 2797 ιιι-

103 2834 191 2887 turae
215 2841 270 2908 per
292 2821 522 2905 corruptionem
546 2818 677 2903 alicujus
701 2818 839 2905 principii
866 2840 930 2885 non
955 2821 1034 2886 liunt
1124 2878 1128 2889 ι

103 2930 228 2996 εειιιρει
251 2911 300 2974 rel
321 2906 587 2995 frequenter,sed
612 2921 647 2973 ut
686 2908 715 2971 iu
752 2909 960 2994 paucioribus.
1000 2910 1033 2976 Si

104 3000 197 3083 igitur
231 3018 286 3084 per
315 2996 449 3061 vitiatam
487 2996 638 3080 originem
677 3012 835 3081 peccatum
875 3019 891 3063 o
931 3000 1032 3085 primo

104 3098 233 3174 parente
257 3087 288 3151 in
311 3098 451 3167 posteros
473 3085 641 3163 derivetur,
663 3105 727 3149 non
751 3085 906 3152 derivatur
946 3088 976 3151 in
1001 3108 1033 3151 o·

105 3194 195 3241 mnes
228 3173 336 3239 sedin
360 3173 479 3258 aliquos
503 3192 628 3259 paucos.

174 3263 345 3340 Praetereat
368 3261 399 3326 Si
424 3282 479 3349 per
501 3261 637 3325 vitiatam
662 3259 816 3345 originem
849 3260 958 3348 aliquis
982 3262 1035 3326 du·

105 3352 203 3418 iectus
227 3353 257 3416 io
280 3351 367 3438 prole
390 3349 558 3437 proueniat,
583 3348 724 3434 ejusdem
750 3350 875 3434 generis
914 3365 1034 3437 oportet

105 3461 173 3506 essc
196 3440 285 3505 ilium
309 3438 464 3504 delectum
487 3458 558 3502 cum
584 3440 657 3502 vitio
680 3438 732 3521 qui
767 3440 866 3504 estin
903 3438 1033 3523 origine,

106 3531 178 3618 quio
201 3528 329 3595 allectus
351 3541 423 3594 sunt
443 3524 620 3593 conformes
642 3526 705 3593 suis
728 3528 837 3593 causis.
863 3525 958 3614 Origo
981 3547 1035 3593 atr·
