<?xml version="1.0" encoding="UTF-8"?>
<!DOCTYPE html PUBLIC "-//W3C//DTD XHTML 1.0 Transitional//EN"
    "http://www.w3.org/TR/xhtml1/DTD/xhtml1-transitional.dtd">
<html xmlns="http://www.w3.org/1999/xhtml" xml:lang="en" lang="en">
 <head>
  <title>
</title>
<meta http-equiv="Content-Type" content="text/html;charset=utf-8" />
  <meta name='ocr-system' content='tesseract 3.04.00' />
  <meta name='ocr-capabilities' content='ocr_page ocr_carea ocr_par ocr_line ocrx_word'/>
</head>
<body>
  <div class='ocr_page' id='page_1' title='image "./sanctithomaeaqu01thomgoog_0299.png"; bbox 0 0 2484 3975; ppageno 0'>
   <div class='ocr_carea' id='block_1_1' title="bbox 445 202 1073 271">
    <p class='ocr_par' dir='ltr' id='par_1_1' title="bbox 445 202 1073 271">
     <span class='ocr_line' id='line_1_1' title="bbox 445 202 1073 271; baseline 0 -2"><span class='ocrx_word' id='word_1_1' title='bbox 445 224 499 269; x_wconf 82' lang='lat' dir='ltr'><strong>nra.</strong></span> <span class='ocrx_word' id='word_1_2' title='bbox 525 225 563 270; x_wconf 87' lang='lat' dir='ltr'><strong>iv.</strong></span> <span class='ocrx_word' id='word_1_3' title='bbox 588 222 651 271; x_wconf 79' lang='lat' dir='ltr'><strong>uir.</strong></span> <span class='ocrx_word' id='word_1_4' title='bbox 675 222 761 267; x_wconf 79' lang='lat' dir='ltr'><strong>nxsx.</strong></span> <span class='ocrx_word' id='word_1_5' title='bbox 1008 202 1073 269; x_wconf 71' lang='lat' dir='ltr'><strong>eti</strong></span> 
     </span>
    </p>
   </div>
   <div class='ocr_carea' id='block_1_2' title="bbox 306 378 917 589">
    <p class='ocr_par' dir='ltr' id='par_1_2' title="bbox 306 378 917 589">
     <span class='ocr_line' id='line_1_2' title="bbox 445 378 772 448; baseline -0.012 -1"><span class='ocrx_word' id='word_1_6' title='bbox 445 380 501 448; x_wconf 83' lang='lat' dir='ltr'><strong>et</strong></span> <span class='ocrx_word' id='word_1_7' title='bbox 517 381 540 446; x_wconf 78' lang='lat' dir='ltr'><strong>t&gt;</strong></span> <span class='ocrx_word' id='word_1_8' title='bbox 555 381 618 447; x_wconf 84' lang='lat' dir='ltr'><strong>UT</strong></span> <span class='ocrx_word' id='word_1_9' title='bbox 655 378 772 446; x_wconf 87' lang='lat' dir='ltr'><strong>LXXX.</strong></span> 
     </span>
     <span class='ocr_line' id='line_1_3' title="bbox 306 502 917 589; baseline -0.002 -21"><span class='ocrx_word' id='word_1_10' title='bbox 306 503 498 589; x_wconf 69' lang='lat' dir='ltr'><strong>Obiectiooec</strong></span> <span class='ocrx_word' id='word_1_11' title='bbox 520 516 628 569; x_wconf 85' lang='lat' dir='ltr'><strong>cootro</strong></span> <span class='ocrx_word' id='word_1_12' title='bbox 650 502 917 569; x_wconf 76' lang='lat' dir='ltr'><strong><em>resurrectionem.</em></strong></span> 
     </span>
    </p>
   </div>
   <div class='ocr_carea' id='block_1_3' title="bbox 105 642 1075 3575">
    <p class='ocr_par' dir='ltr' id='par_1_3' title="bbox 145 642 1071 822">
     <span class='ocr_line' id='line_1_4' title="bbox 212 642 1071 730; baseline 0 -20"><span class='ocrx_word' id='word_1_13' title='bbox 212 642 290 710; x_wconf 86' lang='lat' dir='ltr'><strong>Sunt</strong></span> <span class='ocrx_word' id='word_1_14' title='bbox 312 657 416 709; x_wconf 88' lang='lat' dir='ltr'><strong>autem</strong></span> <span class='ocrx_word' id='word_1_15' title='bbox 439 642 594 730; x_wconf 86' lang='lat' dir='ltr'><strong>quaedam</strong></span> <span class='ocrx_word' id='word_1_16' title='bbox 617 663 697 729; x_wconf 91' lang='lat' dir='ltr'><strong>quae</strong></span> <span class='ocrx_word' id='word_1_17' title='bbox 715 642 949 709; x_wconf 86' lang='lat' dir='ltr'><strong>resurrectionis</strong></span> <span class='ocrx_word' id='word_1_18' title='bbox 977 642 1071 710; x_wconf 89' lang='lat' dir='ltr'><strong>lidcm</strong></span> 
     </span>
     <span class='ocr_line' id='line_1_5' title="bbox 145 732 572 822; baseline -0.007 -23"><span class='ocrx_word' id='word_1_19' title='bbox 145 736 329 822; x_wconf 78' lang='lat' dir='ltr'><strong>impugnare</strong></span> <span class='ocrx_word' id='word_1_20' title='bbox 354 732 507 797; x_wconf 82' lang='lat' dir='ltr'><strong>sidentur.</strong></span> <span class='ocrx_word' id='word_1_21' title='bbox 569 786 572 795; x_wconf 94' lang='lat'><strong>.</strong></span> 
     </span>
    </p>

    <p class='ocr_par' dir='ltr' id='par_1_4' title="bbox 141 819 1075 1706">
     <span class='ocr_line' id='line_1_6' title="bbox 213 819 1075 891; baseline -0.001 -3"><span class='ocrx_word' id='word_1_22' title='bbox 213 821 245 888; x_wconf 95' lang='lat' dir='ltr'><strong>ln</strong></span> <span class='ocrx_word' id='word_1_23' title='bbox 271 821 370 891; x_wconf 85' lang='lat' dir='ltr'><strong>nulla</strong></span> <span class='ocrx_word' id='word_1_24' title='bbox 378 822 461 887; x_wconf 89' lang='lat' dir='ltr'><strong>enim</strong></span> <span class='ocrx_word' id='word_1_25' title='bbox 498 819 684 885; x_wconf 78' lang='lat' dir='ltr'><strong>naturalium</strong></span> <span class='ocrx_word' id='word_1_26' title='bbox 722 839 825 886; x_wconf 88' lang='lat' dir='ltr'><strong>rerum</strong></span> <span class='ocrx_word' id='word_1_27' title='bbox 862 820 1019 887; x_wconf 80' lang='lat' dir='ltr'><strong>invenitur</strong></span> <span class='ocrx_word' id='word_1_28' title='bbox 1042 819 1075 887; x_wconf 86' lang='lat' dir='ltr'><strong>itl</strong></span> 
     </span>
     <span class='ocr_line' id='line_1_7' title="bbox 143 907 1075 998; baseline -0.001 -22"><span class='ocrx_word' id='word_1_29' title='bbox 143 910 229 998; x_wconf 85' lang='lat' dir='ltr'><strong>quod</strong></span> <span class='ocrx_word' id='word_1_30' title='bbox 252 924 433 995; x_wconf 88' lang='lat' dir='ltr'><strong>corruptum</strong></span> <span class='ocrx_word' id='word_1_31' title='bbox 458 925 505 975; x_wconf 88' lang='lat' dir='ltr'><strong>est</strong></span> <span class='ocrx_word' id='word_1_32' title='bbox 528 909 609 974; x_wconf 88' lang='lat' dir='ltr'><strong>idem</strong></span> <span class='ocrx_word' id='word_1_33' title='bbox 636 929 768 973; x_wconf 88' lang='lat' dir='ltr'><strong>numero</strong></span> <span class='ocrx_word' id='word_1_34' title='bbox 798 907 948 974; x_wconf 89' lang='lat' dir='ltr'><strong>redire</strong></span> <span class='ocrx_word' id='word_1_35' title='bbox 940 931 972 974; x_wconf 87' lang='lat' dir='ltr'><strong>in</strong></span> <span class='ocrx_word' id='word_1_36' title='bbox 995 931 1075 991; x_wconf 88' lang='lat' dir='ltr'><strong>esse,</strong></span> 
     </span>
     <span class='ocr_line' id='line_1_8' title="bbox 142 997 1074 1085; baseline 0 -20"><span class='ocrx_word' id='word_1_37' title='bbox 142 1002 223 1066; x_wconf 83' lang='lat' dir='ltr'><strong>sicut</strong></span> <span class='ocrx_word' id='word_1_38' title='bbox 246 1020 302 1065; x_wconf 91' lang='lat' dir='ltr'><strong>nec</strong></span> <span class='ocrx_word' id='word_1_39' title='bbox 326 998 366 1063; x_wconf 81' lang='lat' dir='ltr'><strong>alr</strong></span> <span class='ocrx_word' id='word_1_40' title='bbox 389 999 491 1085; x_wconf 87' lang='lat' dir='ltr'><strong>aliqua</strong></span> <span class='ocrx_word' id='word_1_41' title='bbox 516 997 686 1085; x_wconf 87' lang='lat' dir='ltr'><strong>privatione</strong></span> <span class='ocrx_word' id='word_1_42' title='bbox 712 998 750 1062; x_wconf 88' lang='lat' dir='ltr'><strong>atl</strong></span> <span class='ocrx_word' id='word_1_43' title='bbox 777 999 916 1063; x_wconf 84' lang='lat' dir='ltr'><strong>habitum</strong></span> <span class='ocrx_word' id='word_1_44' title='bbox 952 1000 1074 1065; x_wconf 88' lang='lat' dir='ltr'><strong>videtur</strong></span> 
     </span>
     <span class='ocr_line' id='line_1_9' title="bbox 143 1088 1073 1175; baseline -0.001 -21"><span class='ocrx_word' id='word_1_45' title='bbox 143 1110 235 1175; x_wconf 86' lang='lat' dir='ltr'><strong>posse</strong></span> <span class='ocrx_word' id='word_1_46' title='bbox 259 1088 363 1163; x_wconf 88' lang='lat' dir='ltr'><strong>rediri;</strong></span> <span class='ocrx_word' id='word_1_47' title='bbox 386 1102 416 1152; x_wconf 89' lang='lat' dir='ltr'><strong>et</strong></span> <span class='ocrx_word' id='word_1_48' title='bbox 440 1088 521 1165; x_wconf 87' lang='lat' dir='ltr'><strong>iden,</strong></span> <span class='ocrx_word' id='word_1_49' title='bbox 544 1089 614 1173; x_wconf 90' lang='lat' dir='ltr'><strong>quia</strong></span> <span class='ocrx_word' id='word_1_50' title='bbox 640 1106 720 1173; x_wconf 90' lang='lat' dir='ltr'><strong>quae</strong></span> <span class='ocrx_word' id='word_1_51' title='bbox 754 1102 997 1173; x_wconf 88' lang='lat' dir='ltr'><strong>corrumpuntur</strong></span> <span class='ocrx_word' id='word_1_52' title='bbox 1020 1110 1073 1153; x_wconf 90' lang='lat' dir='ltr'><strong>ea·</strong></span> 
     </span>
     <span class='ocr_line' id='line_1_10' title="bbox 143 1176 1073 1260; baseline -0.001 -17"><span class='ocrx_word' id='word_1_53' title='bbox 143 1178 216 1243; x_wconf 90' lang='lat' dir='ltr'><strong>dem</strong></span> <span class='ocrx_word' id='word_1_54' title='bbox 242 1196 373 1243; x_wconf 89' lang='lat' dir='ltr'><strong>numero</strong></span> <span class='ocrx_word' id='word_1_55' title='bbox 397 1176 500 1241; x_wconf 85' lang='lat' dir='ltr'><strong>iterari</strong></span> <span class='ocrx_word' id='word_1_56' title='bbox 536 1196 597 1241; x_wconf 91' lang='lat' dir='ltr'><strong>non</strong></span> <span class='ocrx_word' id='word_1_57' title='bbox 623 1188 761 1260; x_wconf 84' lang='lat' dir='ltr'><strong>possunt,</strong></span> <span class='ocrx_word' id='word_1_58' title='bbox 798 1191 905 1241; x_wconf 87' lang='lat' dir='ltr'><strong>natura</strong></span> <span class='ocrx_word' id='word_1_59' title='bbox 942 1177 1073 1243; x_wconf 74' lang='lat' dir='ltr'><strong>intendit</strong></span> 
     </span>
     <span class='ocr_line' id='line_1_11' title="bbox 143 1264 1074 1352; baseline 0.001 -22"><span class='ocrx_word' id='word_1_60' title='bbox 143 1281 177 1331; x_wconf 94' lang='lat' dir='ltr'><strong>ut</strong></span> <span class='ocrx_word' id='word_1_61' title='bbox 201 1266 231 1332; x_wconf 92' lang='lat' dir='ltr'><strong>id</strong></span> <span class='ocrx_word' id='word_1_62' title='bbox 256 1267 339 1352; x_wconf 83' lang='lat' dir='ltr'><strong>quotl</strong></span> <span class='ocrx_word' id='word_1_63' title='bbox 364 1265 574 1351; x_wconf 75' lang='lat' dir='ltr'><strong>corrumpitur</strong></span> <span class='ocrx_word' id='word_1_64' title='bbox 602 1264 685 1328; x_wconf 89' lang='lat' dir='ltr'><strong>idem</strong></span> <span class='ocrx_word' id='word_1_65' title='bbox 709 1265 813 1348; x_wconf 87' lang='lat' dir='ltr'><strong>specie</strong></span> <span class='ocrx_word' id='word_1_66' title='bbox 848 1286 903 1345; x_wconf 89' lang='lat' dir='ltr'><strong>per</strong></span> <span class='ocrx_word' id='word_1_67' title='bbox 942 1288 1074 1349; x_wconf 86' lang='lat' dir='ltr'><strong>gencra-</strong></span> 
     </span>
     <span class='ocr_line' id='line_1_12' title="bbox 142 1352 1071 1439; baseline 0 -19"><span class='ocrx_word' id='word_1_68' title='bbox 142 1355 259 1420; x_wconf 89' lang='lat' dir='ltr'><strong>tionem</strong></span> <span class='ocrx_word' id='word_1_69' title='bbox 283 1367 492 1420; x_wconf 80' lang='lat' dir='ltr'><strong>conservetur.</strong></span> <span class='ocrx_word' id='word_1_70' title='bbox 519 1353 596 1419; x_wconf 89' lang='lat' dir='ltr'><strong>Cum</strong></span> <span class='ocrx_word' id='word_1_71' title='bbox 622 1352 715 1436; x_wconf 78' lang='lat' dir='ltr'><strong>igitur</strong></span> <span class='ocrx_word' id='word_1_72' title='bbox 738 1354 881 1418; x_wconf 85' lang='lat' dir='ltr'><strong>homines</strong></span> <span class='ocrx_word' id='word_1_73' title='bbox 910 1376 1071 1439; x_wconf 72' lang='lat' dir='ltr'><strong>permor-</strong></span> 
     </span>
     <span class='ocr_line' id='line_1_13' title="bbox 142 1442 1071 1530; baseline 0.001 -22"><span class='ocrx_word' id='word_1_74' title='bbox 142 1457 206 1509; x_wconf 88' lang='lat' dir='ltr'><strong>tem</strong></span> <span class='ocrx_word' id='word_1_75' title='bbox 229 1458 468 1529; x_wconf 83' lang='lat' dir='ltr'><strong>corrumpantur</strong></span> <span class='ocrx_word' id='word_1_76' title='bbox 491 1443 654 1530; x_wconf 84' lang='lat' dir='ltr'><strong>ipsumque</strong></span> <span class='ocrx_word' id='word_1_77' title='bbox 677 1462 790 1527; x_wconf 86' lang='lat' dir='ltr'><strong>corpus</strong></span> <span class='ocrx_word' id='word_1_78' title='bbox 813 1442 947 1508; x_wconf 87' lang='lat' dir='ltr'><strong>hominis</strong></span> <span class='ocrx_word' id='word_1_79' title='bbox 971 1465 1071 1530; x_wconf 87' lang='lat' dir='ltr'><strong>usquc</strong></span> 
     </span>
     <span class='ocr_line' id='line_1_14' title="bbox 141 1531 1071 1618; baseline 0.001 -21"><span class='ocrx_word' id='word_1_80' title='bbox 141 1532 182 1597; x_wconf 89' lang='lat' dir='ltr'><strong>ad</strong></span> <span class='ocrx_word' id='word_1_81' title='bbox 207 1534 305 1616; x_wconf 89' lang='lat' dir='ltr'><strong>prima</strong></span> <span class='ocrx_word' id='word_1_82' title='bbox 330 1533 481 1597; x_wconf 88' lang='lat' dir='ltr'><strong>elementa</strong></span> <span class='ocrx_word' id='word_1_83' title='bbox 506 1531 686 1605; x_wconf 88' lang='lat' dir='ltr'><strong>resolvatur,</strong></span> <span class='ocrx_word' id='word_1_84' title='bbox 727 1553 788 1595; x_wconf 82' lang='lat' dir='ltr'><strong>riou</strong></span> <span class='ocrx_word' id='word_1_85' title='bbox 829 1531 950 1597; x_wconf 79' lang='lat' dir='ltr'><strong>videtur</strong></span> <span class='ocrx_word' id='word_1_86' title='bbox 988 1534 1071 1618; x_wconf 89' lang='lat' dir='ltr'><strong>quod</strong></span> 
     </span>
     <span class='ocr_line' id='line_1_15' title="bbox 141 1619 981 1706; baseline -0.002 -20"><span class='ocrx_word' id='word_1_87' title='bbox 141 1620 225 1686; x_wconf 87' lang='lat' dir='ltr'><strong>idem</strong></span> <span class='ocrx_word' id='word_1_88' title='bbox 249 1642 381 1685; x_wconf 88' lang='lat' dir='ltr'><strong>numero</strong></span> <span class='ocrx_word' id='word_1_89' title='bbox 405 1622 500 1684; x_wconf 87' lang='lat' dir='ltr'><strong>homo</strong></span> <span class='ocrx_word' id='word_1_90' title='bbox 524 1622 619 1705; x_wconf 79' lang='lat' dir='ltr'><strong>possit</strong></span> <span class='ocrx_word' id='word_1_91' title='bbox 634 1621 780 1706; x_wconf 74' lang='lat' dir='ltr'><strong>‚reparari</strong></span> <span class='ocrx_word' id='word_1_92' title='bbox 806 1621 845 1685; x_wconf 89' lang='lat' dir='ltr'><strong>ad</strong></span> <span class='ocrx_word' id='word_1_93' title='bbox 876 1619 981 1686; x_wconf 81' lang='lat' dir='ltr'><strong>vitam.</strong></span> 
     </span>
    </p>

    <p class='ocr_par' dir='ltr' id='par_1_5' title="bbox 105 1708 1074 3127">
     <span class='ocr_line' id='line_1_16' title="bbox 207 1708 1073 1795; baseline 0.002 -22"><span class='ocrx_word' id='word_1_94' title='bbox 207 1710 293 1783; x_wconf 75' lang='lat' dir='ltr'><strong>leem,</strong></span> <span class='ocrx_word' id='word_1_95' title='bbox 319 1708 509 1795; x_wconf 77' lang='lat' dir='ltr'><strong>{inpossibile</strong></span> <span class='ocrx_word' id='word_1_96' title='bbox 532 1722 668 1773; x_wconf 86' lang='lat' dir='ltr'><strong>estesse</strong></span> <span class='ocrx_word' id='word_1_97' title='bbox 705 1708 787 1772; x_wconf 89' lang='lat' dir='ltr'><strong>idem</strong></span> <span class='ocrx_word' id='word_1_98' title='bbox 825 1728 960 1773; x_wconf 85' lang='lat' dir='ltr'><strong>numero</strong></span> <span class='ocrx_word' id='word_1_99' title='bbox 983 1711 1073 1794; x_wconf 86' lang='lat' dir='ltr'><strong>(id)</strong></span> 
     </span>
     <span class='ocr_line' id='line_1_17' title="bbox 140 1796 1071 1897; baseline 0.001 -34"><span class='ocrx_word' id='word_1_100' title='bbox 140 1798 229 1883; x_wconf 84' lang='lat' dir='ltr'><strong>cujus</strong></span> <span class='ocrx_word' id='word_1_101' title='bbox 240 1798 364 1883; x_wconf 81' lang='lat' dir='ltr'><strong>aliquod</strong></span> <span class='ocrx_word' id='word_1_102' title='bbox 378 1797 587 1867; x_wconf 75' lang='lat' dir='ltr'><strong>essentialium</strong></span> <span class='ocrx_word' id='word_1_103' title='bbox 601 1797 825 1897; x_wconf 79' lang='lat' dir='ltr'><strong>principiorum</strong></span> <span class='ocrx_word' id='word_1_104' title='bbox 841 1796 923 1861; x_wconf 84' lang='lat' dir='ltr'><strong>idem</strong></span> <span class='ocrx_word' id='word_1_105' title='bbox 939 1819 1071 1864; x_wconf 90' lang='lat' dir='ltr'><strong>numcro</strong></span> 
     </span>
     <span class='ocr_line' id='line_1_18' title="bbox 139 1886 1071 1990; baseline 0 -38"><span class='ocrx_word' id='word_1_106' title='bbox 139 1906 210 1953; x_wconf 86' lang='lat' dir='ltr'><strong>esse</strong></span> <span class='ocrx_word' id='word_1_107' title='bbox 233 1908 295 1951; x_wconf 90' lang='lat' dir='ltr'><strong>non</strong></span> <span class='ocrx_word' id='word_1_108' title='bbox 320 1900 430 1990; x_wconf 77' lang='lat' dir='ltr'><strong>potest3</strong></span> <span class='ocrx_word' id='word_1_109' title='bbox 458 1906 543 1965; x_wconf 91' lang='lat' dir='ltr'><strong>nam,</strong></span> <span class='ocrx_word' id='word_1_110' title='bbox 565 1886 719 1951; x_wconf 82' lang='lat' dir='ltr'><strong>essentiali</strong></span> <span class='ocrx_word' id='word_1_111' title='bbox 757 1887 906 1972; x_wconf 89' lang='lat' dir='ltr'><strong>principio</strong></span> <span class='ocrx_word' id='word_1_112' title='bbox 944 1888 1071 1967; x_wconf 80' lang='lat' dir='ltr'><strong>variato,</strong></span> 
     </span>
     <span class='ocr_line' id='line_1_19' title="bbox 140 1976 1071 2063; baseline 0.002 -21"><span class='ocrx_word' id='word_1_113' title='bbox 140 1997 266 2063; x_wconf 84' lang='lat' dir='ltr'><strong>semper</strong></span> <span class='ocrx_word' id='word_1_114' title='bbox 289 1976 423 2042; x_wconf 90' lang='lat' dir='ltr'><strong>variatur</strong></span> <span class='ocrx_word' id='word_1_115' title='bbox 450 1978 581 2042; x_wconf 84' lang='lat' dir='ltr'><strong>essentie</strong></span> <span class='ocrx_word' id='word_1_116' title='bbox 606 1976 661 2048; x_wconf 89' lang='lat' dir='ltr'><strong>rei,</strong></span> <span class='ocrx_word' id='word_1_117' title='bbox 686 1996 740 2061; x_wconf 85' lang='lat' dir='ltr'><strong>per</strong></span> <span class='ocrx_word' id='word_1_118' title='bbox 763 1995 856 2060; x_wconf 86' lang='lat' dir='ltr'><strong>quain</strong></span> <span class='ocrx_word' id='word_1_119' title='bbox 894 1994 954 2055; x_wconf 89' lang='lat' dir='ltr'><strong>res,</strong></span> <span class='ocrx_word' id='word_1_120' title='bbox 992 1980 1071 2044; x_wconf 88' lang='lat' dir='ltr'><strong>sicut</strong></span> 
     </span>
     <span class='ocr_line' id='line_1_20' title="bbox 140 2065 1070 2150; baseline -0.003 -15"><span class='ocrx_word' id='word_1_121' title='bbox 140 2080 198 2140; x_wconf 80' lang='lat' dir='ltr'><strong>est,</strong></span> <span class='ocrx_word' id='word_1_122' title='bbox 223 2066 262 2129; x_wconf 89' lang='lat' dir='ltr'><strong>ita</strong></span> <span class='ocrx_word' id='word_1_123' title='bbox 286 2079 315 2130; x_wconf 90' lang='lat' dir='ltr'><strong>et</strong></span> <span class='ocrx_word' id='word_1_124' title='bbox 339 2087 399 2130; x_wconf 88' lang='lat' dir='ltr'><strong>una</strong></span> <span class='ocrx_word' id='word_1_125' title='bbox 423 2079 478 2130; x_wconf 89' lang='lat' dir='ltr'><strong>est</strong></span> <span class='ocrx_word' id='word_1_126' title='bbox 503 2065 594 2150; x_wconf 85' lang='lat' dir='ltr'><strong>Quod</strong></span> <span class='ocrx_word' id='word_1_127' title='bbox 619 2078 722 2129; x_wconf 88' lang='lat' dir='ltr'><strong>autem</strong></span> <span class='ocrx_word' id='word_1_128' title='bbox 754 2066 884 2129; x_wconf 88' lang='lat' dir='ltr'><strong>omnino</strong></span> <span class='ocrx_word' id='word_1_129' title='bbox 921 2065 1045 2131; x_wconf 83' lang='lat' dir='ltr'><strong>redit&#39;</strong></span> <span class='ocrx_word' id='word_1_130' title='bbox 1039 2089 1070 2132; x_wconf 86' lang='lat' dir='ltr'><strong>in</strong></span> 
     </span>
     <span class='ocr_line' id='line_1_21' title="bbox 141 2154 1072 2241; baseline 0.002 -22"><span class='ocrx_word' id='word_1_131' title='bbox 141 2155 274 2219; x_wconf 87' lang='lat' dir='ltr'><strong>nihilum</strong></span> <span class='ocrx_word' id='word_1_132' title='bbox 299 2154 381 2219; x_wconf 90' lang='lat' dir='ltr'><strong>idem</strong></span> <span class='ocrx_word' id='word_1_133' title='bbox 405 2173 536 2219; x_wconf 84' lang='lat' dir='ltr'><strong>numero</strong></span> <span class='ocrx_word' id='word_1_134' title='bbox 572 2156 686 2218; x_wconf 84' lang='lat' dir='ltr'><strong>resumi</strong></span> <span class='ocrx_word' id='word_1_135' title='bbox 722 2174 784 2216; x_wconf 90' lang='lat' dir='ltr'><strong>non</strong></span> <span class='ocrx_word' id='word_1_136' title='bbox 821 2168 935 2239; x_wconf 84' lang='lat' dir='ltr'><strong>potest;</strong></span> <span class='ocrx_word' id='word_1_137' title='bbox 969 2157 1072 2241; x_wconf 88' lang='lat' dir='ltr'><strong>potius</strong></span> 
     </span>
     <span class='ocr_line' id='line_1_22' title="bbox 142 2241 1070 2328; baseline 0.002 -20"><span class='ocrx_word' id='word_1_138' title='bbox 142 2244 227 2308; x_wconf 89' lang='lat' dir='ltr'><strong>enim</strong></span> <span class='ocrx_word' id='word_1_139' title='bbox 251 2244 309 2306; x_wconf 88' lang='lat' dir='ltr'><strong>crit</strong></span> <span class='ocrx_word' id='word_1_140' title='bbox 333 2261 430 2307; x_wconf 86' lang='lat' dir='ltr'><strong>novae</strong></span> <span class='ocrx_word' id='word_1_141' title='bbox 449 2244 492 2306; x_wconf 88' lang='lat' dir='ltr'><strong>rei</strong></span> <span class='ocrx_word' id='word_1_142' title='bbox 510 2244 624 2308; x_wconf 88' lang='lat' dir='ltr'><strong>creatio</strong></span> <span class='ocrx_word' id='word_1_143' title='bbox 639 2263 731 2327; x_wconf 84' lang='lat' dir='ltr'><strong>quain</strong></span> <span class='ocrx_word' id='word_1_144' title='bbox 746 2241 886 2326; x_wconf 88' lang='lat' dir='ltr'><strong>ejusdcm</strong></span> <span class='ocrx_word' id='word_1_145' title='bbox 906 2245 1070 2328; x_wconf 88' lang='lat' dir='ltr'><strong>reparatio.</strong></span> 
     </span>
     <span class='ocr_line' id='line_1_23' title="bbox 144 2330 1071 2418; baseline 0.003 -23"><span class='ocrx_word' id='word_1_146' title='bbox 144 2331 295 2396; x_wconf 87' lang='lat' dir='ltr'><strong>Videntur</strong></span> <span class='ocrx_word' id='word_1_147' title='bbox 330 2345 432 2395; x_wconf 89' lang='lat' dir='ltr'><strong>autem</strong></span> <span class='ocrx_word' id='word_1_148' title='bbox 470 2330 557 2418; x_wconf 88' lang='lat' dir='ltr'><strong>plura</strong></span> <span class='ocrx_word' id='word_1_149' title='bbox 596 2331 817 2417; x_wconf 83' lang='lat' dir='ltr'><strong>principiorum</strong></span> <span class='ocrx_word' id='word_1_150' title='bbox 857 2331 1071 2401; x_wconf 87' lang='lat' dir='ltr'><strong>essentialium</strong></span> 
     </span>
     <span class='ocr_line' id='line_1_24' title="bbox 144 2419 1074 2506; baseline 0.001 -20"><span class='ocrx_word' id='word_1_151' title='bbox 144 2420 279 2486; x_wconf 85' lang='lat' dir='ltr'><strong>hominis</strong></span> <span class='ocrx_word' id='word_1_152' title='bbox 303 2440 358 2506; x_wconf 85' lang='lat' dir='ltr'><strong>per</strong></span> <span class='ocrx_word' id='word_1_153' title='bbox 381 2419 448 2505; x_wconf 86' lang='lat' dir='ltr'><strong>ejus</strong></span> <span class='ocrx_word' id='word_1_154' title='bbox 477 2433 608 2484; x_wconf 89' lang='lat' dir='ltr'><strong>mortem</strong></span> <span class='ocrx_word' id='word_1_155' title='bbox 649 2421 679 2484; x_wconf 88' lang='lat' dir='ltr'><strong>in</strong></span> <span class='ocrx_word' id='word_1_156' title='bbox 716 2420 847 2484; x_wconf 86' lang='lat' dir='ltr'><strong>nihilum</strong></span> <span class='ocrx_word' id='word_1_157' title='bbox 887 2420 998 2486; x_wconf 85' lang='lat' dir='ltr'><strong>redire:</strong></span> <span class='ocrx_word' id='word_1_158' title='bbox 1041 2437 1074 2487; x_wconf 83' lang='lat' dir='ltr'><strong>ct</strong></span> 
     </span>
     <span class='ocr_line' id='line_1_25' title="bbox 145 2506 1072 2595; baseline 0.001 -22"><span class='ocrx_word' id='word_1_159' title='bbox 145 2509 246 2595; x_wconf 86' lang='lat' dir='ltr'><strong>primo</strong></span> <span class='ocrx_word' id='word_1_160' title='bbox 269 2510 407 2595; x_wconf 89' lang='lat' dir='ltr'><strong>quidem,</strong></span> <span class='ocrx_word' id='word_1_161' title='bbox 430 2509 495 2595; x_wconf 87' lang='lat' dir='ltr'><strong>ipsa</strong></span> <span class='ocrx_word' id='word_1_162' title='bbox 519 2510 709 2593; x_wconf 88' lang='lat' dir='ltr'><strong>corporeitas</strong></span> <span class='ocrx_word' id='word_1_163' title='bbox 733 2520 762 2571; x_wconf 89' lang='lat' dir='ltr'><strong>ct</strong></span> <span class='ocrx_word' id='word_1_164' title='bbox 787 2506 885 2571; x_wconf 88' lang='lat' dir='ltr'><strong>lorma</strong></span> <span class='ocrx_word' id='word_1_165' title='bbox 903 2511 1072 2590; x_wconf 85' lang='lat' dir='ltr'><strong>mixtionis,</strong></span> 
     </span>
     <span class='ocr_line' id='line_1_26' title="bbox 141 2595 1069 2700; baseline 0 -37"><span class='ocrx_word' id='word_1_166' title='bbox 141 2618 214 2663; x_wconf 87' lang='lat' dir='ltr'><strong>cum</strong></span> <span class='ocrx_word' id='word_1_167' title='bbox 239 2619 352 2700; x_wconf 81' lang='lat' dir='ltr'><strong>corpus</strong></span> <span class='ocrx_word' id='word_1_168' title='bbox 376 2596 537 2663; x_wconf 81' lang='lat' dir='ltr'><strong>manifeste</strong></span> <span class='ocrx_word' id='word_1_169' title='bbox 561 2596 756 2668; x_wconf 63' lang='lat' dir='ltr'><strong>dissolvatuts</strong></span> <span class='ocrx_word' id='word_1_170' title='bbox 781 2595 894 2663; x_wconf 84' lang='lat' dir='ltr'><strong>deiude</strong></span> <span class='ocrx_word' id='word_1_171' title='bbox 911 2617 981 2681; x_wconf 90' lang='lat' dir='ltr'><strong>pars</strong></span> <span class='ocrx_word' id='word_1_172' title='bbox 1003 2600 1069 2662; x_wconf 88' lang='lat' dir='ltr'><strong>ani-</strong></span> 
     </span>
     <span class='ocr_line' id='line_1_27' title="bbox 142 2686 1067 2771; baseline 0 -19"><span class='ocrx_word' id='word_1_173' title='bbox 142 2706 213 2752; x_wconf 92' lang='lat' dir='ltr'><strong>mae</strong></span> <span class='ocrx_word' id='word_1_174' title='bbox 237 2688 380 2752; x_wconf 85' lang='lat' dir='ltr'><strong>sensitiva</strong></span> <span class='ocrx_word' id='word_1_175' title='bbox 405 2701 434 2752; x_wconf 89' lang='lat' dir='ltr'><strong>et</strong></span> <span class='ocrx_word' id='word_1_176' title='bbox 457 2685 614 2763; x_wconf 81' lang='lat' dir='ltr'><strong>nutritiva,</strong></span> <span class='ocrx_word' id='word_1_177' title='bbox 638 2706 717 2770; x_wconf 87' lang='lat' dir='ltr'><strong>qnae</strong></span> <span class='ocrx_word' id='word_1_178' title='bbox 740 2686 806 2748; x_wconf 88' lang='lat' dir='ltr'><strong>siue</strong></span> <span class='ocrx_word' id='word_1_179' title='bbox 835 2686 992 2771; x_wconf 88' lang='lat' dir='ltr'><strong>corporeis</strong></span> <span class='ocrx_word' id='word_1_180' title='bbox 1016 2709 1067 2752; x_wconf 91' lang='lat' dir='ltr'><strong>or·</strong></span> 
     </span>
     <span class='ocr_line' id='line_1_28' title="bbox 140 2773 1069 2863; baseline 0.004 -25"><span class='ocrx_word' id='word_1_181' title='bbox 140 2780 229 2856; x_wconf 63' lang='lat' dir='ltr'><strong>canis</strong></span> <span class='ocrx_word' id='word_1_182' title='bbox 252 2796 319 2841; x_wconf 83' lang='lat' dir='ltr'><strong>esse</strong></span> <span class='ocrx_word' id='word_1_183' title='bbox 342 2797 405 2842; x_wconf 91' lang='lat' dir='ltr'><strong>non</strong></span> <span class='ocrx_word' id='word_1_184' title='bbox 430 2790 567 2862; x_wconf 89' lang='lat' dir='ltr'><strong>possunt;</strong></span> <span class='ocrx_word' id='word_1_185' title='bbox 592 2775 719 2840; x_wconf 84' lang='lat' dir='ltr'><strong>ulterius</strong></span> <span class='ocrx_word' id='word_1_186' title='bbox 743 2790 858 2863; x_wconf 84' lang='lat' dir='ltr'><strong>autem,</strong></span> <span class='ocrx_word' id='word_1_187' title='bbox 882 2773 911 2837; x_wconf 90' lang='lat' dir='ltr'><strong>in</strong></span> <span class='ocrx_word' id='word_1_188' title='bbox 937 2777 1069 2842; x_wconf 86' lang='lat' dir='ltr'><strong>nihilum</strong></span> 
     </span>
     <span class='ocr_line' id='line_1_29' title="bbox 105 2857 1071 2950; baseline 0.003 -23"><span class='ocrx_word' id='word_1_189' title='bbox 105 2897 108 2906; x_wconf 46' lang='lat' dir='ltr'>v</span> <span class='ocrx_word' id='word_1_190' title='bbox 143 2864 264 2930; x_wconf 81' lang='lat' dir='ltr'><strong>uidetur</strong></span> <span class='ocrx_word' id='word_1_191' title='bbox 287 2864 418 2929; x_wconf 86' lang='lat' dir='ltr'><strong>redire&#39;</strong></span> <span class='ocrx_word' id='word_1_192' title='bbox 410 2885 476 2950; x_wconf 87' lang='lat' dir='ltr'><strong>ipsa</strong></span> <span class='ocrx_word' id='word_1_193' title='bbox 513 2865 699 2940; x_wconf 81' lang='lat' dir='ltr'><strong>humanitas,</strong></span> <span class='ocrx_word' id='word_1_194' title='bbox 712 2883 814 2949; x_wconf 88' lang='lat' dir='ltr'><strong>quac</strong></span> <span class='ocrx_word' id='word_1_195' title='bbox 837 2857 963 2927; x_wconf 88' lang='lat' dir='ltr'><strong>dicitur</strong></span> <span class='ocrx_word' id='word_1_196' title='bbox 1004 2885 1071 2930; x_wconf 87' lang='lat' dir='ltr'><strong>esse</strong></span> 
     </span>
     <span class='ocr_line' id='line_1_30' title="bbox 142 2943 1071 3038; baseline 0.005 -23"><span class='ocrx_word' id='word_1_197' title='bbox 142 2950 241 3018; x_wconf 88' lang='lat' dir='ltr'><strong>lorma</strong></span> <span class='ocrx_word' id='word_1_198' title='bbox 267 2954 369 3030; x_wconf 90' lang='lat' dir='ltr'><strong>totius,</strong></span> <span class='ocrx_word' id='word_1_199' title='bbox 393 2955 495 3018; x_wconf 84' lang='lat' dir='ltr'><strong>anima</strong></span> <span class='ocrx_word' id='word_1_200' title='bbox 515 2975 536 3017; x_wconf 90' lang='lat' dir='ltr'><strong>a</strong></span> <span class='ocrx_word' id='word_1_201' title='bbox 561 2973 691 3038; x_wconf 86' lang='lat' dir='ltr'><strong>corpore</strong></span> <span class='ocrx_word' id='word_1_202' title='bbox 707 2943 857 3037; x_wconf 83' lang='lat' dir='ltr'><strong>separata.</strong></span> <span class='ocrx_word' id='word_1_203' title='bbox 875 2952 1071 3038; x_wconf 82' lang='lat' dir='ltr'><strong>lmpossibile</strong></span> 
     </span>
     <span class='ocr_line' id='line_1_31' title="bbox 140 3040 1068 3127; baseline 0.004 -23"><span class='ocrx_word' id='word_1_204' title='bbox 140 3040 236 3124; x_wconf 72' lang='lat' dir='ltr'><strong>igitur</strong></span> <span class='ocrx_word' id='word_1_205' title='bbox 259 3041 380 3106; x_wconf 87' lang='lat' dir='ltr'><strong>videtur</strong></span> <span class='ocrx_word' id='word_1_206' title='bbox 402 3041 485 3127; x_wconf 83' lang='lat' dir='ltr'><strong>quod</strong></span> <span class='ocrx_word' id='word_1_207' title='bbox 510 3042 605 3107; x_wconf 85' lang='lat' dir='ltr'><strong>liomo</strong></span> <span class='ocrx_word' id='word_1_208' title='bbox 630 3041 713 3105; x_wconf 89' lang='lat' dir='ltr'><strong>idem</strong></span> <span class='ocrx_word' id='word_1_209' title='bbox 751 3060 884 3104; x_wconf 86' lang='lat' dir='ltr'><strong>numero</strong></span> <span class='ocrx_word' id='word_1_210' title='bbox 918 3057 1068 3126; x_wconf 79' lang='lat' dir='ltr'><strong>resurgat.</strong></span> 
     </span>
    </p>

    <p class='ocr_par' dir='ltr' id='par_1_6' title="bbox 138 3129 1073 3575">
     <span class='ocr_line' id='line_1_32' title="bbox 207 3129 1069 3211; baseline 0.003 -18"><span class='ocrx_word' id='word_1_211' title='bbox 207 3129 325 3205; x_wconf 83' lang='lat' dir='ltr'><strong>Adhuc,</strong></span> <span class='ocrx_word' id='word_1_212' title='bbox 349 3129 440 3211; x_wconf 88' lang='lat' dir='ltr'><strong>Quod</strong></span> <span class='ocrx_word' id='word_1_213' title='bbox 465 3149 527 3194; x_wconf 88' lang='lat' dir='ltr'><strong>nou</strong></span> <span class='ocrx_word' id='word_1_214' title='bbox 551 3143 597 3193; x_wconf 87' lang='lat' dir='ltr'><strong>est</strong></span> <span class='ocrx_word' id='word_1_215' title='bbox 620 3133 803 3193; x_wconf 86' lang='lat' dir='ltr'><strong>continuum</strong></span> <span class='ocrx_word' id='word_1_216' title='bbox 829 3129 912 3192; x_wconf 87' lang='lat' dir='ltr'><strong>idem</strong></span> <span class='ocrx_word' id='word_1_217' title='bbox 936 3150 1069 3196; x_wconf 88' lang='lat' dir='ltr'><strong>numero</strong></span> 
     </span>
     <span class='ocr_line' id='line_1_33' title="bbox 140 3217 1071 3303; baseline 0.002 -21"><span class='ocrx_word' id='word_1_218' title='bbox 140 3235 293 3284; x_wconf 84' lang='lat' dir='ltr'><strong>essenon</strong></span> <span class='ocrx_word' id='word_1_219' title='bbox 320 3218 450 3295; x_wconf 67' lang='lat' dir='ltr'><strong>videtum</strong></span> <span class='ocrx_word' id='word_1_220' title='bbox 473 3217 555 3303; x_wconf 85' lang='lat' dir='ltr'><strong>quod</strong></span> <span class='ocrx_word' id='word_1_221' title='bbox 579 3217 708 3303; x_wconf 85' lang='lat' dir='ltr'><strong>quidem</strong></span> <span class='ocrx_word' id='word_1_222' title='bbox 734 3237 796 3280; x_wconf 92' lang='lat' dir='ltr'><strong>nnn</strong></span> <span class='ocrx_word' id='word_1_223' title='bbox 820 3218 923 3284; x_wconf 88' lang='lat' dir='ltr'><strong>solum</strong></span> <span class='ocrx_word' id='word_1_224' title='bbox 949 3218 979 3282; x_wconf 91' lang='lat' dir='ltr'><strong>in</strong></span> <span class='ocrx_word' id='word_1_225' title='bbox 1005 3243 1071 3284; x_wconf 87' lang='lat' dir='ltr'><strong>ina·</strong></span> 
     </span>
     <span class='ocr_line' id='line_1_34' title="bbox 140 3304 1071 3389; baseline 0.005 -21"><span class='ocrx_word' id='word_1_226' title='bbox 140 3305 351 3389; x_wconf 81' lang='lat' dir='ltr'><strong>gnitutlinibus</strong></span> <span class='ocrx_word' id='word_1_227' title='bbox 375 3320 405 3372; x_wconf 90' lang='lat' dir='ltr'><strong>et</strong></span> <span class='ocrx_word' id='word_1_228' title='bbox 429 3305 562 3372; x_wconf 87' lang='lat' dir='ltr'><strong>motibus</strong></span> <span class='ocrx_word' id='word_1_229' title='bbox 586 3304 786 3370; x_wconf 82' lang='lat' dir='ltr'><strong>manifestum</strong></span> <span class='ocrx_word' id='word_1_230' title='bbox 810 3321 867 3384; x_wconf 86' lang='lat' dir='ltr'><strong>cst,</strong></span> <span class='ocrx_word' id='word_1_231' title='bbox 898 3305 953 3370; x_wconf 91' lang='lat' dir='ltr'><strong>sed</strong></span> <span class='ocrx_word' id='word_1_232' title='bbox 978 3311 1071 3374; x_wconf 88' lang='lat' dir='ltr'><strong>etiam</strong></span> 
     </span>
     <span class='ocr_line' id='line_1_35' title="bbox 141 3394 1073 3480; baseline 0.005 -23"><span class='ocrx_word' id='word_1_233' title='bbox 141 3397 172 3457; x_wconf 93' lang='lat' dir='ltr'><strong>in</strong></span> <span class='ocrx_word' id='word_1_234' title='bbox 196 3394 392 3480; x_wconf 86' lang='lat' dir='ltr'><strong>qualitatibus</strong></span> <span class='ocrx_word' id='word_1_235' title='bbox 416 3409 446 3460; x_wconf 88' lang='lat' dir='ltr'><strong>et</strong></span> <span class='ocrx_word' id='word_1_236' title='bbox 468 3395 587 3471; x_wconf 66' lang='lat' dir='ltr'><strong>formis</strong></span> <span class='ocrx_word' id='word_1_237' title='bbox 610 3395 645 3469; x_wconf 46' lang='lat' dir='ltr'><strong>si,</strong></span> <span class='ocrx_word' id='word_1_238' title='bbox 674 3395 758 3458; x_wconf 90' lang='lat' dir='ltr'><strong>enim</strong></span> <span class='ocrx_word' id='word_1_239' title='bbox 798 3409 869 3480; x_wconf 89' lang='lat' dir='ltr'><strong>post</strong></span> <span class='ocrx_word' id='word_1_240' title='bbox 907 3396 1073 3462; x_wconf 86' lang='lat' dir='ltr'><strong>sanitatem</strong></span> 
     </span>
     <span class='ocr_line' id='line_1_36' title="bbox 138 3481 1072 3575; baseline 0.005 -27"><span class='ocrx_word' id='word_1_241' title='bbox 138 3481 249 3575; x_wconf 80' lang='lat' dir='ltr'><strong>aliquis</strong></span> <span class='ocrx_word' id='word_1_242' title='bbox 274 3485 447 3554; x_wconf 80' lang='lat' dir='ltr'><strong>infirmatus</strong></span> <span class='ocrx_word' id='word_1_243' title='bbox 472 3486 580 3550; x_wconf 89' lang='lat' dir='ltr'><strong>iterato</strong></span> <span class='ocrx_word' id='word_1_244' title='bbox 604 3496 743 3564; x_wconf 85' lang='lat' dir='ltr'><strong>sanatur,</strong></span> <span class='ocrx_word' id='word_1_245' title='bbox 781 3504 843 3550; x_wconf 91' lang='lat' dir='ltr'><strong>non</strong></span> <span class='ocrx_word' id='word_1_246' title='bbox 886 3483 997 3550; x_wconf 88' lang='lat' dir='ltr'><strong>redibit</strong></span> <span class='ocrx_word' id='word_1_247' title='bbox 1020 3506 1072 3554; x_wconf 85' lang='lat' dir='ltr'><strong>ea·</strong></span> 
     </span>
    </p>
   </div>
   <div class='ocr_carea' id='block_1_4' title="bbox 0 0 1246 3975">
    <p class='ocr_par' dir='ltr' id='par_1_7' title="bbox 0 0 1246 3975">
     <span class='ocr_line' id='line_1_37' title="bbox 0 0 1246 3975; baseline 0 0"><span class='ocrx_word' id='word_1_248' title='bbox 0 0 1246 3975; x_wconf 95' lang='lat' dir='ltr'><strong> </strong></span> 
     </span>
    </p>
   </div>
  </div>
 </body>
</html>
