2484 3975
219 236 284 303 580
584 252 774 298 nrssrnrarro
844 249 849 259 ’

217 344 285 393 mas
309 321 447 413 aquinas.
470 320 582 387 Contra
620 322 760 407 Baylium
785 331 831 387 est
868 338 949 405 quae
976 316 1142 387 constituta

217 414 317 502 capite
339 412 470 499 septimo
493 410 587 475 thesis
618 411 731 496 legitur
753 410 800 476 his
824 409 935 475 verbis:
966 408 1142 490 «Quamvis

217 532 232 564 s
262 504 418 590 praedicta
442 500 552 564 raritas
569 499 640 564 fidei
669 499 853 565 christianae
868 498 1069 584 capacitatem
1087 497 1144 562 hu·

219 621 233 653 s
264 612 375 658 manae
398 589 524 654 rationis
547 588 685 667 excedat,
721 588 797 654 haec
820 600 924 653 tamen
962 606 1042 672 quae
1066 586 1144 651 ratio

219 711 233 741 »
265 680 443 746 naturaliter
466 676 561 741 indita
585 677 690 756 habet,
713 676 784 743 huic
808 675 927 743 ueritati
944 675 958 762 (
973 674 1047 741 fidei
1063 674 1144 741 chri-

219 800 234 830 »
263 769 401 853 etianae)
429 765 580 831 contraria
604 786 758 831 essenon
783 779 910 853 possunt
932 794 963 830 ι.
986 763 1146 829 Naturales

220 859 363 925 veritates
400 855 547 938 intellige,
574 874 650 941 quas
675 875 763 919 mens
786 868 886 920 creata
921 854 1079 937 cognoscit
1101 852 1146 918 ln·

220 949 305 1013 mine
327 968 364 1011 ex
388 946 424 1011 iis
447 945 557 1007 hausto
584 963 665 1029 quae
692 942 771 1009 lacta
804 957 885 1019 sunt,
909 944 973 1007 sive
996 962 1035 1007 ex
1059 941 1146 1007 relle-

220 1038 313 1103 xione
335 1033 490 1119 suiipsius,
514 1032 579 1095 sire
602 1052 640 1097 ex
671 1052 776 1097 rerum
813 1031 1005 1096 sensibilium
1041 1051 1146 1118 perce·

220 1126 336 1213 ptione.
361 1124 443 1188 Aliae
466 1132 549 1197 sunt,
571 1140 651 1206 quae
674 1120 801 1186 vocibus
823 1121 881 1185 rite
905 1120 1051 1207 expositis
1075 1120 1145 1185 inti·

220 1234 308 1279 mum
334 1233 368 1287 ac
392 1208 605 1275 immediatum
630 1209 778 1275 exhibent
812 1230 926 1275 nexum
965 1208 1093 1293 subjecti
1117 1221 1147 1273 et

221 1302 372 1377 attributi3
402 1300 554 1383 aliaeque,
577 1316 656 1383 qnae
680 1298 837 1364 ratiocinio
870 1298 1066 1383 colliguntur.
1102 1296 1148 1363 ld

223 1392 303 1457 hanc
329 1388 531 1475 posteriorem
554 1387 683 1451 classem
701 1387 854 1474 pertinent
867 1387 1008 1453 veritates
1025 1386 1146 1472 aliquae

220 1480 444 1563 divinaequae
478 1495 516 1540 ex
553 1476 712 1541 effectibus
751 1490 842 1541 notae
882 1476 973 1554 fiunt,
1008 1476 1147 1561 supremi

221 1567 360 1653 principii
384 1565 529 1642 extantia,
555 1566 649 1629 virtus
681 1563 748 1649 ejus
787 1566 994 1651 omnipotens,
1018 1584 1053 1629 ac
1088 1564 1147 1629 alia
1236 1632 1237 1641 ,

222 1658 367 1721 attributa
391 1674 472 1740 quae
494 1672 642 1739 supremo
674 1654 825 1739 principio
849 1654 1046 1719 conveniunt.
1071 1653 1149 1739 llys·

213 1746 297 1811 'teria
325 1743 396 1808 ndei
426 1743 610 1807 christianae
638 1743 797 1828 ,pertinent
820 1744 858 1807 ad
883 1742 994 1818 Deum,
1018 1740 1147 1807 minime

223 1851 442 1922 pereaquae
465 1829 639 1895 factasunt
669 1831 837 1915 cognitum,
871 1832 925 1896 scd
960 1830 997 1895 ad
1034 1832 1147 1916 ipsum,

220 1922 396 2007 cujusmodi
421 1934 467 1984 est
490 1919 522 1983 iu
545 1940 591 1995 se,
614 1941 678 2005 quo
706 1921 806 2007 ipsum
841 1920 934 1985 modo
958 1917 1034 1984 ratio
1058 1934 1148 1985 natu·

219 2014 292 2086 ralis
315 2011 492 2095 conspicere
517 2030 579 2074 non
604 2009 699 2082 valet,
723 2030 794 2075 cum
819 2010 921 2076 nullus
943 2008 1069 2074 effectus
1093 2027 1148 2074 na-

221 2100 327 2166 turalis
353 2100 454 2185 ipsum
480 2096 642 2184 adaequeu
665 2118 766 2184 neque
797 2099 895 2184 ullum
920 2112 973 2163 aut
994 2097 1148 2164 sufficien-

220 2209 295 2268 tem,
317 2190 369 2276 qui
395 2202 552 2274 appareat,
583 2207 696 2251 nexum
736 2186 888 2262 exhibeat,
927 2203 960 2251 ut
998 2185 1071 2251 inde
1109 2185 1149 2252 ad

221 2280 336 2367 ipsum,
359 2275 533 2362 cujusmodi
558 2289 604 2339 cst
620 2277 651 2338 in
664 2295 708 2351 se,
724 2276 975 2356 cognoscendam
992 2275 1148 2360 adsurgat.

293 2368 442 2451 Utrasque
459 2363 600 2428 veritates
613 2364 745 2428 admittit
761 2363 895 2450 Baylius.
912 2364 1052 2448 Pugnam
1069 2364 1150 2429 inter
1235 2389 1236 2444 ,

223 2470 368 2542 utrasque
392 2453 530 2518 exerceri
555 2453 712 2518 contendit
736 2452 797 2531 illc,
832 2468 981 2540 pernegat
1003 2454 1149 2539 Aquinas
1235 2473 1236 2504 t

221 2545 304 2631 quod
330 2544 377 2608 his
409 2541 521 2607 evincit
559 2541 761 2625 argumentis.
800 2542 842 2606 Ac
878 2543 989 2628 primo,
1032 2559 1149 2628 «quae

220 2633 400 2698 naturaliter
423 2630 536 2695 rationi
554 2635 631 2694 sunt
661 2630 751 2695 insita
774 2657 805 2706 »‚
829 2630 893 2696 sive
917 2630 967 2696 illa
1002 2651 1058 2717 per
1087 2630 1151 2696 evi·

221 2722 346 2788 dentem
371 2720 673 2784 demonstrationem
698 2731 769 2783 nota
794 2718 879 2797 liant,
901 2721 964 2783 sive
988 2719 1151 2784 immedia-
1234 2759 1235 2786 t

224 2825 289 2875 tum
315 2808 443 2892 subjecti
467 2827 581 2870 nexum
604 2827 676 2871 cum
694 2807 839 2872 attributo
856 2809 995 2885 offerant,
1030 2807 1152 2873 everis·
1234 2827 1235 2842 ¹

220 2900 300 2964 sima
324 2918 393 2963 esse
415 2908 546 2969 constat,
586 2897 738 2960 intantum
763 2911 795 2960 ut
817 2917 876 2962 nec
898 2917 934 2961 ea
969 2917 1036 2960 esse
1074 2895 1149 2962 ialsa

221 2989 260 3052 sit
283 2986 429 3074 possibile
453 2983 592 3067 cogitare
617 3012 647 3048 ι.
672 2984 761 3069 Atqui
788 3005 860 3050 vero
895 3005 989 3050 «nec
1011 2984 1044 3050 id
1066 2983 1152 3070 quod

221 3076 283 3140 lide
307 3089 438 3150 tenetur,
463 3093 534 3138 cum
575 3086 679 3138 tamen
704 3073 862 3138 evidenter
898 3074 1041 3139 divinitus
1075 3093 1151 3138 con·

219 3165 381 3230 firmatum
406 3163 444 3227 sit
473 3162 570 3244 (sive
593 3161 682 3246 cujus
705 3162 851 3228 revelatio
874 3162 976 3229 divina
1000 3183 1037 3227 eo
1060 3161 1152 3226 inno·
1233 3173 1234 3236 i

221 3266 321 3318 tescat
344 3271 459 3335 genere
488 3263 744 3334 argumentorum
781 3271 863 3337 -quae
887 3272 974 3316 num.
1008 3250 1150 3316 Xallata
1233 3249 1234 3302 i

221 3341 321 3425 sunt),
339 3339 384 3404 ias
408 3354 454 3404 eat
476 3339 604 3405 eredere
618 3359 685 3403 esse
702 3339 810 3404 falsum
824 3363 855 3418 »;
871 3339 954 3426 quod
970 3341 1074 3415 etiam,
1097 3351 1152 3404 aut

222 3449 295 3493 aera
321 3443 373 3492 atu
396 3428 537 3492 simulata
561 3428 684 3513 pictate,
716 3427 836 3506 ductus,
870 3427 982 3493 latetur
1014 3426 1150 3514 Baylius.

222 3516 300 3582 llinc
324 3517 427 3601 igitur,
457 3517 565 3603 «quia
588 3515 690 3582 solum
717 3515 828 3583 schum
863 3537 937 3584 vero
960 3516 1151 3583 contrarium
