2484 3975
237 308 240 315 ,
441 270 498 314 ua.
523 267 561 314 tr.
582 267 649 314 car.
672 267 750 314 xiix.
975 248 1038 314 197

122 341 148 407 ri
171 339 286 414 unitur,
308 357 401 425 quam
414 357 485 404 cum
499 357 554 423 per
567 358 601 402 se
613 336 725 413 existit,
737 335 814 402 siout
830 335 931 401 anima
944 338 1040 403 sensi·

123 429 192 495 hilis
215 427 348 494 nobilius
371 447 439 491 esse
461 426 554 492 habet
578 427 608 491 in
633 424 759 490 homine
783 445 877 510 quarn
903 425 933 490 in
973 427 1039 493 aliis

124 517 318 590 animalibus,
341 515 372 580 in
395 514 507 603 quibus
530 527 576 580 est
613 512 713 580 forma
753 514 939 600 principalis,
976 535 1038 581 non

123 621 225 672 tamen
249 607 280 670 in
303 604 439 671 homine.

190 695 268 760 ilino
288 694 380 760 etiam
404 692 533 758 solvitur
555 690 638 776 quod
662 712 746 758 nouo
769 690 980 777 objiciebatur.
1006 693 1038 757 ln

122 783 244 850 Christo
267 784 351 848 enim
375 801 448 848 vere
470 780 526 846 luit
550 781 626 845 haee
649 781 755 846 anima
778 795 809 846 et
833 781 891 846 hoo
917 801 1040 867 eorpus,

121 886 312 939 nontamen
339 890 377 936 ex
411 870 456 935 eis
493 870 656 935 constituta
691 882 736 934 est
768 889 899 956 persono
938 869 1038 958 aliqua

122 974 246 1045 praeter
268 979 432 1043 personam
453 958 545 1025 Verbi
569 957 637 1038 Dei,
659 960 730 1043 quia
754 971 825 1024 stmt
841 958 878 1024 ad
895 978 1041 1045 persona·

122 1049 241 1115 litatem
264 1049 320 1113 Dei
342 1047 433 1115 Verbi
457 1060 623 1134 assumpta:
647 1047 725 1113 sieut
755 1061 784 1112 et
808 1067 929 1134 eorpus,
967 1068 1039 1114 oum

124 1139 259 1203 estsine
282 1137 393 1216 anima,
417 1138 572 1222 propriam
596 1136 733 1221 speeiem
758 1134 864 1214 habet,
884 1136 949 1215 sed,
964 1155 1037 1204 eum

126 1227 230 1292 unitur
251 1226 383 1303 animae,
405 1226 444 1291 ab
467 1246 503 1290 ea
527 1225 661 1310 speeiem
684 1225 817 1290 sortitur.
955 1283 959 1292 .

192 1315 232 1380 lla
256 1316 315 1380 hoo
337 1316 429 1379 etiarn
452 1315 580 1379 soluitur
606 1311 691 1399 quod
729 1313 849 1379 deoimo
884 1335 1038 1402 propone·

123 1403 222 1469 batur.
246 1403 439 1469 Manifestum
462 1416 508 1468 est
530 1403 614 1467 enim
637 1401 721 1488 quod
737 1403 786 1468 hie
809 1403 903 1470 homo
919 1404 970 1489 qui
994 1417 1040 1471 est

123 1492 260 1558 Christus
282 1493 450 1558 substantia
474 1490 625 1577 quaedam
639 1503 696 1567 est,
708 1511 770 1556 non
783 1493 972 1572 universalis,
986 1493 1041 1560 sed

124 1582 327 1669 particularia
350 1595 380 1645 et
403 1581 574 1668 hypostasis
597 1578 749 1664 quaedam
773 1593 829 1659 est,
853 1601 915 1646 non
939 1595 1041 1647 tamen

126 1671 183 1735 alia
208 1670 380 1758 hypostasis
403 1690 496 1755 quam
520 1668 692 1755 hypostasis
715 1667 819 1746 Verbi,
843 1671 914 1755 quia
937 1670 1045 1736 huma·

63 1808 68 1813 .
125 1780 164 1823 na
189 1774 297 1824 natura
321 1759 360 1823 ab
383 1757 538 1845 hypostasi
562 1756 653 1822 Verbi
677 1772 832 1843 assumpta
855 1772 911 1831 est,
926 1759 1045 1826 utVer-

125 1846 201 1912 bum
223 1848 368 1913 subsistat
391 1861 453 1912 tam
476 1847 507 1911 in
531 1846 667 1910 humana
693 1860 799 1911 natura
824 1867 918 1933 qtram
946 1850 977 1914 in
1000 1848 1046 1914 di·

124 1937 205 2014 uiua3
229 1936 259 2001 id
283 1955 387 2003 autem
410 1935 493 2024 quod
518 1936 548 2001 in
585 1935 721 2000 humana
760 1948 869 2002 natura
907 1937 1046 2003 subsistit

125 2038 171 2092 est
195 2027 245 2091 hio
268 2027 374 2103 homo;
398 2026 479 2091 unde
496 2026 596 2111 ipsum
608 2023 747 2091 Verbum
761 2026 955 2112 supponitur,
972 2048 1043 2093 eum

125 2114 236 2181 dieitur
259 2116 308 2181 hio
331 2115 435 2181 homo.
458 2138 505 2163 -·
525 2112 597 2192 Sed,
634 2116 658 2177 si
695 2114 762 2200 quis
793 2115 936 2180 eamdem
959 2116 1044 2202 obje-

125 2204 260 2269 ctionem
282 2203 321 2269 ad
357 2204 525 2269 humanam
563 2215 705 2267 naturam
729 2202 899 2281 transierat,
938 2204 1043 2270 dicens

126 2312 196 2358 eam
219 2313 285 2358 esse
299 2293 509 2359 substantiam
532 2291 711 2377 quamdam,
735 2312 796 2359 non
824 2293 1040 2372 universalem,

127 2381 182 2446 sed
206 2381 431 2465 particularem.
453 2393 484 2446 et
519 2400 574 2461 per
611 2400 803 2465 consequens
841 2381 1040 2467 hypostasim,

128 2468 291 2534 manifeste
319 2470 480 2556 decipitur.
514 2469 592 2553 Nam
625 2469 758 2533 humana
792 2482 911 2545 natura,
948 2473 1040 2537 etiam

127 2559 159 2623 in
183 2557 308 2624 Socrate
331 2559 380 2624 vel
401 2559 540 2624 Platone.
561 2579 623 2624 rron
648 2572 694 2622 est
717 2558 898 2641 hypostasis,
928 2561 984 2625 sed
1007 2560 1038 2626 itl

129 2645 214 2732 quod
238 2648 268 2711 in
292 2668 328 2712 ea
351 2647 486 2714 subsistit
521 2646 694 2733 hypostasis
727 2659 782 2711 est.
820 2646 910 2728 Quod
934 2663 1038 2715 autem

126 2734 297 2800 substantia
321 2737 358 2801 sit
381 2749 411 2800 et
434 2736 636 2821 particularis,
661 2755 722 2799 non
749 2736 919 2801 seeundum
956 2739 1039 2805 illam

127 2822 384 2907 significationem
406 2824 518 2889 dieitur
541 2845 599 2910 qna
626 2822 798 2909 hypostasis
821 2838 866 2888 est
880 2827 1043 2911 particula·

129 2914 171 2977 ris
203 2912 382 2978 substantia.
406 2912 580 2979 Substantia
605 2914 700 2987 enim,
723 2912 892 2979 seeundum
906 2915 1043 2982 Philoso-

129 3001 238 3087 phum,
261 3000 371 3067 dieitur
393 3001 565 3088 dupliciter,
587 3001 701 3066 seilicet
725 3000 765 3066 de
787 3002 925 3087 subjecto
950 3004 979 3069 in
993 3026 1045 3090 ge·

129 3108 206 3154 nere
227 3090 415 3155 substantiae
437 3090 520 3177 quod
543 3091 653 3155 dicitur
676 3089 858 3176 hypostasis,
882 3092 974 3157 etde
1008 3114 1047 3159 eo

131 3177 215 3263 quod
236 3179 313 3263 quid
335 3191 390 3258 est,
413 3180 497 3265 quod
531 3192 577 3242 est
608 3191 719 3243 natura
758 3180 812 3244 rei.
848 3180 909 3244 Sed
945 3202 1046 3267 neque

8 3279 17 3293 ¹
131 3279 243 3353 partes
261 3266 390 3353 alieuius
413 3266 600 3333 substantiae
623 3266 666 3332 sio
690 3266 833 3332 dieuntur
849 3269 1047 3356 particulares

131 3353 320 3420 substantiae
343 3356 429 3442 qnasi
452 3357 513 3421 sint
535 3376 590 3443 per
611 3376 645 3420 se
668 3356 877 3432 subsistentes,
898 3359 952 3423 sed
975 3359 1047 3424 suh·

132 3442 243 3509 sistunt
264 3445 295 3508 in
320 3457 393 3522 ιοιο;
416 3444 498 3510 uude
522 3466 578 3511 nen
608 3445 786 3532 hypostases
825 3461 952 3534 possunt
975 3448 1047 3528 diei,

131 3550 208 3601 oum
240 3533 324 3600 nulla
356 3554 465 3601 earum
499 3535 537 3601 sit
573 3534 741 3601 substantia
774 3536 938 3624 completa:
961 3536 1044 3617 alias,
