2484 3975
418 244 473 289 nto.
497 244 534 289 tv.
558 246 620 289 osc.
646 244 760 291 cuore.
974 220 1054 292 5t7'
1081 224 1083 232 ’

119 310 231 379 redibit
254 310 293 377 ou
315 311 433 379 similes
459 318 677 399 occupationes
699 334 777 400 quas
814 335 897 381 nunc
936 314 1041 395 habet,-

120 416 152 467 ut
175 401 288 557 soilpclet
314 400 455 467 aedificet
477 401 588 469 domos
610 416 641 467 et
663 402 722 467 alia
746 400 925 488 hujusmodi
948 424 1036 471 exer·

118 504 227 555 reato
261 510 318 558 ora.

388 665 573 733 CAPUT
608 665 765 735 txxxttt

121 844 212 925 Quod
234 862 365 929 corporo
387 845 612 946 resurgentium
632 855 727 946 eruut
748 845 885 929 ejusdem
906 857 1038 913 naturae

485 946 563 1006 tacut
583 954 683 1019 priua.

186 1106 355 1177 Occasione
385 1125 487 1175 autem
511 1110 762 1197 praemissorum,
799 1110 925 1195 quidam
957 1111 1039 1177 cirea

117 1198 310 1265 conditiones
346 1203 575 1283 resurgentium
610 1214 799 1265 erraverunt.
833 1199 912 1281 Quia
952 1199 1037 1268 enim

116 1306 238 1373 corpur
252 1308 289 1353 ex
313 1288 472 1353 contrariis
496 1288 704 1373 compositum
728 1288 849 1353 vitietur
872 1309 909 1353 ex
933 1308 1038 1354 neces-

116 1376 205 1440 sitate
227 1377 395 1463 corrumpi,
419 1378 542 1445 luerunt
565 1376 660 1462 aliqui
676 1375 879 1461 quidlxernnt
895 1378 1038 1443 homines

116 1478 316 1549 resurgemus
339 1464 517 1549 hujusmodi
544 1484 673 1550 corpora
696 1485 734 1529 ex
757 1466 918 1531 contrariis
953 1487 1037 1531 oom-

116 1551 217 1639 posita
241 1574 301 1618 non
327 1552 704 1639 habere3quorumaliqul
728 1568 1037 1640 posueruntcorpora

117 1653 222 1706 nostra
243 1663 304 1707 non
322 1644 352 1707 in
369 1656 476 1708 natura
497 1642 649 1726 corporali
673 1662 846 1726 resurgere,
868 1642 924 1707 sed
940 1656 1037 1707 trans·

116 1731 230 1795 mutari
253 1730 285 1795 in
321 1732 474 1817 spiritum,
497 1731 572 1795 moti
607 1749 644 1794 cx
682 1750 720 1795 eo
757 1730 841 1817 quod
876 1729 1038 1818 Apostolus

108 1816 199 1883 dicit:
237 1818 412 1885 Seminotur
448 1839 559 1897 corpus
596 1820 743 1897 assimulo,
785 1831 890 1904 surget
926 1840 1038 1903 corpur

115 1908 291 1991 spirituale,
317 1910 330 1973 l
358 1908 439 1985 Cor„
463 1907 514 1985 tt,
539 1907 590 1971 ll.
604 1907 660 1972 Alii
678 1928 751 1973 vero
765 1908 926 1974 eteoclem
943 1910 1038 1975 verbo

116 2009 190 2061 sunt
213 2000 287 2065 moti
312 2011 345 2064 ut
378 1998 514 2064 dicerent
537 1997 621 2080 qood
645 2018 775 2084 corporo
799 2011 901 2073 nostra
926 2000 956 2064 in
992 2017 1039 2062 re·

117 2087 309 2151 surrectione
342 2099 433 2150 crunt
460 2084 579 2150 subtilia
604 2099 634 2151 et
656 2089 718 2150 aeri
742 2100 772 2150 et
796 2088 895 2152 uentis
917 2087 1040 2166 similia;

117 2193 191 2238 nam
214 2188 244 2240 et
266 2175 389 2262 spiritus
411 2194 465 2239 aer
487 2173 608 2246 dicitur,
633 2187 666 2238 ut
688 2175 732 2240 sie
752 2175 922 2262 spiritualia
946 2196 1038 2242 aerea

118 2261 340 2347 intelligantur.
364 2263 419 2328 Alii
446 2283 519 2327 tero
546 2260 689 2328 dixerunt
712 2265 795 2348 quod
832 2265 863 2328 in
897 2283 1040 2328 resurre-

116 2351 219 2415 ctione
234 2354 355 2416 animae
370 2364 527 2416 resument
548 2371 689 2437 corpora,
705 2372 766 2415 nun
779 2353 903 2438 quidem
915 2365 1036 2416 terrena

115 2438 171 2504 ead
196 2439 349 2517 coelestia;
378 2440 571 2506 occasionem
596 2440 779 2526 accipientes
804 2457 843 2505 cs
878 2461 917 2504 eo
953 2441 1037 2526 quoti

116 2529 282 2614 Apostolus
305 2529 387 2607 dicit,
418 2529 457 2592 dc
480 2529 706 2592 resurrectione
727 2527 1038 2613 loquensrlitcorpo-

115 2636 155 2679 ro
178 2617 333 2695 coelestio,
356 2629 386 2683 ct
407 2635 540 2699 corporo
561 2617 732 2689 terrestria,
757 2617 771 2680 l
799 2616 880 2694 Con,
902 2617 953 2694 lit,
979 2619 1037 2684 tu.

114 2703 237 2786 ¹Quibus
260 2706 403 2772 omnibus
426 2704 585 2788 sullragari
609 2704 730 2768 videtur
751 2706 834 2791 quod
871 2708 1035 2791 Apostolos

115 2793 200 2872 dicit,
223 2794 307 2880 quod
329 2815 402 2859 coro
425 2805 454 2858 ct
477 2795 603 2878 scopula
625 2813 750 2877 reponat
781 2792 844 2860 Dei
873 2795 1034 2878 possidere
1073 2877 1076 2880 ἦ

113 2901 177 2946 nort
194 2894 334 2966 possunt
347 2883 436 2962 tobit„
459 2881 513 2958 to;
535 2894 566 2946 et
588 2881 632 2947 sic
656 2882 775 2946 videtur
796 2885 879 2968 quod
903 2904 1033 2969 corpore

114 2973 343 3056 resurgentium
367 2991 428 3036 non
453 2971 610 3035 habebunt
635 2985 815 3036 contremet
840 2992 1036 3053 sanguinem,

114 3073 147 3126 et
170 3079 225 3145 per
247 3071 438 3146 consequens
462 3077 518 3124 nec
542 3058 661 3144 aliquos
674 3058 831 3125 humores.
847 3059 908 3125 Sed
923 3061 1034 3127 luorum

113 3149 297 3236 opinionum
321 3169 408 3215 error
430 3145 591 3212 manifeste
616 3160 754 3234 apparet.

181 3236 289 3304 llostra
312 3238 395 3303 enim
418 3234 601 3302 resurreetio
634 3235 802 3302 coolormis
830 3237 891 3302 erit
927 3256 1030 3300 resur-

111 3327 241 3392 rectioni
265 3325 386 3404 Christi,
408 3324 577 3390 seeundum
591 3322 666 3388 illud
679 3324 823 3411 Apostoli:
839 3325 1032 3409 Reformobr't

109 3433 225 3499 corpus
260 3415 446 3480 humilitatis·
479 3424 614 3486 nostroe,
648 3417 870 3500 configuratum
908 3415 1032 3497 corpori

109 3504 268 3569 claritatis
289 3524 374 3586 orror,
398 3501 539 3590 Philipp,
562 3502 592 3583 t,
615 3501 669 3570 il.
685 3501 824 3582 Christus
839 3515 942 3568 autem
962 3515 1031 3589 post
