2484 3975
197 227 264 293 tot
574 250 746 295 oruscutuu

197 318 291 381 modo
312 318 535 399 consideratur,
558 320 730 386 secundum
754 319 835 405 quod
861 316 952 381 habet
976 316 1051 381 inse
1067 314 1120 401 (ll

196 408 228 471 in
251 406 310 471 hoe
333 409 380 471 tel
404 408 435 471 in
459 409 521 486 illo;
545 424 574 475 et
597 410 641 474 sic
664 410 778 494 deipsu
792 408 985 493 praedicatur
1001 406 1117 491 aliquid

198 515 253 581 per
276 496 419 561 accidens
444 500 562 562 ratione
585 518 652 585 equs
676 498 706 561 in
731 518 792 582 quo
815 510 871 571 est,
897 494 975 559 siout
1009 496 1120 560 dicitur

197 584 280 668 quod
305 585 400 649 homo
422 600 467 649 est
490 588 577 652 allius
594 588 663 674 quia
681 586 820 650 Socrates
837 600 882 649 est
898 584 997 661 albus,
1013 604 1116 668 quam·

198 674 242 738 vis
266 673 383 737 ltomini
408 695 470 739 non
494 676 709 741 convenietin
733 696 770 739 eo
794 673 878 761 quod
900 686 946 737 est
970 674 1073 736 homo.

265 761 345 825 llaec
369 778 471 827 autem
496 780 603 829 natura
628 764 720 828 habet
759 763 885 848 duplex,
909 780 987 837 esse,
1023 782 1119 825 unum

198 852 229 913 io
254 852 471 935 singularibus,
494 854 577 918 aliud
601 855 632 918 iu
657 858 757 916 anima
783 856 844 935 (ᾖ),
882 866 913 915 ει
948 852 1120 914 seeundum

199 952 365 1024 utrumque
387 957 619 1027 consequuntur
652 942 944 1005 accidentiadictam
969 954 1120 1003 natur-aru.

266 1027 300 1093 Et
323 1029 366 1093 sio
389 1030 421 1092 in
445 1031 650 1113 singularibus
674 1032 766 1095 habet
790 1028 947 1115 multiplex
986 1047 1053 1091 esse
1076 1048 1121 1091 se·

198 1118 336 1181 cundum
360 1118 567 1184 diversitatem
604 1120 818 1203 singularium,
856 1136 884 1181 et
924 1132 1025 1180 tamen
1065 1118 1120 1201 ipsi

198 1208 519 1282 traturae‚secundunr
544 1212 699 1296 propriam
725 1206 1016 1279 considerationem,
1041 1206 1120 1272 seili-

198 1308 247 1357 cet
271 1295 453 1371 absolutam,
476 1298 596 1362 nullum
621 1302 749 1362 istorum
774 1317 842 1361 esse
872 1296 974 1368 debet;
1009 1292 1120 1357 falsum

196 1381 284 1445 enim
307 1397 352 1446 est
374 1384 477 1448 dicere
500 1388 583 1471 quod
610 1402 717 1451 natura
758 1386 901 1460 hominis,
938 1384 1131 1467 inquantum

200 1471 389 1554 hujusmodi,
413 1474 523 1538 lrabeat
547 1496 615 1540 esse
638 1478 668 1539 in
694 1478 753 1539 hoc
786 1472 944 1557 singulari
978 1475 1002 1535 si
1037 1472 1122 1536 euim

200 1581 267 1624 esse
291 1561 321 1623 iu
345 1561 405 1625 hou
426 1564 574 1647 singulari
596 1558 775 1629 conveniret
798 1562 916 1629 homini
939 1563 1123 1646 inquantum

200 1663 246 1714 est
269 1650 374 1729 homo,
398 1670 461 1715 non
484 1668 564 1716 esset
586 1674 723 1737 unquam
746 1666 829 1717 exue
865 1654 923 1715 lion
955 1650 1125 1733 singultum

199 1737 350 1815 similiter,
366 1740 398 1803 si
421 1742 599 1806 conveniret
611 1743 741 1820 homini,
753 1742 935 1827 inquantum
952 1754 997 1803 est
1014 1742 1121 1813 home,

197 1847 262 1891 uon
285 1848 353 1891 esse
376 1830 407 1892 in
430 1830 587 1913 singulari,
624 1850 784 1915 nunquam
807 1844 886 1893 esset
908 1830 939 1891 in
977 1848 1025 1892 eo.
1060 1826 1122 1891 Sed

198 1931 306 1979 ueruto
324 1930 376 1981 est
397 1917 500 1989 dicere
522 1920 606 2004 quod
620 1920 724 1998 ltomo,
748 1922 931 2004 inquantum
954 1931 1000 1981 est
1016 1918 1122 1994 horno,

198 2025 260 2069 nou
285 2006 378 2070 habet
399 2009 483 2091 quod
507 2011 545 2072 sit
568 2011 599 2071 in
631 2010 689 2073 huc
723 2009 871 2092 singulari
909 2005 954 2069 tel
988 2007 1018 2068 iu
1058 2007 1122 2070 illo.

196 2092 283 2158 Patet
298 2115 373 2179 ergo
396 2098 479 2181 quod
503 2092 610 2160 natura
625 2099 758 2162 hominis
774 2097 912 2160 absolute
929 2094 1121 2159 considerata

195 2185 374 2248 abstrahite
397 2185 534 2268 quolibet
556 2207 635 2262 esse,
658 2189 696 2250 ita
713 2188 796 2272 quod
821 2207 881 2249 nou
907 2185 957 2247 ttat
971 2186 1123 2269 praecisio

194 2272 323 2357 alicujus
356 2293 476 2350 eorum3
507 2288 537 2338 et
560 2278 636 2339 liaeo
661 2291 767 2340 natura
791 2276 834 2338 siu
867 2275 1060 2339 considerata
1072 2288 1120 2338 est

194 2381 274 2446 quae
288 2363 481 2446 praedicatur
503 2364 542 2427 de
564 2364 709 2429 omnibus
733 2363 906 2428 individuis.
993 2405 999 2412 -

260 2449 328 2516 Non
351 2465 455 2516 tamen
479 2466 580 2538 potest
601 2453 661 2517 diei
700 2455 783 2540 quod
822 2454 901 2516 ratio
939 2451 1123 2516 universalis

195 2541 356 2605 conueniat
377 2554 505 2605 naturae
528 2543 572 2606 sio
594 2558 748 2628 acceptae,
771 2542 842 2630 quia
865 2541 904 2605 de
920 2541 1039 2604 ratione
1055 2542 1122 2604 uni-

196 2631 324 2693 versalis
346 2643 392 2694 est
415 2631 514 2694 unitus
537 2644 567 2694 et
601 2633 816 2696 communitos.
850 2629 984 2694 Naturae
1017 2643 1122 2694 sutem

196 2717 353 2782 liumanne
375 2733 520 2783 neutrum
544 2741 652 2784 eorum
677 2720 820 2786 conuertit
847 2718 1020 2784 secuudum
1032 2737 1123 2782 suam

198 2805 371 2871 absolutam
409 2809 699 2874 considerationem:
734 2809 758 2874 si
798 2809 881 2872 onim
915 2808 1124 2872 communitas

198 2911 277 2958 esset
300 2895 340 2959 de
363 2895 533 2975 ,intellectu
571 2897 715 2974 ltomirtis,
751 2913 823 2962 tuno
860 2897 891 2959 iu
925 2915 1127 2980 quocumque

200 2985 352 3048 iuvenitur
376 2986 552 3049 humanitas
576 2986 765 3050 inveniretur
787 2999 1004 3060 communitam
1020 2987 1125 3048 ctltoe

198 3072 309 3137 l'alsum
322 3087 378 3147 est,
401 3075 472 3158 quia
490 3077 521 3137 in
536 3075 662 3139 Socrate
674 3094 736 3140 non
750 3077 903 3138 invenitur
917 3076 1125 3138 routmunitas

196 3162 310 3248 aliqua,
332 3163 387 3228 ted
410 3163 560 3249 quidquid
583 3178 628 3228 est
651 3165 682 3227 in
706 3184 743 3228 eo
769 3163 992 3226 individuattun
1019 3175 1074 3226 est.

260 3253 406 3315 Similiter
427 3252 520 3316 etiam
542 3272 606 3316 uon
643 3266 742 3339 potest
764 3252 824 3316 dici
847 3251 931 3337 quud
967 3251 1043 3315 ratio
1066 3270 1123 3334 ge·

245 3387 286 3459 (l)
302 3389 445 3443 Secundum
463 3391 530 3459 quod
546 3390 623 3443 dalet
640 3392 668 3444 in
686 3409 741 3443 se...
759 3391 777 3442 i.
797 3405 820 3442 e.
836 3391 980 3442 secuudum
998 3390 1026 3442 id
1044 3391 1121 3459 quod

192 3467 288 3513 nutura
306 3463 346 3512 vel
364 3463 475 3512 essentia
488 3462 568 3512 habet
582 3461 611 3512 in
628 3477 655 3513 se
673 3464 700 3514 in
713 3461 811 3515 lroovel
827 3461 870 3512 illo
883 3469 942 3514 ειιιε
957 3463 1124 3532 particulari.

244 3531 284 3598 (2)
301 3531 332 3583 In
350 3536 449 3598 ultimo,
467 3533 486 3583 i.
503 3548 525 3584 e.
544 3533 571 3584 in
590 3539 677 3589 ments
694 3547 741 3587 seu
757 3533 902 3587 intellectu.
