2484 3975
455 310 517 396 lili
558 309 905 398 ntntnttttttttn

338 493 506 553 DlVINl
542 499 692 558 vntttst
727 499 784 552 ΕΤ
820 496 1022 554 HUHANI.

532 653 835 732 [θριεαΧΙΙΗ

496 873 499 882 .
614 818 748 875 emt&

287 1104 333 1170 nn
355 1103 544 1172 intellectum
569 1101 661 1190 hujus
683 1104 818 1169 nominis
839 1103 924 1190 qnod
949 1103 1061 1172 dieitur
1075 1127 1148 1170 ner·
1228 1106 1229 1173 j

222 1193 302 1272 bom,
325 1194 486 1259 sciendum
513 1206 569 1273 est,
602 1193 774 1258 seeundum
798 1193 1035 1281 Philosophum,
1058 1195 1144 1282 qnod
1228 1208 1229 1249 t

220 1303 256 1348 ea
280 1300 359 1368 qnee
382 1296 453 1348 sunt
476 1285 506 1348 in
530 1302 604 1346 voce
627 1295 698 1346 sunt
721 1282 808 1366 signa
831 1302 941 1348 eornm
968 1296 1147 1368 quaesunt
1228 1284 1229 1337 ἶ

220 1373 250 1437 in
275 1370 378 1436 anima
401 1373 588 1457 passionum.
613 1369 802 1436 Consueturn
826 1386 929 1438 autem
952 1372 1048 1438 estin
1065 1371 1147 1438 Seri-

220 1460 318 1544 pturis
354 1459 439 1546 quod
476 1481 525 1526 res
563 1459 753 1544 significatae
786 1461 955 1526 sortiuntur
993 1461 1146 1527 voeabula

220 1550 379 1634 signoruni
401 1562 473 1614 ete
505 1550 670 1625 contrario,
700 1549 780 1614 sieut
801 1549 886 1615 illud:
910 1550 1005 1615 Petra
1038 1561 1147 1614 aetem

221 1649 290 1702 enat
314 1638 454 1703 Christus
477 1640 522 1724 (i
550 1637 632 1716 Cor„
646 1639 697 1715 10,
720 1637 781 1725 4).
806 1639 852 1704 De
871 1641 1052 1706 necessitate
1067 1659 1146 1724 ergo
1228 1656 1229 1663 ¹

220 1727 359 1814 seqnitur
395 1726 478 1813 quod
511 1726 586 1794 illud
623 1727 823 1794 intrinsecum
851 1729 974 1793 animae
1008 1741 1145 1803 nostroe,
1228 1738 1229 1759 ³

220 1815 305 1900 quod
327 1815 517 1902 significetur
539 1835 614 1882 voce
635 1817 780 1884 exteriori
803 1837 876 1881 eom
907 1816 1002 1882 verbo
1026 1829 1146 1896 nostro,
1228 1828 1229 1831 ’

222 1904 351 1970 verbum
375 1918 509 1970 vocetur.
534 1903 641 1970 Utrum
665 1917 770 1970 autem
793 1905 877 1993 prins
903 1905 1066 1970 conveniat
1091 1926 1148 1971 no·

221 2014 294 2059 rnen
317 1994 402 2059 verbi
426 1996 469 2059 rei
493 1994 635 2061 exteriori
659 2015 733 2061 rriee
756 1994 894 2081 prolatae
917 1994 965 2059 rel
986 1995 1044 2081 ipsi
1067 2014 1146 2060 eon-

219 2083 321 2169 ceptui
345 2084 468 2150 eninree
490 2078 638 2164 interiori,
670 2083 747 2149 nihii
785 2083 879 2149 refert
912 2083 952 2148 nd
986 2103 1148 2170 praesens.
1228 2113 1229 2128 ¹

220 2171 351 2238 Planum
374 2184 478 2238 tomen
515 2185 561 2237 est
598 2171 682 2259 quod
716 2171 793 2237 iliud
831 2171 915 2259 quod
952 2172 1147 2257 significetur

218 2262 345 2329 interius
367 2262 401 2326 in
423 2261 526 2327 enimn
549 2262 682 2327 existens
708 2262 794 2348 prius
827 2275 873 2327 est
908 2282 1001 2347 quem
1038 2262 1146 2347 ipsum

218 2350 347 2416 verbum
371 2369 446 2417 voce
468 2348 634 2439 prolatum,
656 2362 762 2436 utpote
785 2371 877 2416 oense
900 2350 966 2436 ejus
997 2350 1146 2416 existens.

219 2438 249 2502 Si
272 2458 347 2505 nero
369 2438 512 2505 volumus
535 2440 613 2505 seire
635 2438 710 2525 quid
733 2450 780 2504 est
801 2440 930 2504 interius
953 2438 1087 2505 verbum
1111 2442 1145 2504 in

220 2527 323 2594 anime
345 2540 461 2605 nostra,
485 2527 646 2594 videamus
657 2527 731 2615 qnid
746 2528 898 2613 significet
913 2528 1040 2593 verbum
1056 2530 1146 2614 quod

220 2619 362 2683 exteriori
385 2636 461 2683 voce
490 2616 654 2706 profertur.

287 2706 320 2771 ln
343 2706 499 2774 inteileetn
523 2720 626 2771 eutem
653 2706 710 2773 tria
743 2717 826 2782 sunt,
858 2702 973 2771 scilieet
998 2704 1065 2791 ipso
1085 2728 1145 2791 po-
1228 2741 1229 2790 t

223 2797 318 2861 tentio
340 2796 524 2874 intellectos,
545 2796 662 2879 species
687 2796 735 2861 rei
768 2796 950 2872 intellectae,
982 2814 1062 2879 quae
1099 2810 1147 2861 est
1228 2795 1229 2814 *

223 2886 322 2951 sonna
345 2884 422 2973 ejus,
444 2904 478 2950 se
499 2883 618 2951 habens
642 2884 681 2950 ad
708 2884 809 2971 ipsum
837 2882 1026 2949 intellectum
1063 2885 1147 2950 sient

216 2974 334 3060 speeies
356 2974 468 3040 eoloris
491 2972 530 3039 ed
553 2974 712 3061 pupillam,
735 2986 764 3038 et
787 2974 970 3057 intettiyere,
991 2972 1077 3059 quod
1094 2992 1141 3039 est

215 3066 353 3150 operatio
374 3062 556 3129 intellectus.
572 3062 698 3128 Nnilnni
714 3081 788 3127 vero
803 3062 933 3127 istorum
947 3061 1140 3145 significatur

216 3154 311 3219 serbo
334 3151 477 3218 exteriori
501 3148 729 3240 noee'prola103
751 3171 825 3217 narn
848 3152 908 3215 hoe
923 3169 1039 3215 nomen
1056 3152 1142 3236 lapis
1228 3191 1229 3194 =

213 3260 278 3307 non
300 3242 452 3328 signifieat
474 3239 676 3308 substantiam
700 3239 883 3319 intellectus,
905 3239 977 3325 quia
999 3238 1059 3305 hoe
1075 3260 1140 3307 non
1228 3241 1229 3256 i

214 3332 345 3397 intendit
369 3331 472 3396 dicere
495 3332 672 3409 nominans3
688 3349 746 3395 nee
760 3328 911 3413 signifieat
925 3328 1059 3413 speeiem
1076 3349 1139 3415 que
1228 3337 1229 3352 ¹

214 3419 387 3485 intellectus
408 3418 562 3503 intelligit,
584 3439 656 3485 eum
688 3438 745 3484 neo
768 3418 807 3483 sit
830 3416 907 3483 haee
930 3417 1059 3483 intentio
1084 3439 1139 3483 no·

215 3507 371 3585 minantis3
394 3526 450 3572 nee
474 3510 566 3573 etiarn
590 3504 742 3593 signifieat
755 3507 856 3595 ipsum
873 3503 1055 3589 intelligere,
1065 3526 1138 3574 curn
1228 3517 1229 3522 ’
