2484 3975
447 245 503 290 arn,
528 246 566 291 tv.
591 244 655 291 car.
680 245 730 289 vu.
999 224 1041 289 3³

121 313 226 402 plicari
252 334 314 379 non
338 314 446 402 possit,
470 330 502 378 ut
530 334 688 380 ostensum
712 326 759 377 est
781 313 816 398 (l.
843 313 872 390 1,
905 334 932 378 c.
971 314 1043 397 til),

121 406 260 491 sequitur
283 404 323 468 de
345 404 525 470 necessitate
548 403 634 491 quod
656 402 695 467 sit
717 402 827 468 cadem
840 422 971 468 numero
986 424 1041 467 na·

121 507 188 558 tora
212 506 243 558 et
264 495 395 558 essentia
418 494 450 557 in
474 491 564 558 Patre
586 499 617 557 et
639 490 728 556 Filio.
1022 552 1027 559 .

187 581 274 660 item,
299 581 410 647 Ultima
434 594 536 647 nostra
564 580 723 647 beatitudo
747 580 778 645 in
801 578 869 645 solo
892 579 960 645 Deo
982 593 1041 657 est,

117 669 151 733 in
175 691 238 757 quo
262 671 356 735 etiam
381 669 448 735 solo
471 688 541 757 spes
565 669 702 735 hominis
725 668 817 735 debet
841 669 913 755 poni
937 682 968 734 et
991 671 1040 735 cui

118 758 176 823 soli
199 772 245 825 est
267 758 369 825 honor
390 757 496 824 latriae
518 758 722 836 exhibendus,
745 770 778 823 ut
801 771 848 823 est
881 770 1040 824 ostensum

119 846 155 927 (l.
178 848 210 926 5,
233 868 260 913 c.
283 846 371 930 tto).
394 847 557 913 Beatitudo
580 861 684 911 autem
709 860 813 913 nostra
837 850 868 911 in
893 846 949 911 Dei
962 846 1039 912 Filio

118 948 175 1012 est3
198 936 270 1001 dicit
292 938 385 1001 enim:
410 936 494 1001 Haec
516 938 641 1001 rotoilo
656 946 794 1015 actuum
809 946 843 1001 at
857 948 1041 1021 copaoacoat

122 1034 162 1102 tc,
174 1025 289 1089 scilicet
312 1025 466 1091 Patrem...
479 1036 508 1089 ct
519 1044 608 1110 quem
630 1026 745 1090 misisti
755 1026 859 1090 lesam
873 1026 1039 1103 dinatum,

117 1112 218 1192 loun,
243 1114 294 1191 17,
318 1114 349 1193 5;
372 1128 402 1179 et
421 1114 533 1179 dicitur
555 1113 596 1179 de
629 1114 706 1178 Filio
742 1114 828 1199 quod
866 1125 913 1179 cat
947 1134 1039 1179 uerus

118 1200 204 1266 Deua
226 1214 257 1266 ec
277 1204 343 1268 uita
365 1215 503 1281 aetnae,
529 1204 542 1268 1
569 1204 671 1281 ioan„
694 1203 725 1281 d,
747 1204 802 1280 203
838 1216 958 1268 certum
993 1216 1039 1268 est

115 1302 219 1355 autem
243 1293 371 1357 nomine
394 1292 473 1357 vitae
496 1306 640 1357 aeternae
671 1292 701 1355 in
739 1291 905 1378 Scripturis
943 1294 1037 1357 sacris

117 1378 259 1444 ultimam
283 1379 506 1446 beatitudinem
530 1380 708 1465 significari
730 1380 803 1446 dicit
825 1382 909 1446 eninr
945 1381 1037 1446 isaias

115 1466 157 1532 de
178 1468 266 1547 Filio,
289 1483 323 1534 ut
346 1468 508 1557 Apostolus
531 1469 659 1535 inducit:
682 1467 751 1535 Erit
770 1470 866 1534 radia
889 1470 974 1533 lesse
1007 1480 1039 1533 et

115 1558 170 1642 qai
190 1570 317 1643 ecarpct
336 1578 442 1643 repere
463 1570 576 1645 partes,
592 1560 627 1623 ira
642 1578 711 1623 cum
732 1569 837 1644 pentes
857 1556 1037 1641 speram,

116 1645 216 1726 Rom,
229 1646 282 1725 15,
297 1648 349 1725 11;
359 1648 473 1713 dicitur
487 1649 592 1713 etiam:
608 1647 648 1713 Et
658 1647 916 1713 odorabantarrra
931 1664 1036 1711 ornnes

114 1754 202 1819 repes
225 1748 337 1811 terroe,
357 1756 463 1801 aranea
484 1748 588 1822 pentes
611 1738 746 1801 servient
761 1739 801 1813 ei,
832 1736 958 1814 Psalm,
981 1734 1035 1814 71,

116 1822 170 1899 11;
193 1838 223 1888 et
245 1824 365 1890 dicitur:
400 1826 520 1891 -Omaea
558 1826 758 1912 aoaoapaenr
794 1824 921 1903 Filium,
958 1824 1038 1890 sicut

115 1912 322 1997 honorificant
342 1914 480 1993 Patrona,
501 1915 602 1993 loun,
616 1915 713 1994 5353
736 1929 767 1979 et
790 1916 901 1980 iterum
913 1913 1035 1992 dicitur,

114 2002 254 2067 Adorate
275 2023 355 2082 cum,
376 2023 482 2070 omncs
504 2005 615 2090 Aapcli
644 2006 722 2089 siaa,
759 2003 872 2070 Psalm.
911 2004 965 2082 96,
1003 2005 1036 2082 7;

114 2089 197 2174 quod
222 2091 262 2156 de
285 2092 362 2158 Filio
385 2093 548 2181 Apostolus
586 2093 764 2171 introducit,
799 2093 903 2171 llebr.,
938 2094 968 2173 1,
1003 2094 1034 2158 6.

114 2178 306 2247 Manifestum
330 2195 376 2248 est
398 2183 490 2268 igitur
513 2181 625 2248 Filium
642 2181 699 2246 Dei
722 2201 829 2247 veram
841 2182 943 2248 lleurn
956 2203 1033 2248 esse.

180 2268 224 2332 lld
248 2272 306 2336 lroc
329 2271 421 2336 etiam
444 2269 674 2337 ostendendum
696 2271 799 2336 valent
821 2291 857 2336 ea
880 2291 960 2357 quac
982 2291 1034 2336 su·

114 2357 218 2444 perius
241 2374 346 2424 contra
370 2360 536 2424 Photinum
562 2359 688 2425 inducta
712 2359 845 2424 samad
869 2358 1035 2423 ostenden·

114 2446 189 2511 dum
213 2445 369 2511 Christum
390 2447 492 2512 Deum
515 2467 583 2513 esse
607 2467 671 2512 non
694 2447 820 2523 lactum,
843 2446 898 2512 sed
914 2467 1032 2511 verum.

180 2532 221 2600 lix
245 2535 420 2622 praemissis
444 2537 536 2619 igitur
558 2549 589 2601 et
599 2536 810 2602 consimilibus
826 2535 939 2601 Sacrae
952 2534 1031 2601 Scri·

111 2636 221 2710 pturae
243 2624 437 2691 documentis
460 2623 593 2690 Ecclesia
617 2625 768 2689 catlrolica
791 2623 911 2702 edocta,
945 2622 1033 2690 durt-

111 2727 193 2777 statu
217 2731 325 2778 reruni
349 2727 380 2778 et
406 2713 578 2780 naturalem
614 2713 672 2778 llci
711 2713 822 2778 Filium
858 2713 1032 2790 confitetur,
1098 2699 1128 2756 (⁴⁹

110 2815 312 2868 coaeternum
336 2801 416 2878 Patri
433 2816 464 2868 ct
477 2803 638 2890 aequalem
654 2816 685 2868 et
708 2821 816 2867 rerum
832 2801 933 2868 Deum
948 2803 1031 2888 ejus·

110 2889 183 2956 dem
206 2891 357 2958 esseutiae
382 2905 412 2958 et
435 2907 562 2958 naturae
584 2913 656 2958 cnm
680 2891 782 2970 Patre,
805 2892 954 2976 genitum,
968 2914 1031 2959 non

109 2995 248 3045 creatum
273 2999 330 3045 uec
350 2979 476 3047 iactum.
501 2981 588 3046 Unde
612 2994 696 3067 patct
720 2981 806 3066 quod
830 2981 896 3046 sola
930 2982 1031 3047 Eccle-

109 3069 175 3132 siae
196 3067 365 3136 catlrolicae
395 3070 472 3136 litlcs
496 3089 569 3135 vere
591 3068 756 3135 confitetur
797 3070 1030 3154 generationem

108 3157 141 3220 in
165 3157 242 3236 Deo,
267 3157 342 3222 dum
366 3158 464 3246 ipsam
487 3158 721 3244 generationem
745 3157 813 3224 Filii
837 3157 876 3223 ad
900 3159 961 3223 boc
983 3179 1030 3223 rc·

107 3243 167 3310 ten
189 3245 273 3334 quod
295 3245 391 3312 Filius
413 3249 529 3335 accepit
551 3247 688 3312 divinans
712 3262 854 3312 naturam
884 3267 903 3312 a
926 3246 1026 3312 Patre.

107 3333 165 3399 dlii
187 3354 272 3415 vero,
294 3336 452 3416 haeretici,
475 3337 514 3402 ad
537 3336 672 3422 aliquam
690 3351 868 3401 extraneam
885 3349 1027 3402 naturam

107 3422 188 3490 hanc
210 3426 442 3510 generationem
464 3424 613 3502 reierunu
647 3424 797 3490 Photinus
831 3424 959 3511 quidem
998 3439 1029 3492 et

104 3511 260 3578 sabellius
283 3512 323 3578 ad
351 3514 530 3588 humanam,
554 3515 643 3580 Arius
666 3527 781 3595 autem,
804 3533 870 3580 uon
893 3513 933 3580 ad
971 3512 1028 3581 hu·

176 3601 208 3668 S.
237 3601 291 3667 Tit.
318 3601 462 3670 Sarmatae
485 3603 566 3670 Patr.
592 3602 626 3672 V.
651 3603 682 3670 5.
965 3622 985 3668 a
