2484 3975
409 241 466 288 rm.
488 241 528 288 rr.
551 243 615 290 cir.
639 244 720 290 nur.
946 222 1012 289 tou

88 326 121 380 et
144 310 460 391 morinensium,
493 313 633 397 quamvis
655 326 686 379 ct
708 315 769 379 lroo
797 311 925 399 quidam
948 333 1012 378 non

87 401 132 468 de
154 400 270 488 Spiritu
293 399 416 480 Sancto,
439 401 494 468 sed
521 403 561 468 de
597 421 670 468 aere
703 401 875 486 intelligere
909 401 1015 481 velint,

87 491 143 578 qui
167 489 260 556 lrabet
281 489 454 556 naturalem
478 491 581 556 locum
604 509 699 578 super
721 509 843 576 aquarn3
859 489 951 569 unde,
974 488 1014 555 ad

87 579 158 665 ejus
170 578 368 644 multimodas
377 582 649 645 transmutationes
658 579 885 663 significandas,
897 579 1013 643 dictum

87 682 136 734 cst
160 667 243 754 quod
267 667 425 753 fueboutr
447 687 540 752 anper
555 687 663 754 aquus.
679 668 771 750 Quod
785 667 877 737 ctiam
894 666 1015 731 dicitnr:

86 756 260 841 Effundam
281 756 427 840 spiritum
460 777 562 822 meum
594 777 689 842 cuper
721 775 843 821 omnem
878 775 1015 835 curnem,

87 846 179 920 luel,
203 846 235 924 ἢ,
257 844 312 918 ἳὸ,
334 865 371 910 ea
394 844 512 910 ratione
542 847 658 912 dictum
682 866 750 911 csse
785 858 906 932 oportet
927 843 1015 909 intel·

89 934 145 1019 ligi
167 954 229 1021 qua
252 933 383 1020 Spiritus
417 932 547 1000 Sanctus
571 935 686 1001 dicitur
720 935 798 999 mitti
837 933 1015 998 hominibus

90 1021 225 1092 uPatre
247 1021 296 1086 rel
318 1022 405 1102 Filio,
440 1035 473 1088 ut
507 1023 623 1090 dictum
647 1035 704 1100 esu
726 1022 822 1088 serlro
845 1035 949 1088 antem
972 1021 1016 1106 es·

90 1111 222 1195 strumus
247 1110 434 1176 abundantia
457 1110 584 1178 ellectus
619 1112 753 1198 Spiritus
775 1111 879 1175 Sancti
903 1109 1017 1174 intelli-

91 1200 184 1284 gitur,
208 1199 344 1285 ecquod
371 1219 434 1264 non
468 1202 560 1268 stabit
583 1202 614 1265 in
639 1221 714 1281 uno,
747 1199 804 1265 sed
834 1200 876 1266 ad
912 1197 1017 1287 plures

91 1288 287 1367 devenient
322 1288 435 1376 quibus
473 1291 567 1355 etiam
602 1287 836 1376 quodammodo
869 1291 900 1352 in
939 1288 1017 1353 elios

90 1376 257 1457 derivetur,
280 1378 358 1444 sicut
380 1390 465 1465 patet
494 1380 596 1446 initis
630 1397 711 1465 quae
732 1377 933 1465 corporaliter
968 1375 1014 1442 el·

90 1464 274 1532 funduntur.

157 1555 306 1622 Similiter
327 1566 443 1635 autem,
465 1554 549 1640 quod
572 1552 694 1620 dicitur:
717 1554 869 1639 Auferam
890 1553 930 1618 de
953 1556 1017 1639 api·

91 1644 157 1709 ritu
180 1655 242 1724 tuo,
276 1645 459 1729 aaronque
491 1644 547 1725 eir,
581 1643 708 1710 Numer.
734 1645 786 1721 ll,
809 1644 862 1720 17,
885 1664 947 1708 non
977 1643 1017 1708 ad

90 1731 191 1818 ipsam
214 1733 380 1800 essentium
420 1751 476 1797 scu
500 1753 665 1821 personam
688 1732 820 1819 Spiritus
842 1731 945 1797 Sancti
969 1751 1018 1796 rc·

92 1820 258 1887 ferendum
281 1835 338 1900 est,
359 1841 432 1886 cum
463 1822 656 1889 indivisibilis
678 1822 727 1900 sit,
760 1821 815 1886 sed
850 1821 889 1885 acl
923 1821 1019 1908 ipsius

93 1910 220 1976 effectus
243 1910 415 1977 secundum
444 1930 522 1999 quos
556 1911 588 1976 in
624 1910 715 1976 nuliis
748 1909 875 1988 habitat,
909 1910 1016 1996 quiin

93 1999 222 2065 humine
252 2012 380 2088 possunt
413 2000 518 2087 augeri
542 2013 573 2067 et
595 2000 705 2079 minui,
740 2020 803 2064 non
838 2012 941 2064 tamen
977 1998 1017 2065 ita

91 2089 230 2175 quodid
254 2088 338 2176 quod
360 2089 550 2155 subtrahitur
578 2090 632 2155 uni
666 2090 749 2154 tuam
774 2108 907 2154 numero
931 2087 1019 2153 alteri

93 2176 280 2257 conseratur,
303 2178 380 2243 sicut
402 2179 433 2242 in
456 2178 551 2244 rebus
583 2177 796 2265 corporalibus
820 2177 940 2256 accidit,
963 2175 1018 2241 secl

92 2267 164 2354 quia
188 2266 302 2353 aliquid
330 2266 430 2332 simile
465 2280 565 2354 potest
587 2285 764 2333 accrescere
798 2268 851 2331 uni
888 2268 920 2330 in
955 2284 1019 2351 quo

95 2355 147 2420 alii
170 2355 331 2421 decrescit.
367 2355 430 2420 Neo
452 2369 556 2421 tamen
580 2356 758 2442 requiritur,
769 2354 809 2419 acl
833 2355 892 2419 lroo
914 2367 948 2418 ut
971 2372 1020 2418 ac·

94 2456 212 2510 crescat
234 2444 300 2526 nni,
323 2443 408 2530 quod
430 2443 518 2509 alteri
548 2444 758 2523 subtrahatur,
790 2442 863 2529 quia
887 2460 936 2506 rcs
958 2442 1021 2528 spi·

94 2532 211 2600 riturlis
235 2546 335 2621 potest
356 2531 459 2610 simul,
496 2531 613 2618 absque
636 2532 823 2597 detrimento
844 2528 1019 2615 cujuslibet,

96 2621 276 2709 upluribus
299 2620 460 2709 possideri.
496 2620 584 2686 Unde
607 2639 665 2685 nec
704 2619 940 2704 intelligendum
974 2632 1021 2684 est

96 2710 180 2798 quod
204 2711 243 2777 de
267 2710 357 2776 donis
379 2709 587 2797 spiritualibus
613 2708 787 2796 oportuerit
807 2707 923 2795 aliquid
946 2710 1022 2773 sub·

96 2799 175 2866 trahi
198 2801 294 2887 llloysi
322 2798 361 2865 sd
397 2801 456 2865 lino
478 2798 562 2886 quod
586 2797 654 2863 aliis
676 2795 879 2875 consenum,
902 2797 958 2861 scd
980 2797 1020 2861 acl

95 2901 198 2955 actum
222 2890 286 2956 sire
306 2888 347 2953 ad
370 2885 504 2955 officium
528 2885 727 2953 referendum
749 2897 812 2963 est,
834 2887 905 2972 quia
936 2886 1019 2971 quod

95 2978 227 3064 Spiritus
251 2976 382 3043 Sanctus
416 2978 501 3064 prius
523 2996 579 3064 per
601 2975 702 3041 solum
727 2974 855 3061 lloysen
878 2973 1020 3039 elicuerat

94 3079 200 3155 postea
223 3067 406 3155 perplures
441 3065 589 3152 implerit.
612 3063 664 3128 Sic
685 3063 780 3128 ctiam
802 3082 860 3128 nec
883 3062 1020 3127 Elisaeus

96 3155 182 3243 petiit
196 3170 228 3221 ut
251 3154 382 3243 Spiritus
404 3153 506 3219 Sancti
530 3152 663 3218 essentia
687 3171 743 3217 seu
766 3169 898 3239 persona
922 3149 1021 3236 dupli·

95 3257 160 3310 cata
181 3258 359 3330 augeretur,
385 3242 441 3309 sed
465 3256 498 3306 ut
519 3241 582 3307 cluo
612 3241 739 3307 effectus
762 3240 896 3327 Spiritus
918 3237 1023 3301 Sancti

95 3334 147 3419 qui
170 3331 344 3397 lucrant-in
378 3331 454 3409 ulia,
481 3330 596 3396 scilicet
618 3329 783 3416 prophetia
816 3341 847 3393 et
881 3325 1020 3413 operatio

97 3421 327 3499 miraculorum,
349 3433 451 3486 essent
485 3420 577 3483 etiarn
601 3419 633 3482 in
656 3419 734 3504 ipso,
759 3415 900 3502 quamvis
923 3417 1018 3478 etiam

98 3530 161 3577 non
182 3511 223 3577 sit
242 3508 461 3580 inconveniens
483 3508 566 3597 quod
582 3506 742 3575 effectibus
763 3506 896 3595 Spiritus
913 3502 1021 3569 Sancti
