2484 3975
246 227 310 293 lot
518 247 575 292 tta.
599 248 637 293 tv.
662 247 725 294 cra.
750 249 849 294 rrrvr.

244 319 410 395 humanae,
434 315 511 380 siout
533 331 563 382 et
586 317 766 382 intellectus.
790 319 822 383 Si
846 317 938 402 igitur
970 315 1001 381 in
1039 314 1169 382 Christo

244 404 385 470 nonfuit
412 405 469 469 alia
507 406 647 471 voluutas
680 421 803 492 praeter
840 406 1027 471 voluntatem
1059 405 1168 485 Verbi,

244 497 309 580 puri
334 495 452 558 ratione
474 515 531 560 nee
553 494 608 560 luit
634 497 663 559 in
688 516 725 560 eo
741 496 913 561 intellectus
935 508 1059 580 praeter
1073 495 1166 560 iutel-

238 583 357 649 -leotum
379 583 481 659 Verbi,
498 594 535 649 'et
556 584 600 649 sie
611 584 723 649 redibit
737 587 847 670 positio
869 582 1061 670 Apollinaris.

310 672 459 758 Amplius,
481 671 512 736 Si
535 673 566 736 ia
590 671 712 738 Christo
734 673 790 737 luit
804 686 921 738 tanturn
939 692 999 736 una
1012 671 1168 750 iduatas,

245 774 366 848 oportet
389 761 473 847 quod
496 760 527 825 in
550 781 589 825 eo
612 760 704 826 luerit
731 762 832 828 solum
870 761 1011 826 voluutas
1047 760 1169 837 divium

129 872 132 878 ·
244 871 307 916 uon
330 849 414 915 enim
438 849 574 915 Verbum
599 849 789 915 voluntatem
811 851 960 928 divinam,
989 870 1086 935 qrram
1127 853 1167 914 ab

244 953 371 1005 aeterno
394 938 512 1015 habuit,
534 939 674 1003 atnittere
698 940 805 1024 potuit.
828 940 873 1004 Ad
897 939 1088 1004 voluntatem
1110 959 1165 1004 au·

244 1043 308 1093 tem
330 1028 465 1091 divinam
488 1047 551 1092 non
586 1027 717 1113 pertinet
755 1029 877 1105 mereri,
910 1029 982 1113 quia
1016 1028 1165 1092 meritum

245 1131 291 1180 est
314 1115 440 1201 alicujus
474 1114 505 1179 in
544 1115 763 1201 perlectionem
796 1117 958 1181 tendentis.
996 1114 1047 1180 Sie
1070 1117 1167 1200 igitur

245 1204 383 1270 Christus
407 1223 507 1290 neque
530 1205 587 1269 sibi
612 1224 713 1289 neque
741 1207 828 1271 nobis
850 1227 905 1270 sua
929 1205 1073 1291 passione
1096 1225 1164 1268 rne-

246 1295 368 1370 r·uisset;
405 1293 492 1378 eujus
515 1293 702 1357 eontrarium
725 1291 815 1359 decet
837 1293 1010 1380 Apostolus,
1044 1292 1166 1357 diaetis:

246 1384 360 1447 Faetus
382 1395 428 1446 est
450 1379 594 1446 obediens
617 1381 698 1445 Patri
722 1403 815 1467 itaque
837 1384 880 1446 aol
901 1393 1074 1457 mortem...‚
1087 1402 1167 1464 pru-

242 1483 315 1556 pter
336 1471 418 1555 quod
441 1483 469 1535 el
485 1471 568 1535 Deua
590 1471 740 1535 enullavit
760 1473 861 1550 illum,
884 1470 1027 1556 Philipp,
1037 1469 1072 1548 A,
1093 1469 1165 1534 Μ.

313 1561 485 1638 Praeterea,
508 1561 539 1626 Si
565 1561 595 1623 in
618 1559 741 1625 Christo
763 1560 903 1625 voluntas
925 1561 1061 1624 humana
1100 1580 1165 1622 nou

154 1711 156 1718 .
245 1649 313 1728 luit,
337 1649 475 1734 sequitur
497 1649 579 1733 quod
603 1668 705 1734 nequa
726 1649 897 1713 seeundum
932 1662 1077 1711 naturam
1118 1668 1166 1712 as·

246 1751 399 1825 sumptam
423 1737 648 1802 liberi'arbitrii
671 1736 738 1810 luta
760 1757 832 1802 nam
853 1736 1025 1802 seeundum
1054 1735 1165 1800 volun-

244 1843 337 1893 tatem
362 1843 407 1890 est
430 1828 524 1890 ltomo
547 1825 635 1890 liberi
659 1826 785 1891 arbitrii.
808 1827 859 1891 Sie
881 1826 974 1910 igitur
995 1844 1057 1888 non
1087 1845 1163 1910 age·

245 1917 296 1982 bat
319 1916 457 1982 Christus
481 1916 576 1979 ltomo
599 1914 637 1978 atl
661 1915 789 1980 modum
811 1913 1020 1993 hamarisstad
1036 1913 1076 1977 ad
1093 1934 1163 1978 rno-

160 2017 164 2043 ¹
244 2008 319 2071 tium
342 2004 472 2069 aliorum
496 2004 691 2082 animalium,
713 2022 793 2089 quae
814 2004 912 2069 libero
950 2003 1077 2067 arbitrio
1111 2024 1164 2067 oa·
1215 2027 1216 2090 t

243 2108 320 2159 rent.
345 2093 426 2158 Nihil
449 2094 540 2177 igitur
562 2094 594 2156 in
618 2092 686 2177 ejus
708 2094 827 2160 aeribus
850 2083 1019 2157 virtuosum
1042 2106 1074 2155 et
1096 2091 1166 2157 lau·
1215 2123 1217 2214 p

243 2183 345 2248 debile
368 2195 419 2247 aut
442 2182 531 2246 nubis
554 2181 738 2248 imitandum
762 2182 828 2247 luit.
852 2182 978 2246 Frustra
1002 2180 1098 2263 igitur
1120 2182 1166 2245 di·

243 2274 293 2337 eit:
316 2271 433 2339 Discite
456 2291 476 2334 a
499 2290 560 2348 me,
582 2272 656 2355 quia
677 2273 763 2335 mitia
785 2291 852 2334 aum
874 2283 904 2334 et
917 2270 1043 2334 Attmilir
1059 2271 1167 2346 eorde,

242 2360 357 2438 llattlt,
381 2361 433 2438 ll,
455 2359 508 2435 aa
524 2374 563 2423 et:
579 2358 766 2443 Exemplum
781 2360 856 2424 dedi
866 2358 952 2423 uoltis
962 2370 998 2423 ut
1011 2365 1165 2443 quemod-

241 2451 368 2515 modum
386 2468 442 2535 ’φο
463 2448 522 2532 feei
543 2448 641 2527 vobis,
669 2454 714 2514 ita
738 2460 767 2512 rt
788 2468 842 2513 aar
871 2442 1012 2532 sanetis,
1039 2448 1167 2527 lotan„

244 2540 297 2615 15,
322 2539 373 2603 tlt

311 2628 428 2706 Adhuc,
452 2624 486 2689 ln
508 2645 572 2690 uno
595 2625 722 2689 homine
745 2645 835 2711 puro,
856 2623 996 2711 quamvis
1016 2624 1055 2688 sit
1089 2646 1165 2711 sup·

245 2718 344 2805 posito
366 2736 457 2795 unus,
478 2728 549 2779 sunt
574 2727 676 2778 tamen
699 2714 802 2800 plures
824 2728 855 2777 et
877 2713 1028 2800 appetitus
1040 2726 1070 2778 et
1087 2734 1165 2800 ope-

244 2807 377 2871 rationes
398 2804 568 2869 seeuntlum
592 2802 713 2866 diversa
735 2802 884 2867 naturalia
907 2801 1065 2888 principia.
1083 2802 1164 2866 Num

245 2894 416 2958 secundum
441 2889 620 2956 rationalem
644 2903 774 2977 par-tem,
796 2892 874 2955 inest
897 2893 925 2954 ei
949 2890 1166 2965 voluntas3se-
1212 2939 1213 2974 ,

244 2983 381 3047 eundum
404 2980 590 3056 sensitivam,
614 2979 693 3043 inest
715 2980 744 3043 ei
769 2978 932 3044 irascibilis.
950 2993 980 3043 et
1014 2982 1164 3066 eoncupi-

244 3070 367 3148 seibilis,
382 3085 541 3135 etrursus
562 3066 711 3133 naturalis
734 3069 887 3155 appetitus
910 3072 1164 3153 consequenrvi-
1211 3137 1212 3148 ,

241 3182 292 3225 res
315 3157 477 3224 naturales.
499 3156 647 3221 Similiter
668 3169 771 3221 autem
794 3172 825 3221 et
845 3155 1016 3221 seeundum
1032 3157 1166 3223 oculum
1211 3155 1212 3226 l

240 3250 334 3325 ridet,
356 3248 526 3313 seeundum
550 3265 657 3310 aurem
671 3245 765 3323 audit,
788 3245 866 3331 pede
889 3246 1039 3323 ambulat,
1053 3245 1164 3330 lingua

239 3340 375 3425 loquitur
396 3350 426 3401 et
447 3350 552 3400 mame
574 3333 729 3417 intelligia
752 3353 832 3419 quae
860 3347 930 3399 sunt
963 3336 1166 3421 operationes
1210 3369 1211 3396 i

240 3434 387 3494 diuersae.
411 3428 445 3491 Et
468 3427 527 3489 hoe
549 3422 620 3487 ideo
643 3435 689 3487 eat
712 3424 782 3509 quia
798 3424 994 3509 operationes
1006 3443 1068 3488 non
1081 3429 1171 3489 mul*
1210 3417 1211 3480 l

240 3518 414 3603 tiplioantur
435 3513 535 3577 solunt
559 3510 729 3574 secundum
754 3511 873 3576 diversa
912 3511 1049 3596 subjecta
1084 3532 1165 3599 ope·

1207 3797 1210 3930 t
