2484 3975
225 207 268 277 90
532 227 588 273 nra.
612 227 651 274 ιν.
674 227 831 275 carauni.

223 296 298 366 dicit
320 313 399 384 quae
421 315 513 382 supro
540 298 658 364 dixerat
694 297 795 362 Deum
830 296 966 382 operari,
983 308 987 313 ’
1002 310 1072 364 tum·
1103 320 1144 368 ex

220 389 282 455 boe
304 385 387 471 quod
408 404 480 450 eum
504 406 560 470 pro
584 407 659 453 suae
682 386 846 452 voluntatis
877 386 1002 452 arbitrio
1018 390 1150 472 operari·

220 473 393 542 confitetur.
416 473 609 542 Manifestum
632 489 678 542 est
700 476 795 561 igitur
816 475 964 563 Spiritum
992 474 1142 545 Setinum

220 565 323 634 Deum
345 583 423 632 esse.

520 739 581 808 ct
598 741 621 806 t>
639 740 705 806 UT
729 741 843 809 ΧΥΙΙΙ.

267 921 357 1004 Qttod
381 920 516 1008 Spiritus
540 917 673 984 Sortem
695 920 737 985 sit
761 917 932 986 tobriatena
950 939 1099 1005 petrono.

262 1056 349 1165 'Sed
371 1099 442 1185 quia
477 1065 602 1184 quidum
636 1095 784 1182 Spiritum
817 1094 964 1163 Sanctum
1002 1113 1146 1166 asserunt

220 1209 284 1258 non
308 1208 376 1254 esse
398 1206 563 1275 personam
601 1186 829 1264 subsistentem,
867 1186 922 1251 sed
956 1187 1004 1252 rel
1042 1187 1144 1273 ipsam

160 1306 165 1318 ·
221 1277 410 1343 divinitatem
435 1277 533 1343 Patris
556 1289 586 1340 et
610 1274 688 1351 Filii,
712 1285 745 1339 ut
773 1273 900 1358 quidam
930 1275 1145 1344 Macedoniani

221 1365 334 1432 dixisse
357 1364 568 1451 perhibentur,
591 1363 639 1428 vel
660 1363 751 1427 etium
768 1363 903 1449 aliquem
921 1364 1145 1432 accidentalem

221 1454 441 1543 perfectionem
465 1454 576 1520 mentis
600 1473 616 1516 a
643 1451 712 1516 Deo
749 1452 838 1517 uobis
877 1451 1034 1532 donatam,
1068 1468 1145 1541 puta

220 1544 402 1631 sapientiam
426 1543 474 1608 vel
513 1543 692 1608 eburitotem
720 1540 768 1605 vel
802 1541 918 1626 aliquid
952 1541 1144 1626 hujusmodi,

220 1651 301 1718 quoe
324 1632 542 1718 participantur
564 1652 582 1696 a
605 1629 693 1694 nobis
716 1629 1142 1714 sicutquaedamacoidentia

219 1734 332 1799 crecta,
347 1723 460 1786 'contro
484 1721 543 1786 boe
566 1716 794 1786 ostendendum
818 1733 865 1784 est
884 1717 1034 1805 Spiritum
1060 1719 1141 1786 San·

219 1823 303 1876 etum
327 1829 388 1875 non
413 1827 480 1874 ease
503 1807 617 1895 aliquid
641 1806 830 1890 hujusmodi.

253 1901 256 1906 '
284 1898 351 1963 Non
374 1898 456 1963 enim
481 1897 599 1964 formae
625 1895 828 1960 occidentales
851 1894 975 1983 proprie
1004 1917 1143 1984 ,operan-

217 2000 280 2063 tur‚
302 1988 356 2053 sed
380 1986 478 2071 magis
501 1986 620 2052 babens
645 2004 707 2058 eos,
731 2006 787 2071 pro
822 2005 897 2051 suec
934 1983 1062 2053 arbitrio
1085 2008 1144 2055 vo·

217 2076 352 2153 fruitetis
375 2076 470 2141 bomo
493 2077 577 2139 enim
601 2075 723 2159 sapiens
747 2074 841 2139 utitur
877 2074 1028 2160 sapientie
1065 2096 1143 2145 cum

215 2164 290 2230 vuit.
315 2163 376 2229 Sed
400 2164 530 2249 Spiritus
555 2163 685 2229 Sanctus
708 2177 852 2247 operatur
886 2183 943 2249 pro
974 2184 1050 2229 suae
1088 2186 1142 2231 nr-

216 2252 315 2319 bitrio
331 2252 505 2327 vofuntotis,
529 2265 561 2317 ut
584 2268 743 2317 ostensum
766 2266 812 2316 est
833 2252 876 2337 (e.
900 2252 968 2336 17).
999 2252 1066 2319 Nou
1083 2254 1143 2339 igi-

216 2353 266 2407 tur
288 2355 334 2407 est
356 2340 566 2407 aestimandus
589 2340 722 2427 Spiritus
748 2338 878 2407 Sanetus
914 2340 999 2406 uelut
1034 2339 1142 2430 aliqua

214 2429 411 2496 occidentalis
436 2428 583 2515 perfectio
605 2432 726 2494 mentis.
993 2481 995 2486 .

282 2519 371 2597 item,
392 2517 526 2605 Spiritus
549 2518 692 2596 Sanctus,
715 2531 748 2583 ut
770 2536 807 2583 ex
841 2516 1007 2605 Scripturis
1043 2517 1142 2585 doec·

212 2623 295 2687 mur,
318 2627 411 2673 causa
435 2622 480 2673 est
493 2608 633 2672 omniurn
648 2605 868 2692 perfectionum
883 2606 1037 2673 bumoose
1049 2628 1142 2675 men·

212 2695 263 2773 tis3
284 2695 358 2761 dicit
385 2695 468 2760 enim
494 2694 666 2781 bpostoius:
693 2695 837 2760 Cburitos
859 2693 922 2762 Dei
954 2697 1070 2782 diflusa
1090 2707 1144 2767 est

212 2784 246 2847 in
269 2783 414 2849 cordibus
435 2784 551 2849 nostris
572 2804 631 2868 per
656 2782 806 2867 Spiritm
831 2783 988 2863 Sanctum,
1003 2785 1057 2872 ptri
1078 2789 1142 2853 do·

214 2882 263 2936 tor
285 2884 331 2937 est
353 2872 451 2951 nobis,
475 2872 575 2952 Rom,
599 2872 630 2949 5,
653 2872 684 2944 br
712 2886 751 2936 et:
773 2872 839 2937 Aet
860 2873 983 2958 quidem
991 2894 1051 2958 per
1067 2873 1143 2958 Spi-

210 2960 309 3025 ritum
331 2962 431 3026 dotus
452 2981 552 3025 sermo
584 2961 770 3044 sapientiae,
804 2961 862 3025 otti
898 2974 1000 3027 cutem
1034 2982 1141 3030 ammo

210 3050 356 3113 scientior
375 3046 541 3115 seeundum
564 3052 707 3115 eumdem
731 3048 919 3135 Spiritum,f
940 3049 1021 3129 Con,
1038 3053 1091 3130 12,
1102 3042 1161 3132 83¹

211 3150 243 3202 et
278 3138 322 3203 sic
357 3136 397 3202 de
434 3136 510 3203 ubis.
544 3138 610 3203 Ncn
646 3159 721 3223 ergo
758 3138 888 3226 Spiritus
920 3138 1051 3205 Sanctus
1086 3155 1140 3209 est

211 3225 420 3291 aestimandus
432 3226 520 3313 quusi
537 3227 639 3317 aliquo
652 3227 847 3293 occidentalis
859 3226 1005 3313 perfectio
1021 3230 1139 3298 mentis

210 3312 376 3391 humanae,
391 3332 461 3379 cum
479 3316 544 3404 ipse
560 3316 701 3382 omnium
715 3316 891 3402 hujusmodi
907 3315 1140 3404 perfectionum

210 3422 302 3467 causo
326 3404 443 3467 existat.
707 3413 709 3418 '

124 3572 125 3580 ἵ
239 3498 241 3503 “
276 3490 368 3575 Quod
391 3504 494 3557 autem
518 3490 552 3555 in
574 3491 702 3559 nomine
724 3491 854 3580 Spiritus
864 3491 967 3560 Sancti
989 3491 1140 3581 designe-
