2484 3975
194 207 258 274 otu
571 224 741 274 ortsoucurr

259 294 304 362 Ad
325 293 413 381 cujus
440 296 638 374 euidentiam,
671 295 932 363 considerandum
954 309 999 364 est
1022 297 1118 384 quod,

191 385 269 452 sicut
292 384 402 451 dicitur
425 386 456 452 in
480 385 600 452 decimo
614 385 904 473 Metaphysicorum,
919 387 1118 473 unumquod-

192 494 253 561 que
276 487 473 542 mensuratur
484 496 540 563 per
555 476 726 562 simplicius
740 475 788 540 sui
800 477 932 560 generis.
949 474 1000 540 list
1010 488 1116 542 autem

193 563 333 649 accipere
355 563 533 651 simpliciter
554 565 817 653 simplicissimum
842 564 1015 630 secundum
1037 565 1116 630 mul·

193 653 368 730 titudinem,
390 652 445 718 sed
468 674 531 720 uon
554 652 727 720 seeundum
740 653 996 739 magnitudinem
1012 665 1043 718 ει
1057 653 1115 719 hoc

191 741 239 806 vel
262 740 451 828 simpliciter,
473 743 551 808 sicut
574 744 674 810 unitas
698 757 744 808 est
766 761 911 806 mensura
935 743 1037 807 omnis
1059 763 1115 807 nu-

193 829 282 908 meri,
306 829 354 896 vel
376 830 408 896 in
438 830 505 918 ipso
527 849 643 916 genere
666 831 785 898 liabens
807 832 958 897 rationem
982 831 1117 914 generis,

193 919 271 984 sieut
294 918 430 984 binarius
452 933 498 984 εει
514 940 663 986 numerus
685 919 930 1007 simplicissimus
953 921 1117 985 minimam

194 1007 313 1072 habens
336 1009 601 1094 compositionem,
623 1008 913 1076 sednonmensura
927 1009 1117 1094 simpliciter,

194 1095 1115 1187 sedtantumnumerorumparium.Simplicissimumautem

194 1187 225 1250 in
248 1183 382 1250 motibus
394 1187 566 1252 secundum
580 1188 809 1254 multitudinem
824 1200 871 1252 est
882 1187 1000 1274 primus
1013 1200 1117 1253 motus

194 1292 255 1357 quo
280 1287 497 1340 mensurantur
519 1276 570 1341 alii
592 1292 705 1357 motus3
737 1275 908 1343 secundnm
942 1295 1015 1340 vero
1049 1295 1116 1340 ma-

194 1362 385 1446 gnitudinem
411 1382 473 1428 non
508 1381 554 1432 εει
576 1367 716 1452 accipere
737 1365 1009 1452 simplicissimum,
1042 1367 1116 1450 quia

194 1451 374 1534 magnitudo
398 1465 443 1516 εει
466 1453 855 1521 divisibilis-ininfinitum.
869 1453 911 1518 Ex
925 1466 1039 1518 statuto
1062 1453 1116 1540 (l)

194 1553 297 1604 tamen
326 1540 515 1625 significatui·
541 1545 704 1610 minimum
731 1543 903 1609 secundum
928 1541 1116 1626 magnitudi-

196 1647 279 1704 nem,
303 1630 341 1694 ad
365 1630 448 1716 quod
477 1634 580 1700 omnio
614 1645 842 1709 mensurantur,
868 1643 902 1696 ut
923 1630 1034 1718 pedale
1068 1633 1117 1697 rel

195 1717 383 1802 huiusmodi,
405 1735 436 1785 ει
458 1721 489 1786 in
513 1722 615 1810 aliquo
647 1722 775 1787 istorum
808 1739 932 1806 semper
964 1721 1021 1785 erit
1055 1719 1114 1786 ista

195 1825 339 1874 mensura
365 1822 398 1875 ut
420 1810 451 1875 in
473 1810 623 1896 subjecta
645 1810 685 1875 ad
708 1810 765 1875 alia
787 1821 893 1874 autem
917 1823 1117 1895 eomparatur

193 1909 227 1960 ut
250 1915 395 1965 mensura
419 1911 548 1976 tantum;
571 1899 642 1967 ideo
665 1914 787 1988 tempus
802 1911 848 1964 εει
863 1897 893 1961 in
909 1897 1009 1984 primo
1024 1912 1116 1964 motu

135 2000 137 2007 ’
193 2000 225 2051 ut
249 1985 279 2050 io
302 1988 450 2073 subjecto.
474 1988 553 2071 Quia
576 2010 651 2055 vero
672 1990 704 2054 in
728 1990 821 2054 rebus
850 1988 999 2053 ordinatis
1033 1989 1117 2054 inter

191 2095 225 2141 se
247 2096 427 2163 supremum
451 2078 548 2145 infimi
572 2079 691 2165 attingit
712 2078 855 2143 inlimum
877 2078 1025 2164 supremi,
1041 2077 1115 2142 ideo

192 2180 323 2252 tempus,
346 2166 377 2231 in
400 2186 547 2252 supremo
569 2170 628 2243 sni,
651 2167 704 2233 ubi
727 2179 773 2232 est
795 2168 873 2231 sicut
895 2167 926 2229 in
960 2166 1115 2251 subrecto,

190 2254 387 2339 conjungitur
410 2274 488 2321 aeto
511 2260 596 2343 quasi
621 2258 728 2323 infimo
751 2257 810 2335 sui,
833 2255 905 2341 quia
921 2274 1031 2320 aevum
1046 2276 1115 2320 non

189 2345 321 2427 pertinet
333 2342 372 2408 ad
383 2345 504 2409 caeluni
520 2347 576 2411 nisi
589 2348 668 2412 sicut
682 2366 828 2411 mensura
840 2357 969 2409 tantum.
982 2342 1116 2431 Oportet

192 2448 267 2516 ergo
290 2452 401 2498 aevum
423 2454 491 2499 esse
514 2437 601 2499 utin
624 2434 763 2522 subjecto
785 2435 817 2498 in
840 2452 875 2497 re
897 2432 948 2497 tali
971 2434 1020 2499 cui
1036 2452 1114 2497 con·

177 2519 325 2606 ‚jungitur
347 2524 511 2587 aeternitas
533 2524 564 2587 in
587 2525 705 2590 ratione
716 2541 891 2607 mensuraet
908 2520 991 2585 nulla
1007 2534 1114 2588 autem

191 2624 330 2674 creatura
354 2612 525 2679 secundum
549 2634 616 2679 esse
639 2632 731 2679 suum
760 2623 807 2676 est
839 2623 974 2676 aeterna.
1008 2610 1115 2676 l’otest

102 2714 107 2783 ζ
190 2716 293 2763 tamen
317 2700 488 2765 secundum
512 2703 663 2767 actionem
684 2721 773 2767 suam
798 2698 980 2788 participare
1012 2711 1113 2765 aeter·

192 2789 329 2867 nitatem,
352 2790 430 2875 sicut
464 2789 596 2875 Angelus
623 2791 675 2875 qui
699 2790 834 2854 intuetur
855 2807 906 2853 res
930 2790 961 2852 in
984 2787 1114 2874 speculo

192 2876 391 2955 aeternitatis3
413 2878 490 2943 haec
513 2879 594 2945 enim
618 2892 664 2943 εει
685 2877 832 2965 perfectio
855 2878 1006 2941 essentiae
1022 2889 1113 2941 natu-

191 2982 243 3027 rae
267 2966 434 3051 angelicae,
456 2967 570 3033 scilieet
592 2968 668 3033 visio
689 2966 815 3051 gloriae.
842 2968 957 3030 Aevom
984 2985 1060 3050 crgo
1076 2980 1113 3031 ut

190 3055 219 3117 in
244 3054 382 3141 sttbjecto
405 3057 463 3120 erit
485 3058 515 3120 in
539 3057 591 3121 illo
614 3056 667 3142 qui
690 3056 788 3141 magis
810 3054 970 3142 participat
993 3054 1032 3119 de
1056 3054 1110 3120 tali

188 3144 323 3221 risione3
358 3142 438 3209 illius
473 3146 557 3209 eninr
591 3146 734 3210 essentia
757 3160 803 3209 est
839 3148 939 3228 magis
972 3142 1108 3230 perlecta

186 3246 216 3296 et
238 3245 345 3299 natura
369 3232 541 3299 sublimata.
565 3234 600 3298 Et
622 3234 693 3299 ideo
715 3231 873 3320 supposito
885 3232 968 3317 quod
985 3231 1108 3297 Lucifer

187 3320 292 3387 luisset
313 3322 465 3388 maximus
487 3322 676 3409 Angelorum
697 3324 723 3389 si
745 3321 891 3400 stetisset,
911 3322 943 3386 in
965 3341 1003 3385 eo
1026 3319 1106 3387 foret

237 3514 276 3582 ll)
293 3514 333 3567 Ec
351 3522 460 3581 statuto,
479 3517 494 3570 i.
514 3532 537 3569 ε.
555 3531 588 3569 ex
605 3518 707 3571 unitate
723 3522 822 3571 statuta
840 3516 874 3570 ad
891 3516 1109 3573 mensurandum.
