2484 3975
215 198 286 273 tto‘
520 223 577 270 tra.
601 225 641 270 rr.
664 225 729 270 uua.
752 225 833 272 ιιιιιι.

213 315 293 364 unus
316 293 377 360 alio
399 293 606 360 abundantius
631 295 800 381 participet,
823 288 994 358 secuudum
1008 290 1145 381 duplam
1223 370 1224 385 p

213 384 261 450 uel
283 396 567 470 quantamcumque
590 384 682 448 aliam
700 383 945 470 proportionem,
962 401 1033 446 cum
1045 403 1144 448 men·
1223 398 1224 407 ¹

209 487 314 538 surata
341 473 379 538 sit
414 475 508 538 virtus
538 472 779 557 uniuscujusque
813 485 905 558 atque
939 469 1036 536 linita:
1070 493 1142 538 non

129 611 133 619 a
213 577 315 627 tamen
339 561 399 626 hoo
437 564 693 649 praesumpsisset
726 561 860 625 Elisaeus
897 572 1001 647 petere
1035 573 1069 625 ut
1088 554 1142 627 'in

212 649 324 716 effectu.
345 650 494 738 spirituali
517 662 680 736 superaret
706 651 898 734 magistrum.
964 730 968 734 Α

279 738 366 803 Patet
389 740 492 817 etiam,
516 759 553 802 ex
577 739 801 803 consuetudine
819 756 924 803 sacrae
947 735 1142 825 Scripturas,

213 827 308 916 quod,
331 847 386 914 per
412 829 580 914 quamdam
618 826 862 903 similitudinem,
887 826 1015 890 bumaui
1040 827 1142 893 animi

212 919 371 1004 passiones
394 916 619 982 transferuntur
643 918 673 979 iu
697 915 810 992 Deum3
836 917 913 980 siout
927 913 1048 980 dicitur:
1065 916 1141 980 Iro·

214 1016 262 1070 tua
285 1017 331 1070 est
350 1004 456 1087 sttrore
480 1005 632 1072 Dominus
653 1006 686 1068 in
705 1006 858 1088 populum
879 1022 980 1082 cuum,
1010 1003 1142 1078 psalm„

215 1094 291 1170 toa,
315 1094 367 1171 lib
390 1093 500 1160 dicitur
523 1095 606 1160 euim
624 1094 707 1158 Deus
719 1095 819 1158 iratus.
830 1112 884 1179 per
899 1092 1150 1177 similitudinem*

214 1183 351 1259 effectus
375 1185 462 1269 punit
484 1184 579 1262 enirn,
603 1182 686 1267 quod
722 1197 753 1246 et
790 1182 857 1245 irati
891 1179 1018 1245 iaciunt:
1053 1183 1143 1248 unde

214 1285 244 1336 et
268 1269 382 1336 ibidem
406 1271 556 1336 subditur:
579 1271 619 1336 Et
651 1271 783 1336 tradidit
804 1291 857 1334 eos
878 1271 912 1333 ιἰι
932 1289 1045 1334 uranus
1066 1291 1145 1355 pen·

216 1361 301 1439 tium,
325 1359 411 1439 lbid.‚
435 1361 487 1425 tt.
512 1361 561 1426 Sic
584 1374 614 1437 et
644 1360 775 1447 Spiritus
798 1359 927 1424 Sanctus
960 1359 1140 1424 contristari

215 1449 326 1513 dicitur
349 1469 403 1536 per
426 1449 657 1515 similitudinem
674 1449 810 1527 ellectus3
826 1449 940 1512 deserit
956 1447 1040 1514 euim
1065 1469 1142 1535 pec·

215 1550 345 1612 catores,
368 1539 447 1604 siout
469 1539 637 1603 contristati
661 1538 809 1602 deserunt
831 1538 1055 1602 contristantes.

282 1626 332 1690 Est
355 1627 448 1693 etiam
470 1641 636 1693 consuetus
668 1627 779 1692 modus
802 1625 949 1712 loquendi
972 1627 1005 1689 iu
1042 1624 1141 1693 Saora

215 1714 372 1802 Scriptura
396 1715 527 1781 utillud
551 1715 617 1780 Deo
641 1716 825 1780 attribuatur
846 1713 929 1798 quod
952 1714 984 1778 in
1008 1713 1141 1781 bomine

216 1803 296 1882 lacit,
323 1806 494 1870 secundum
529 1803 738 1869 illudt-llluuc
771 1802 896 1888 copuooi
927 1803 1010 1886 quod
1046 1804 1141 1868 times

216 1893 326 1972 Deum,
349 1892 437 1973 Gen,
457 1894 509 1971 ill,
535 1893 586 1970 ld,
615 1893 716 1958 idest
740 1913 823 1956 nunc
856 1911 1043 1976 cognoscere
1067 1892 1140 1972 ieei;

215 1996 249 2047 et
270 1983 329 2048 boo
353 1983 446 2048 bomo
470 1982 581 2048 dieitur
597 1983 680 2068 quod
699 1981 828 2068 Spiritus
847 1979 975 2045 Sanctus
992 1981 1141 2067 postulat,

215 2073 286 2156 quia
311 2074 497 2159 postulantes
521 2070 602 2135 lacit:
624 2070 698 2136 lacit
730 2072 815 2137 euim
848 2089 988 2134 amorem
1021 2069 1081 2135 Dei
1105 2072 1140 2135 iu

215 2159 360 2225 cordibus
383 2162 505 2238 uostris,
529 2180 566 2223 ex
589 2181 651 2246 quo
682 2159 893 2225 desideramus
928 2159 994 2245 ipso
1023 2156 1083 2223 lrui
1106 2175 1140 2225 et

216 2247 425 2314 desiderantes
449 2249 650 2335 postulamus.

282 2336 359 2403 Cum
383 2352 485 2404 autem
511 2336 643 2423 Spiritus
668 2336 799 2401 Sanctus
824 2334 969 2422 procedat
991 2354 1047 2424 per
1069 2354 1139 2401 mo·

216 2426 291 2492 dum
314 2428 427 2495 amoris
450 2448 511 2513 quo
535 2428 672 2513 seipsum
694 2426 778 2490 Deus
794 2437 887 2502 uruat,
903 2424 1015 2489 eodem
1031 2436 1137 2491 autern

216 2534 323 2581 amore
345 2516 429 2582 Deus
463 2537 495 2581 se
518 2516 645 2580 et·alia
680 2529 806 2601 propter
839 2534 929 2579 suam
967 2514 1138 2579 bonitatem

217 2618 309 2682 amat,
332 2605 529 2671 manifestum
553 2618 599 2669 est
622 2604 706 2689 quod
741 2603 779 2668 ad
805 2602 952 2688 Spiritum
989 2602 1137 2669 Sanctum

217 2694 349 2779 pertinet
371 2714 459 2761 amor
482 2715 543 2780 quo
578 2693 663 2758 Deus
685 2711 744 2756 uos
766 2706 859 2781 amat3
882 2691 1023 2755 similiter
1044 2692 1138 2758 etiam

216 2800 306 2845 amor
328 2803 391 2867 quo
414 2804 470 2849 nos
493 2785 594 2847 Deum
619 2801 770 2859 amamus,
792 2800 864 2845 oum
887 2801 944 2845 uos
976 2779 1033 2843 Dei
1049 2778 1139 2845 iaciat

217 2883 381 2951 amatores,
405 2887 437 2936 ut
459 2891 498 2935 er
519 2872 607 2937 dictis
631 2884 723 2958 patet;
746 2866 786 2947 et,
803 2883 953 2955 quantum
965 2868 1003 2934 ad
1021 2881 1139 2933 utrum·

217 2977 288 3043 que,
314 2960 437 3047 Spiritui
461 2961 576 3025 Sancto
599 2958 747 3046 competit
780 2958 898 3022 dorsari:
922 2958 1041 3023 ratione
1071 2959 1139 3043 qui·
1223 2978 1225 3018 t

217 3050 289 3111 dem
313 3053 425 3116 amoris
449 3070 511 3135 quo
535 3049 618 3113 Deus
643 3070 699 3113 nus
722 3062 817 3125 amat,
831 3046 975 3112 eomodo
991 3046 1142 3131 loquendin

218 3155 281 3221 quo
304 3140 516 3227 unusquisque
537 3137 649 3202 dicitur
671 3138 745 3201 dare
769 3156 909 3201 amorem
922 3156 1014 3201 suum
1038 3135 1154 3214 alicui.

219 3244 290 3289 oum
315 3248 387 3293 eum
410 3247 515 3294 amare
529 3226 645 3313 incipit,
668 3227 808 3311 quamuis
831 3226 915 3289 Deus
929 3226 1087 3289 nemiuem
1102 3243 1139 3289 ex

222 3326 360 3402 tempore
384 3332 488 3381 amare
512 3316 647 3402 incipiat,
672 3321 697 3379 si
728 3314 908 3400 respiciatur
929 3313 969 3377 ad
1005 3312 1139 3379 voluuta-

222 3414 284 3467 tem
307 3403 441 3472 divinam
464 3424 524 3492 qua
560 3424 616 3468 nos
640 3416 733 3480 amau
757 3404 883 3468 allectus
906 3414 1009 3467 tamen
1032 3402 1080 3468 sui
1108 3422 1141 3467 a-

223 3492 318 3559 moris
341 3512 379 3561 ex
402 3508 541 3582 tempore
563 3506 709 3558 causatur
731 3493 763 3559 iu
785 3492 900 3579 aliquo,
921 3511 992 3559 cum
1016 3490 1142 3559 eumad
