2484 3975
219 208 261 273 tte
522 230 577 275 tre.
603 228 642 274 tv.
665 229 728 277 one.
753 230 793 275 ιι.

216 292 500 400 ἀὶὺξηαιςεηεταιίς
522 298 649 384 intelligi
683 297 855 368 seeundum
888 297 1017 370 modum
1051 318 1141 367 emo·

217 400 348 453 nettoms
371 406 450 473 quee
483 388 639 454 inuenitur
672 388 704 453 iu
739 387 841 455 enimn
878 388 1032 462 sensilium
1070 409 1138 454 nen

216 474 299 549 enim
324 474 407 542 Deus
424 474 470 543 'eb
491 477 594 561 aliquo
616 475 761 546 exteriori
794 476 990 562 eoeipitutin
1003 476 1139 549 ultorum
1224 490 1225 529 r

214 563 348 636 influere
370 566 474 650 possin
498 586 561 632 non
584 564 667 635 enim
690 578 770 633 osset
794 566 1046 651 prinumegene
1061 586 1141 650 ope·

215 652 349 725 retiottes
372 654 464 722 etiem
487 654 609 725 euimee
643 654 808 727 sensitluee
841 674 903 725 non
940 655 1140 742 complentur

214 740 281 805 sine
304 741 515 827 eorporelibus
539 742 761 820 instrumentum
783 742 888 809 Deum
910 757 1014 813 eutem
1037 743 1140 809 muni-

214 827 327 897 lestum
365 842 411 895 est
449 830 666 916 incorporeum
700 851 777 898 esse.
812 831 1005 916 Relinquitur
1042 832 1140 916 igitur

214 917 298 1003 quod
315 918 473 1003 generatio
489 919 590 989 divine
607 920 777 993 seeundum
794 920 1032 988 intellectualem
1046 940 1139 987 eme·

215 1007 373 1073 nationem
396 1008 434 1072 sit
457 1003 664 1093 intelligendu.
687 1008 753 1075 lloo
785 1022 890 1076 eutem
922 1009 967 1077 sie
1003 1006 1139 1077 munile·

216 1095 318 1162 testari
344 1108 473 1179 oportet.

280 1182 473 1255 Manifestum
507 1184 671 1262 osterum,
705 1206 743 1258 er
781 1184 829 1251 his
866 1204 948 1272 quee
980 1184 1140 1254 deeltretu

215 1286 286 1340 suut
309 1272 345 1357 (l.
372 1272 401 1349 l,
425 1294 451 1337 e.
475 1272 545 1357 tt).
568 1274 652 1360 quod
690 1275 774 1341 Deus
810 1274 948 1358 seipsum
983 1274 1139 1359 intelligit.

215 1358 317 1427 Omne
340 1374 444 1428 eutem
477 1357 689 1443 intellectum.
716 1365 898 1449 inquantum
936 1363 1142 1437 intelleetum.

215 1462 336 1535 oportet
358 1470 426 1517 esse
449 1450 480 1517 ln
502 1450 878 1536 intelligente‘signifieat
914 1454 999 1517 enim
1033 1452 1140 1537 ipsum

215 1534 386 1623 intelligere
419 1540 700 1625 apprehensionem
734 1559 802 1625 erus
838 1539 923 1625 quod
959 1540 1141 1626 intelligitur

214 1646 270 1715 per
293 1626 491 1706 intellectumr
516 1628 598 1698 unde
621 1630 713 1697 etium
737 1627 911 1695 intellectus
933 1644 1048 1707 noster,
1077 1630 1139 1695 sei·

215 1736 304 1803 psum
328 1715 512 1800 intelligens,
533 1729 580 1791 est
603 1718 634 1785 in
657 1719 770 1804 seipso,
792 1738 854 1783 nou
877 1717 978 1784 solum
994 1731 1028 1782 ut
1051 1716 1138 1785 idem

214 1804 272 1870 sibi
296 1824 350 1891 per
372 1806 548 1881 essentium,
570 1805 626 1872 sed
650 1807 741 1876 etium
766 1819 799 1874 ut
821 1826 889 1871 use
905 1806 1140 1893 apprehensum

216 1892 424 1977 intelligendo.
447 1891 576 1979 Oportet
599 1896 692 1979 igitur
712 1894 794 1981 quotl
818 1895 903 1967 Deus
925 1896 956 1961 ln
972 1896 1074 1981 seipso
1096 1896 1139 1963 sit

215 1996 248 2047 ut
270 1980 458 2049 intellectum
482 1985 513 2049 iu
537 1983 736 2070 intelligente.
760 1982 951 2054 lutelleoturn
975 1998 1079 2052 eutem
1103 1985 1140 2052 itt

214 2070 403 2156 intelligente,
426 2085 472 2140 est
495 2071 624 2138 intentio
659 2073 812 2143 intellectu
835 2085 867 2137 et
905 2072 1046 2138 uerbum.
1084 2073 1140 2143 Est

214 2159 306 2243 igitur
329 2162 360 2225 in
385 2160 452 2229 Deo
475 2160 666 2246 intelligente
680 2163 817 2248 seipsum
833 2163 962 2228 uerbum
975 2160 1033 2226 Dei
1048 2163 1141 2246 quasi

213 2247 299 2315 Deus
322 2248 505 2328 intellectus,
528 2251 607 2318 sieut
631 2252 762 2321 verbum
784 2251 893 2336 lepidis
916 2250 948 2316 in
979 2249 1141 2329 intellectu

215 2351 261 2402 est
284 2337 361 2424 lepis
384 2337 566 2406 intellectus.
591 2339 668 2405 Hine
690 2354 737 2407 est
758 2339 842 2426 quotl
855 2339 975 2411 dieitur:
1005 2337 1141 2406 Verbum

214 2439 284 2492 erut
304 2427 391 2510 apud
414 2426 524 2506 Deum,
546 2426 645 2506 loeti„
670 2429 700 2504 l,
724 2429 753 2495 l.
778 2427 859 2510 Quis
875 2447 948 2494 uero
964 2427 1139 2496 intellectus

214 2516 336 2588 divinus
359 2535 422 2582 non
445 2516 506 2588 erit
529 2515 567 2582 tle
591 2519 726 2603 potentie
749 2517 781 2582 in
804 2531 917 2594 uotum,
933 2517 989 2582 sed
1010 2537 1140 2600 semper

214 2619 259 2672 est
282 2619 351 2678 autu
375 2606 517 2683 existens,
540 2618 573 2670 ut
596 2606 759 2692 probatum
782 2619 829 2673 est
866 2604 900 2690 (l.
938 2606 968 2682 l,
1001 2605 1140 2689 e.·56),

215 2714 252 2760 en
275 2693 454 2760 nenessitete
478 2709 598 2783 oportet
620 2695 703 2781 quod
726 2713 850 2780 semper
878 2694 1016 2779 seipsum
1046 2694 1142 2760 intel·

213 2781 332 2847 lexerit.
357 2782 398 2848 Ex
423 2781 607 2854 ltueeutetu
635 2782 718 2867 quod
757 2786 893 2867 seipsum
928 2782 1079 2867 intelligit,
1102 2803 1142 2848 o·

215 2883 316 2956 portet
339 2869 422 2955 quod
446 2871 577 2938 uerbum
601 2871 696 2958 ipsius
719 2871 751 2936 in
774 2871 842 2956 ipso
865 2871 915 2949 sit,
930 2885 963 2937 ut
977 2886 1142 2941 ostensum

214 2972 271 3033 ost.
295 2959 426 3029 Neuesse
449 2973 495 3028 est
517 2959 610 3044 igitur
634 2980 759 3045 semper
782 2959 911 3024 uerbum
924 2960 992 3044 ejus
1014 2960 1045 3025 in
1068 2959 1142 3026 [teo

214 3048 356 3118 extitisse.
398 3047 449 3112 Est
472 3047 563 3132 igitur
585 3062 785 3115 coaeteruum
808 3048 875 3117 Deo
899 3049 1028 3115 uerbum
1040 3048 1141 3132 ipsius

214 3156 272 3206 nee
294 3135 411 3204 eeoedit
433 3137 461 3204 ei
485 3155 522 3204 eu
546 3151 696 3223 tempure,
726 3136 805 3202 sieut
828 3136 992 3203 intellectui
1030 3150 1141 3205 nostro
1224 3187 1226 3222 ,

215 3227 331 3293 eeeetllt
363 3245 403 3292 ert
438 3239 578 3310 ternpore
612 3227 741 3293 verbum
780 3226 908 3294 interius
940 3237 1142 3309 poscentum,
1224 3229 1225 3240 ’

215 3314 298 3400 quud
321 3327 368 3380 est
391 3315 519 3380 intentio
543 3313 706 3380 intellectu.
730 3313 808 3384 Hlno
831 3327 877 3378 est
908 3314 990 3398 quud
1013 3313 1141 3380 dieitur:

214 3401 252 3466 ln
272 3404 427 3488 prirteipio
450 3413 520 3467 erut
548 3401 689 3480 Verbum,
723 3403 829 3477 loen,
875 3402 904 3477 l,
930 3403 959 3469 l.
983 3402 1060 3468 Cum
1084 3424 1143 3468 utr-

215 3502 278 3556 tem
301 3493 471 3560 intellectus
496 3489 618 3558 diuinus
651 3510 714 3557 non
748 3490 850 3558 solum
883 3491 921 3556 sit
946 3511 1084 3580 ,semper
1106 3491 1145 3559 in
