<?xml version="1.0" encoding="UTF-8"?>
<!DOCTYPE html PUBLIC "-//W3C//DTD XHTML 1.0 Transitional//EN"
    "http://www.w3.org/TR/xhtml1/DTD/xhtml1-transitional.dtd">
<html xmlns="http://www.w3.org/1999/xhtml" xml:lang="en" lang="en">
 <head>
  <title>
</title>
<meta http-equiv="Content-Type" content="text/html;charset=utf-8" />
  <meta name='ocr-system' content='tesseract 3.04.00' />
  <meta name='ocr-capabilities' content='ocr_page ocr_carea ocr_par ocr_line ocrx_word'/>
</head>
<body>
  <div class='ocr_page' id='page_1' title='image "./sanctithomaeaqu01thomgoog_0282.png"; bbox 0 0 2484 3975; ppageno 0'>
   <div class='ocr_carea' id='block_1_1' title="bbox 178 232 1125 3611">
    <p class='ocr_par' dir='ltr' id='par_1_1' title="bbox 196 232 839 301">
     <span class='ocr_line' id='line_1_1' title="bbox 196 232 839 301; baseline 0 -2"><span class='ocrx_word' id='word_1_1' title='bbox 196 232 262 299; x_wconf 61' lang='lat'><strong>278</strong></span> <span class='ocrx_word' id='word_1_2' title='bbox 509 256 564 300; x_wconf 78' lang='lat' dir='ltr'><strong>ran.</strong></span> <span class='ocrx_word' id='word_1_3' title='bbox 590 256 628 301; x_wconf 81' lang='lat' dir='ltr'><strong>rr.</strong></span> <span class='ocrx_word' id='word_1_4' title='bbox 653 257 717 301; x_wconf 82' lang='lat' dir='ltr'><strong>etr.</strong></span> <span class='ocrx_word' id='word_1_5' title='bbox 741 256 839 301; x_wconf 82' lang='lat' dir='ltr'><strong>nrxru.</strong></span> 
     </span>
    </p>

    <p class='ocr_par' dir='ltr' id='par_1_2' title="bbox 186 321 1125 1477">
     <span class='ocr_line' id='line_1_2' title="bbox 192 321 1119 411; baseline 0.004 -23"><span class='ocrx_word' id='word_1_6' title='bbox 192 336 339 388; x_wconf 80' lang='lat' dir='ltr'><strong>ninantur</strong></span> <span class='ocrx_word' id='word_1_7' title='bbox 362 322 400 387; x_wconf 90' lang='lat' dir='ltr'><strong>ad</strong></span> <span class='ocrx_word' id='word_1_8' title='bbox 426 338 568 401; x_wconf 87' lang='lat' dir='ltr'><strong>mortem,</strong></span> <span class='ocrx_word' id='word_1_9' title='bbox 592 326 644 410; x_wconf 91' lang='lat' dir='ltr'><strong>qui</strong></span> <span class='ocrx_word' id='word_1_10' title='bbox 669 341 773 390; x_wconf 87' lang='lat' dir='ltr'><strong>tamen</strong></span> <span class='ocrx_word' id='word_1_11' title='bbox 807 322 1018 411; x_wconf 78' lang='lat' dir='ltr'><strong>spiritualibus</strong></span> <span class='ocrx_word' id='word_1_12' title='bbox 1040 321 1119 392; x_wconf 77' lang='lat' dir='ltr'><strong>elle·</strong></span> 
     </span>
     <span class='ocr_line' id='line_1_3' title="bbox 189 412 1119 499; baseline 0.005 -23"><span class='ocrx_word' id='word_1_13' title='bbox 189 412 289 477; x_wconf 82' lang='lat' dir='ltr'><strong>ctilrus</strong></span> <span class='ocrx_word' id='word_1_14' title='bbox 328 412 419 497; x_wconf 84' lang='lat' dir='ltr'><strong>hujus</strong></span> <span class='ocrx_word' id='word_1_15' title='bbox 457 415 642 479; x_wconf 77' lang='lat' dir='ltr'><strong>sacramenti</strong></span> <span class='ocrx_word' id='word_1_16' title='bbox 682 414 867 499; x_wconf 68' lang='lat' dir='ltr'><strong>indigerent,</strong></span> <span class='ocrx_word' id='word_1_17' title='bbox 905 434 968 479; x_wconf 88' lang='lat' dir='ltr'><strong>non</strong></span> <span class='ocrx_word' id='word_1_18' title='bbox 1007 426 1119 481; x_wconf 88' lang='lat' dir='ltr'><strong>tamen</strong></span> 
     </span>
     <span class='ocr_line' id='line_1_4' title="bbox 188 500 1122 589; baseline 0.005 -24"><span class='ocrx_word' id='word_1_19' title='bbox 188 500 399 567; x_wconf 80' lang='lat' dir='ltr'><strong>exhibendum</strong></span> <span class='ocrx_word' id='word_1_20' title='bbox 424 516 469 566; x_wconf 85' lang='lat' dir='ltr'><strong>est</strong></span> <span class='ocrx_word' id='word_1_21' title='bbox 493 504 550 568; x_wconf 87' lang='lat' dir='ltr'><strong>nisi</strong></span> <span class='ocrx_word' id='word_1_22' title='bbox 590 504 770 580; x_wconf 79' lang='lat' dir='ltr'><strong>infirmanti,</strong></span> <span class='ocrx_word' id='word_1_23' title='bbox 803 524 876 568; x_wconf 88' lang='lat' dir='ltr'><strong>cum</strong></span> <span class='ocrx_word' id='word_1_24' title='bbox 914 502 974 567; x_wconf 88' lang='lat' dir='ltr'><strong>sub</strong></span> <span class='ocrx_word' id='word_1_25' title='bbox 1012 505 1122 589; x_wconf 87' lang='lat' dir='ltr'><strong>specie</strong></span> 
     </span>
     <span class='ocr_line' id='line_1_5' title="bbox 188 590 1121 678; baseline 0.004 -24"><span class='ocrx_word' id='word_1_26' title='bbox 188 590 358 677; x_wconf 87' lang='lat' dir='ltr'><strong>corporalis</strong></span> <span class='ocrx_word' id='word_1_27' title='bbox 383 590 558 657; x_wconf 81' lang='lat' dir='ltr'><strong>medicinae</strong></span> <span class='ocrx_word' id='word_1_28' title='bbox 580 594 774 669; x_wconf 81' lang='lat' dir='ltr'><strong>exhibeatur,</strong></span> <span class='ocrx_word' id='word_1_29' title='bbox 796 613 953 678; x_wconf 88' lang='lat' dir='ltr'><strong>quacnon</strong></span> <span class='ocrx_word' id='word_1_30' title='bbox 969 593 1121 678; x_wconf 86' lang='lat' dir='ltr'><strong>competit</strong></span> 
     </span>
     <span class='ocr_line' id='line_1_6' title="bbox 191 679 1121 767; baseline 0.005 -25"><span class='ocrx_word' id='word_1_31' title='bbox 191 680 247 743; x_wconf 89' lang='lat' dir='ltr'><strong>nisi</strong></span> <span class='ocrx_word' id='word_1_32' title='bbox 272 679 474 765; x_wconf 89' lang='lat' dir='ltr'><strong>corporaliter</strong></span> <span class='ocrx_word' id='word_1_33' title='bbox 498 682 663 747; x_wconf 84' lang='lat' dir='ltr'><strong>infirmato.</strong></span> <span class='ocrx_word' id='word_1_34' title='bbox 697 681 827 767; x_wconf 76' lang='lat' dir='ltr'><strong>Oportet</strong></span> <span class='ocrx_word' id='word_1_35' title='bbox 850 683 934 745; x_wconf 87' lang='lat' dir='ltr'><strong>enim</strong></span> <span class='ocrx_word' id='word_1_36' title='bbox 959 682 991 743; x_wconf 90' lang='lat' dir='ltr'><strong>in</strong></span> <span class='ocrx_word' id='word_1_37' title='bbox 1014 702 1121 746; x_wconf 88' lang='lat' dir='ltr'><strong>sacra·</strong></span> 
     </span>
     <span class='ocr_line' id='line_1_7' title="bbox 190 768 1122 855; baseline 0.004 -23"><span class='ocrx_word' id='word_1_38' title='bbox 190 770 301 833; x_wconf 88' lang='lat' dir='ltr'><strong>mentis</strong></span> <span class='ocrx_word' id='word_1_39' title='bbox 325 768 583 853; x_wconf 79' lang='lat' dir='ltr'><strong>significationem</strong></span> <span class='ocrx_word' id='word_1_40' title='bbox 600 771 726 836; x_wconf 84' lang='lat' dir='ltr'><strong>serrari.</strong></span> <span class='ocrx_word' id='word_1_41' title='bbox 739 771 825 835; x_wconf 85' lang='lat' dir='ltr'><strong>Sicut</strong></span> <span class='ocrx_word' id='word_1_42' title='bbox 840 771 934 855; x_wconf 70' lang='lat' dir='ltr'><strong>igitur</strong></span> <span class='ocrx_word' id='word_1_43' title='bbox 951 771 1122 855; x_wconf 81' lang='lat' dir='ltr'><strong>requiritur</strong></span> 
     </span>
     <span class='ocr_line' id='line_1_8' title="bbox 191 857 1122 945; baseline 0.008 -26"><span class='ocrx_word' id='word_1_44' title='bbox 191 857 221 921; x_wconf 85' lang='lat' dir='ltr'><strong>iu</strong></span> <span class='ocrx_word' id='word_1_45' title='bbox 246 858 399 944; x_wconf 88' lang='lat' dir='ltr'><strong>baptismo</strong></span> <span class='ocrx_word' id='word_1_46' title='bbox 424 858 542 925; x_wconf 88' lang='lat' dir='ltr'><strong>ablutio</strong></span> <span class='ocrx_word' id='word_1_47' title='bbox 564 862 687 945; x_wconf 91' lang='lat' dir='ltr'><strong>corpori</strong></span> <span class='ocrx_word' id='word_1_48' title='bbox 725 860 872 934; x_wconf 81' lang='lat' dir='ltr'><strong>exhibita,</strong></span> <span class='ocrx_word' id='word_1_49' title='bbox 910 860 954 923; x_wconf 86' lang='lat' dir='ltr'><strong>ita</strong></span> <span class='ocrx_word' id='word_1_50' title='bbox 986 860 1017 924; x_wconf 92' lang='lat' dir='ltr'><strong>in</strong></span> <span class='ocrx_word' id='word_1_51' title='bbox 1058 860 1122 926; x_wconf 85' lang='lat' dir='ltr'><strong>ltoc</strong></span> 
     </span>
     <span class='ocr_line' id='line_1_9' title="bbox 191 948 1125 1034; baseline 0.001 -24"><span class='ocrx_word' id='word_1_52' title='bbox 191 962 386 1011; x_wconf 84' lang='lat' dir='ltr'><strong>sacramento</strong></span> <span class='ocrx_word' id='word_1_53' title='bbox 410 951 574 1034; x_wconf 88' lang='lat' dir='ltr'><strong>requiritur</strong></span> <span class='ocrx_word' id='word_1_54' title='bbox 598 949 763 1013; x_wconf 86' lang='lat' dir='ltr'><strong>medicatio</strong></span> <span class='ocrx_word' id='word_1_55' title='bbox 799 948 969 1013; x_wconf 76' lang='lat' dir='ltr'><strong>infirmitati</strong></span> <span class='ocrx_word' id='word_1_56' title='bbox 1004 967 1125 1034; x_wconf 85' lang='lat' dir='ltr'><strong>corpo-</strong></span> 
     </span>
     <span class='ocr_line' id='line_1_10' title="bbox 191 1035 1119 1122; baseline 0.002 -23"><span class='ocrx_word' id='word_1_57' title='bbox 191 1035 246 1099; x_wconf 82' lang='lat' dir='ltr'><strong>rali</strong></span> <span class='ocrx_word' id='word_1_58' title='bbox 271 1038 420 1122; x_wconf 77' lang='lat' dir='ltr'><strong>apposita:</strong></span> <span class='ocrx_word' id='word_1_59' title='bbox 444 1038 528 1103; x_wconf 85' lang='lat' dir='ltr'><strong>unde</strong></span> <span class='ocrx_word' id='word_1_60' title='bbox 551 1040 644 1103; x_wconf 86' lang='lat' dir='ltr'><strong>etiam</strong></span> <span class='ocrx_word' id='word_1_61' title='bbox 668 1040 775 1103; x_wconf 92' lang='lat' dir='ltr'><strong>oleum</strong></span> <span class='ocrx_word' id='word_1_62' title='bbox 807 1052 853 1102; x_wconf 85' lang='lat' dir='ltr'><strong>est</strong></span> <span class='ocrx_word' id='word_1_63' title='bbox 886 1035 1027 1121; x_wconf 82' lang='lat' dir='ltr'><strong>specialis</strong></span> <span class='ocrx_word' id='word_1_64' title='bbox 1051 1056 1119 1101; x_wconf 89' lang='lat' dir='ltr'><strong>ma-</strong></span> 
     </span>
     <span class='ocr_line' id='line_1_11' title="bbox 192 1124 1118 1214; baseline 0.003 -25"><span class='ocrx_word' id='word_1_65' title='bbox 192 1125 266 1189; x_wconf 85' lang='lat' dir='ltr'><strong>teria</strong></span> <span class='ocrx_word' id='word_1_66' title='bbox 294 1124 387 1209; x_wconf 82' lang='lat' dir='ltr'><strong>htrjus</strong></span> <span class='ocrx_word' id='word_1_67' title='bbox 410 1130 604 1202; x_wconf 85' lang='lat' dir='ltr'><strong>sacramenti,</strong></span> <span class='ocrx_word' id='word_1_68' title='bbox 628 1129 701 1214; x_wconf 88' lang='lat' dir='ltr'><strong>quia</strong></span> <span class='ocrx_word' id='word_1_69' title='bbox 736 1128 829 1191; x_wconf 87' lang='lat' dir='ltr'><strong>habet</strong></span> <span class='ocrx_word' id='word_1_70' title='bbox 866 1126 1037 1191; x_wconf 81' lang='lat' dir='ltr'><strong>efficaciam</strong></span> <span class='ocrx_word' id='word_1_71' title='bbox 1075 1127 1118 1192; x_wconf 88' lang='lat' dir='ltr'><strong>ad</strong></span> 
     </span>
     <span class='ocr_line' id='line_1_12' title="bbox 187 1213 1117 1301; baseline 0.002 -24"><span class='ocrx_word' id='word_1_72' title='bbox 187 1213 361 1277; x_wconf 79' lang='lat' dir='ltr'><strong>sanandum</strong></span> <span class='ocrx_word' id='word_1_73' title='bbox 375 1217 577 1300; x_wconf 81' lang='lat' dir='ltr'><strong>corporaliter</strong></span> <span class='ocrx_word' id='word_1_74' title='bbox 589 1215 760 1301; x_wconf 81' lang='lat' dir='ltr'><strong>mitigando</strong></span> <span class='ocrx_word' id='word_1_75' title='bbox 775 1216 911 1287; x_wconf 79' lang='lat' dir='ltr'><strong>dolores:</strong></span> <span class='ocrx_word' id='word_1_76' title='bbox 927 1216 1005 1279; x_wconf 88' lang='lat' dir='ltr'><strong>sicot</strong></span> <span class='ocrx_word' id='word_1_77' title='bbox 1021 1235 1117 1299; x_wconf 88' lang='lat' dir='ltr'><strong>aqua,</strong></span> 
     </span>
     <span class='ocr_line' id='line_1_13' title="bbox 187 1303 1116 1387; baseline 0.005 -22"><span class='ocrx_word' id='word_1_78' title='bbox 187 1322 268 1386; x_wconf 87' lang='lat' dir='ltr'><strong>quae</strong></span> <span class='ocrx_word' id='word_1_79' title='bbox 290 1303 491 1387; x_wconf 85' lang='lat' dir='ltr'><strong>corporaliter</strong></span> <span class='ocrx_word' id='word_1_80' title='bbox 516 1306 625 1383; x_wconf 86' lang='lat' dir='ltr'><strong>abluit,</strong></span> <span class='ocrx_word' id='word_1_81' title='bbox 649 1320 695 1371; x_wconf 88' lang='lat' dir='ltr'><strong>est</strong></span> <span class='ocrx_word' id='word_1_82' title='bbox 719 1308 848 1371; x_wconf 67' lang='lat' dir='ltr'><strong>teucria</strong></span> <span class='ocrx_word' id='word_1_83' title='bbox 871 1306 1057 1370; x_wconf 81' lang='lat' dir='ltr'><strong>sacramenti</strong></span> <span class='ocrx_word' id='word_1_84' title='bbox 1081 1304 1116 1370; x_wconf 87' lang='lat' dir='ltr'><strong>in</strong></span> 
     </span>
     <span class='ocr_line' id='line_1_14' title="bbox 186 1390 651 1477; baseline 0.006 -20"><span class='ocrx_word' id='word_1_85' title='bbox 186 1410 249 1474; x_wconf 84' lang='lat' dir='ltr'><strong>quo</strong></span> <span class='ocrx_word' id='word_1_86' title='bbox 273 1390 307 1455; x_wconf 82' lang='lat' dir='ltr'><strong>srt</strong></span> <span class='ocrx_word' id='word_1_87' title='bbox 331 1392 500 1477; x_wconf 88' lang='lat' dir='ltr'><strong>spiritualis</strong></span> <span class='ocrx_word' id='word_1_88' title='bbox 524 1396 651 1462; x_wconf 87' lang='lat' dir='ltr'><strong>ablutio.</strong></span> 
     </span>
    </p>

    <p class='ocr_par' dir='ltr' id='par_1_3' title="bbox 185 1478 1117 2168">
     <span class='ocr_line' id='line_1_15' title="bbox 254 1478 1117 1570; baseline 0.005 -27"><span class='ocrx_word' id='word_1_89' title='bbox 254 1478 328 1545; x_wconf 88' lang='lat' dir='ltr'><strong>lnde</strong></span> <span class='ocrx_word' id='word_1_90' title='bbox 350 1482 443 1548; x_wconf 86' lang='lat' dir='ltr'><strong>etiam</strong></span> <span class='ocrx_word' id='word_1_91' title='bbox 468 1485 666 1550; x_wconf 80' lang='lat' dir='ltr'><strong>manttesmm</strong></span> <span class='ocrx_word' id='word_1_92' title='bbox 689 1498 736 1549; x_wconf 88' lang='lat' dir='ltr'><strong>est</strong></span> <span class='ocrx_word' id='word_1_93' title='bbox 759 1482 855 1570; x_wconf 89' lang='lat' dir='ltr'><strong>quod,</strong></span> <span class='ocrx_word' id='word_1_94' title='bbox 877 1482 956 1547; x_wconf 90' lang='lat' dir='ltr'><strong>sicut</strong></span> <span class='ocrx_word' id='word_1_95' title='bbox 980 1480 1117 1547; x_wconf 85' lang='lat' dir='ltr'><strong>medica·</strong></span> 
     </span>
     <span class='ocr_line' id='line_1_16' title="bbox 187 1567 1116 1654; baseline 0.004 -24"><span class='ocrx_word' id='word_1_96' title='bbox 187 1567 228 1632; x_wconf 93' lang='lat' dir='ltr'><strong>tio</strong></span> <span class='ocrx_word' id='word_1_97' title='bbox 250 1570 419 1654; x_wconf 83' lang='lat' dir='ltr'><strong>corporalis</strong></span> <span class='ocrx_word' id='word_1_98' title='bbox 431 1572 609 1639; x_wconf 80' lang='lat' dir='ltr'><strong>adhibenda</strong></span> <span class='ocrx_word' id='word_1_99' title='bbox 633 1574 733 1639; x_wconf 85' lang='lat' dir='ltr'><strong>estad</strong></span> <span class='ocrx_word' id='word_1_100' title='bbox 750 1571 936 1637; x_wconf 81' lang='lat' dir='ltr'><strong>infirmitatis</strong></span> <span class='ocrx_word' id='word_1_101' title='bbox 949 1572 1116 1654; x_wconf 77' lang='lat' dir='ltr'><strong>originem,</strong></span> 
     </span>
     <span class='ocr_line' id='line_1_17' title="bbox 187 1656 1116 1749; baseline 0.008 -30"><span class='ocrx_word' id='word_1_102' title='bbox 187 1656 226 1720; x_wconf 89' lang='lat' dir='ltr'><strong>ita</strong></span> <span class='ocrx_word' id='word_1_103' title='bbox 251 1659 327 1723; x_wconf 84' lang='lat' dir='ltr'><strong>haec</strong></span> <span class='ocrx_word' id='word_1_104' title='bbox 351 1663 455 1725; x_wconf 88' lang='lat' dir='ltr'><strong>unctio</strong></span> <span class='ocrx_word' id='word_1_105' title='bbox 478 1663 536 1729; x_wconf 87' lang='lat' dir='ltr'><strong>illis</strong></span> <span class='ocrx_word' id='word_1_106' title='bbox 561 1664 700 1749; x_wconf 86' lang='lat' dir='ltr'><strong>partibus</strong></span> <span class='ocrx_word' id='word_1_107' title='bbox 721 1662 861 1745; x_wconf 89' lang='lat' dir='ltr'><strong>corporis</strong></span> <span class='ocrx_word' id='word_1_108' title='bbox 885 1659 1051 1725; x_wconf 83' lang='lat' dir='ltr'><strong>adhibetur</strong></span> <span class='ocrx_word' id='word_1_109' title='bbox 1075 1680 1116 1726; x_wconf 79' lang='lat' dir='ltr'><strong>en</strong></span> 
     </span>
     <span class='ocr_line' id='line_1_18' title="bbox 186 1747 1116 1839; baseline 0.004 -30"><span class='ocrx_word' id='word_1_110' title='bbox 186 1747 298 1829; x_wconf 88' lang='lat' dir='ltr'><strong>quibus</strong></span> <span class='ocrx_word' id='word_1_111' title='bbox 322 1748 486 1815; x_wconf 75' lang='lat' dir='ltr'><strong>infirmitas</strong></span> <span class='ocrx_word' id='word_1_112' title='bbox 508 1754 626 1839; x_wconf 64' lang='lat' dir='ltr'><strong>perum</strong></span> <span class='ocrx_word' id='word_1_113' title='bbox 660 1750 808 1839; x_wconf 84' lang='lat' dir='ltr'><strong>procedit,</strong></span> <span class='ocrx_word' id='word_1_114' title='bbox 846 1750 927 1813; x_wconf 85' lang='lat' dir='ltr'><strong>sieut</strong></span> <span class='ocrx_word' id='word_1_115' title='bbox 960 1760 1032 1812; x_wconf 92' lang='lat' dir='ltr'><strong>sunt</strong></span> <span class='ocrx_word' id='word_1_116' title='bbox 1066 1749 1116 1813; x_wconf 91' lang='lat' dir='ltr'><strong>in-</strong></span> 
     </span>
     <span class='ocr_line' id='line_1_19' title="bbox 185 1837 1116 1923; baseline 0.006 -25"><span class='ocrx_word' id='word_1_117' title='bbox 185 1848 355 1901; x_wconf 82' lang='lat' dir='ltr'><strong>strumenta</strong></span> <span class='ocrx_word' id='word_1_118' title='bbox 380 1860 540 1915; x_wconf 86' lang='lat' dir='ltr'><strong>sensuum,</strong></span> <span class='ocrx_word' id='word_1_119' title='bbox 564 1856 595 1906; x_wconf 89' lang='lat' dir='ltr'><strong>et</strong></span> <span class='ocrx_word' id='word_1_120' title='bbox 628 1857 751 1917; x_wconf 89' lang='lat' dir='ltr'><strong>manus,</strong></span> <span class='ocrx_word' id='word_1_121' title='bbox 788 1852 818 1903; x_wconf 88' lang='lat' dir='ltr'><strong>et</strong></span> <span class='ocrx_word' id='word_1_122' title='bbox 856 1838 964 1923; x_wconf 86' lang='lat' dir='ltr'><strong>pedes,</strong></span> <span class='ocrx_word' id='word_1_123' title='bbox 999 1837 1116 1922; x_wconf 87' lang='lat' dir='ltr'><strong>quibus</strong></span> 
     </span>
     <span class='ocr_line' id='line_1_20' title="bbox 185 1926 1112 2013; baseline 0.006 -25"><span class='ocrx_word' id='word_1_124' title='bbox 185 1944 279 2010; x_wconf 87' lang='lat' dir='ltr'><strong>opera</strong></span> <span class='ocrx_word' id='word_1_125' title='bbox 305 1930 418 2013; x_wconf 88' lang='lat' dir='ltr'><strong>pcccati</strong></span> <span class='ocrx_word' id='word_1_126' title='bbox 443 1944 637 2006; x_wconf 83' lang='lat' dir='ltr'><strong>exercentur,</strong></span> <span class='ocrx_word' id='word_1_127' title='bbox 661 1926 880 1996; x_wconf 86' lang='lat' dir='ltr'><strong>etsccundum</strong></span> <span class='ocrx_word' id='word_1_128' title='bbox 901 1926 1112 2012; x_wconf 85' lang='lat' dir='ltr'><strong>quorumdam</strong></span> 
     </span>
     <span class='ocr_line' id='line_1_21' title="bbox 185 2016 1116 2104; baseline 0.005 -27"><span class='ocrx_word' id='word_1_129' title='bbox 185 2018 445 2084; x_wconf 88' lang='lat' dir='ltr'><strong>consuetudi-uem</strong></span> <span class='ocrx_word' id='word_1_130' title='bbox 469 2021 563 2085; x_wconf 80' lang='lat' dir='ltr'><strong>etism</strong></span> <span class='ocrx_word' id='word_1_131' title='bbox 588 2039 691 2098; x_wconf 84' lang='lat' dir='ltr'><strong>renes,</strong></span> <span class='ocrx_word' id='word_1_132' title='bbox 714 2021 744 2084; x_wconf 90' lang='lat' dir='ltr'><strong>in</strong></span> <span class='ocrx_word' id='word_1_133' title='bbox 767 2017 879 2104; x_wconf 75' lang='lat' dir='ltr'><strong>quilms</strong></span> <span class='ocrx_word' id='word_1_134' title='bbox 903 2018 952 2082; x_wconf 83' lang='lat' dir='ltr'><strong>vis·</strong></span> <span class='ocrx_word' id='word_1_135' title='bbox 973 2016 1116 2082; x_wconf 82' lang='lat' dir='ltr'><strong>libidinis</strong></span> 
     </span>
     <span class='ocr_line' id='line_1_22' title="bbox 186 2117 276 2168; baseline 0.022 -2"><span class='ocrx_word' id='word_1_136' title='bbox 186 2123 212 2167; x_wconf 81' lang='lat' dir='ltr'><strong>tr</strong></span> <span class='ocrx_word' id='word_1_137' title='bbox 237 2117 276 2168; x_wconf 89' lang='lat' dir='ltr'><strong>et.</strong></span> 
     </span>
    </p>

    <p class='ocr_par' dir='ltr' id='par_1_4' title="bbox 180 2124 1113 2544">
     <span class='ocr_line' id='line_1_23' title="bbox 216 2124 1112 2283; baseline -0.001 -26"><span class='ocrx_word' id='word_1_138' title='bbox 216 2124 329 2275; x_wconf 69' lang='lat' dir='ltr'><strong>gQuia</strong></span> <span class='ocrx_word' id='word_1_139' title='bbox 352 2213 426 2262; x_wconf 87' lang='lat' dir='ltr'><strong>vero</strong></span> <span class='ocrx_word' id='word_1_140' title='bbox 450 2217 506 2283; x_wconf 90' lang='lat' dir='ltr'><strong>per</strong></span> <span class='ocrx_word' id='word_1_141' title='bbox 529 2198 591 2262; x_wconf 87' lang='lat' dir='ltr'><strong>hoc</strong></span> <span class='ocrx_word' id='word_1_142' title='bbox 629 2209 861 2262; x_wconf 81' lang='lat' dir='ltr'><strong>sacramentum</strong></span> <span class='ocrx_word' id='word_1_143' title='bbox 901 2207 1026 2278; x_wconf 89' lang='lat' dir='ltr'><strong>peccata</strong></span> <span class='ocrx_word' id='word_1_144' title='bbox 1063 2193 1112 2257; x_wconf 90' lang='lat' dir='ltr'><strong>di·</strong></span> 
     </span>
     <span class='ocr_line' id='line_1_24' title="bbox 182 2283 1113 2370; baseline 0.001 -24"><span class='ocrx_word' id='word_1_145' title='bbox 182 2283 358 2361; x_wconf 85' lang='lat' dir='ltr'><strong>mittuntur,</strong></span> <span class='ocrx_word' id='word_1_146' title='bbox 383 2301 543 2370; x_wconf 81' lang='lat' dir='ltr'><strong>peccatum</strong></span> <span class='ocrx_word' id='word_1_147' title='bbox 568 2300 673 2351; x_wconf 86' lang='lat' dir='ltr'><strong>autern</strong></span> <span class='ocrx_word' id='word_1_148' title='bbox 699 2307 762 2351; x_wconf 88' lang='lat' dir='ltr'><strong>nou</strong></span> <span class='ocrx_word' id='word_1_149' title='bbox 787 2285 950 2349; x_wconf 86' lang='lat' dir='ltr'><strong>dimittitur</strong></span> <span class='ocrx_word' id='word_1_150' title='bbox 972 2284 1029 2347; x_wconf 88' lang='lat' dir='ltr'><strong>nisi</strong></span> <span class='ocrx_word' id='word_1_151' title='bbox 1055 2302 1113 2367; x_wconf 89' lang='lat' dir='ltr'><strong>per</strong></span> 
     </span>
     <span class='ocr_line' id='line_1_25' title="bbox 180 2370 1110 2462; baseline 0.003 -28"><span class='ocrx_word' id='word_1_152' title='bbox 180 2370 323 2452; x_wconf 71' lang='lat' dir='ltr'><strong>gratiam,</strong></span> <span class='ocrx_word' id='word_1_153' title='bbox 345 2374 542 2442; x_wconf 71' lang='lat' dir='ltr'><strong>manifestum</strong></span> <span class='ocrx_word' id='word_1_154' title='bbox 565 2375 718 2462; x_wconf 87' lang='lat' dir='ltr'><strong>estquod</strong></span> <span class='ocrx_word' id='word_1_155' title='bbox 753 2375 784 2439; x_wconf 89' lang='lat' dir='ltr'><strong>iu</strong></span> <span class='ocrx_word' id='word_1_156' title='bbox 822 2375 881 2437; x_wconf 80' lang='lat' dir='ltr'><strong>lroc</strong></span> <span class='ocrx_word' id='word_1_157' title='bbox 912 2385 1110 2437; x_wconf 84' lang='lat' dir='ltr'><strong>sacramento</strong></span> 
     </span>
     <span class='ocr_line' id='line_1_26' title="bbox 182 2461 471 2544; baseline 0.021 -20"><span class='ocrx_word' id='word_1_158' title='bbox 182 2462 280 2544; x_wconf 71' lang='lat' dir='ltr'><strong>pratia</strong></span> <span class='ocrx_word' id='word_1_159' title='bbox 304 2461 471 2530; x_wconf 76' lang='lat' dir='ltr'><strong>confertur.</strong></span> 
     </span>
    </p>

    <p class='ocr_par' dir='ltr' id='par_1_5' title="bbox 178 2549 1109 3611">
     <span class='ocr_line' id='line_1_27' title="bbox 247 2549 1108 2640; baseline 0 -26"><span class='ocrx_word' id='word_1_160' title='bbox 247 2549 287 2614; x_wconf 88' lang='lat' dir='ltr'><strong>Ea</strong></span> <span class='ocrx_word' id='word_1_161' title='bbox 311 2571 384 2617; x_wconf 77' lang='lat' dir='ltr'><strong>sero</strong></span> <span class='ocrx_word' id='word_1_162' title='bbox 408 2555 438 2618; x_wconf 91' lang='lat' dir='ltr'><strong>in</strong></span> <span class='ocrx_word' id='word_1_163' title='bbox 462 2555 575 2640; x_wconf 87' lang='lat' dir='ltr'><strong>quibus</strong></span> <span class='ocrx_word' id='word_1_164' title='bbox 612 2553 709 2635; x_wconf 83' lang='lat' dir='ltr'><strong>gratia</strong></span> <span class='ocrx_word' id='word_1_165' title='bbox 749 2549 933 2616; x_wconf 86' lang='lat' dir='ltr'><strong>illuminans</strong></span> <span class='ocrx_word' id='word_1_166' title='bbox 968 2562 1108 2614; x_wconf 83' lang='lat' dir='ltr'><strong>mentem</strong></span> 
     </span>
     <span class='ocr_line' id='line_1_28' title="bbox 180 2637 1109 2727; baseline 0.002 -27"><span class='ocrx_word' id='word_1_167' title='bbox 180 2637 339 2706; x_wconf 80' lang='lat' dir='ltr'><strong>confertur</strong></span> <span class='ocrx_word' id='word_1_168' title='bbox 361 2642 508 2708; x_wconf 85' lang='lat' dir='ltr'><strong>exhibere</strong></span> <span class='ocrx_word' id='word_1_169' title='bbox 531 2644 632 2708; x_wconf 86' lang='lat' dir='ltr'><strong>solum</strong></span> <span class='ocrx_word' id='word_1_170' title='bbox 671 2643 804 2727; x_wconf 88' lang='lat' dir='ltr'><strong>pertinet</strong></span> <span class='ocrx_word' id='word_1_171' title='bbox 840 2638 881 2702; x_wconf 80' lang='lat' dir='ltr'><strong>ad</strong></span> <span class='ocrx_word' id='word_1_172' title='bbox 917 2637 1109 2715; x_wconf 65' lang='lat' dir='ltr'><strong>sacerdotem</strong></span> 
     </span>
     <span class='ocr_line' id='line_1_29' title="bbox 181 2727 1108 2812; baseline 0 -22"><span class='ocrx_word' id='word_1_173' title='bbox 181 2746 315 2810; x_wconf 89' lang='lat' dir='ltr'><strong>quorum</strong></span> <span class='ocrx_word' id='word_1_174' title='bbox 340 2731 418 2796; x_wconf 90' lang='lat' dir='ltr'><strong>ordo</strong></span> <span class='ocrx_word' id='word_1_175' title='bbox 440 2746 486 2796; x_wconf 87' lang='lat' dir='ltr'><strong>est</strong></span> <span class='ocrx_word' id='word_1_176' title='bbox 508 2731 739 2808; x_wconf 77' lang='lat' dir='ltr'><strong>illuminativus,</strong></span> <span class='ocrx_word' id='word_1_177' title='bbox 776 2743 811 2794; x_wconf 92' lang='lat' dir='ltr'><strong>ut</strong></span> <span class='ocrx_word' id='word_1_178' title='bbox 833 2727 905 2791; x_wconf 88' lang='lat' dir='ltr'><strong>dicit</strong></span> <span class='ocrx_word' id='word_1_179' title='bbox 940 2727 1108 2812; x_wconf 81' lang='lat' dir='ltr'><strong>Dionysius</strong></span> 
     </span>
     <span class='ocr_line' id='line_1_30' title="bbox 182 2815 1109 2903; baseline 0.002 -25"><span class='ocrx_word' id='word_1_180' title='bbox 182 2815 248 2900; x_wconf 75' lang='lat' dir='ltr'><strong>(de</strong></span> <span class='ocrx_word' id='word_1_181' title='bbox 274 2815 386 2883; x_wconf 89' lang='lat' dir='ltr'><strong>Eccles.</strong></span> <span class='ocrx_word' id='word_1_182' title='bbox 411 2817 506 2894; x_wconf 69' lang='lat' dir='ltr'><strong>Hier,</strong></span> <span class='ocrx_word' id='word_1_183' title='bbox 523 2840 590 2903; x_wconf 84' lang='lat' dir='ltr'><strong>cap.</strong></span> <span class='ocrx_word' id='word_1_184' title='bbox 615 2821 672 2903; x_wconf 85' lang='grc'><strong>6).</strong></span> <span class='ocrx_word' id='word_1_185' title='bbox 696 2819 759 2884; x_wconf 87' lang='lat' dir='ltr'><strong>Nec</strong></span> <span class='ocrx_word' id='word_1_186' title='bbox 783 2817 949 2901; x_wconf 78' lang='lat' dir='ltr'><strong>requiritur</strong></span> <span class='ocrx_word' id='word_1_187' title='bbox 985 2816 1024 2878; x_wconf 91' lang='lat' dir='ltr'><strong>ad</strong></span> <span class='ocrx_word' id='word_1_188' title='bbox 1048 2817 1109 2880; x_wconf 90' lang='lat' dir='ltr'><strong>hoc</strong></span> 
     </span>
     <span class='ocr_line' id='line_1_31' title="bbox 180 2908 1105 2995; baseline 0.003 -29"><span class='ocrx_word' id='word_1_189' title='bbox 180 2923 410 2972; x_wconf 86' lang='lat' dir='ltr'><strong>sacramentum</strong></span> <span class='ocrx_word' id='word_1_190' title='bbox 436 2909 610 2995; x_wconf 82' lang='lat' dir='ltr'><strong>Episcopus,</strong></span> <span class='ocrx_word' id='word_1_191' title='bbox 638 2929 710 2973; x_wconf 90' lang='lat' dir='ltr'><strong>cum</strong></span> <span class='ocrx_word' id='word_1_192' title='bbox 727 2928 782 2995; x_wconf 86' lang='lat' dir='ltr'><strong>per</strong></span> <span class='ocrx_word' id='word_1_193' title='bbox 799 2908 857 2970; x_wconf 78' lang='lat' dir='ltr'><strong>lanc</strong></span> <span class='ocrx_word' id='word_1_194' title='bbox 873 2918 1105 2969; x_wconf 83' lang='lat' dir='ltr'><strong>sacramentum</strong></span> 
     </span>
     <span class='ocr_line' id='line_1_32' title="bbox 180 2993 1107 3076; baseline 0.001 -21"><span class='ocrx_word' id='word_1_195' title='bbox 180 3013 243 3056; x_wconf 91' lang='lat' dir='ltr'><strong>non</strong></span> <span class='ocrx_word' id='word_1_196' title='bbox 267 2995 443 3060; x_wconf 79' lang='lat' dir='ltr'><strong>conseratur</strong></span> <span class='ocrx_word' id='word_1_197' title='bbox 466 2999 772 3072; x_wconf 73' lang='lat' dir='ltr'><strong>excellentissuma,</strong></span> <span class='ocrx_word' id='word_1_198' title='bbox 794 2995 874 3059; x_wconf 85' lang='lat' dir='ltr'><strong>sicut</strong></span> <span class='ocrx_word' id='word_1_199' title='bbox 896 2993 1003 3058; x_wconf 88' lang='lat' dir='ltr'><strong>inillis</strong></span> <span class='ocrx_word' id='word_1_200' title='bbox 1025 3013 1107 3076; x_wconf 92' lang='lat' dir='ltr'><strong>quo·</strong></span> 
     </span>
     <span class='ocr_line' id='line_1_33' title="bbox 183 3084 1109 3172; baseline 0.002 -29"><span class='ocrx_word' id='word_1_201' title='bbox 183 3100 252 3144; x_wconf 90' lang='lat' dir='ltr'><strong>rum</strong></span> <span class='ocrx_word' id='word_1_202' title='bbox 277 3099 322 3147; x_wconf 85' lang='lat' dir='ltr'><strong>cst</strong></span> <span class='ocrx_word' id='word_1_203' title='bbox 346 3087 484 3150; x_wconf 86' lang='lat' dir='ltr'><strong>minister</strong></span> <span class='ocrx_word' id='word_1_204' title='bbox 508 3085 688 3172; x_wconf 85' lang='lat' dir='ltr'><strong>Episcopus.</strong></span> <span class='ocrx_word' id='word_1_205' title='bbox 713 3085 791 3167; x_wconf 81' lang='lat' dir='ltr'><strong>Quia</strong></span> <span class='ocrx_word' id='word_1_206' title='bbox 820 3099 923 3146; x_wconf 88' lang='lat' dir='ltr'><strong>tamen</strong></span> <span class='ocrx_word' id='word_1_207' title='bbox 962 3084 1021 3146; x_wconf 81' lang='lat' dir='ltr'><strong>ltoc</strong></span> <span class='ocrx_word' id='word_1_208' title='bbox 1060 3103 1109 3145; x_wconf 83' lang='lat' dir='ltr'><strong>sa-</strong></span> 
     </span>
     <span class='ocr_line' id='line_1_34' title="bbox 181 3170 1108 3259; baseline 0.003 -26"><span class='ocrx_word' id='word_1_209' title='bbox 181 3188 374 3238; x_wconf 89' lang='lat' dir='ltr'><strong>cramentum</strong></span> <span class='ocrx_word' id='word_1_210' title='bbox 404 3173 557 3259; x_wconf 86' lang='lat' dir='ltr'><strong>perlectae</strong></span> <span class='ocrx_word' id='word_1_211' title='bbox 588 3176 755 3239; x_wconf 86' lang='lat' dir='ltr'><strong>curationis</strong></span> <span class='ocrx_word' id='word_1_212' title='bbox 792 3171 934 3235; x_wconf 88' lang='lat' dir='ltr'><strong>ellectum</strong></span> <span class='ocrx_word' id='word_1_213' title='bbox 959 3170 1108 3236; x_wconf 84' lang='lat' dir='ltr'><strong>habetet</strong></span> 
     </span>
     <span class='ocr_line' id='line_1_35' title="bbox 180 3258 1105 3348; baseline 0.005 -29"><span class='ocrx_word' id='word_1_214' title='bbox 180 3258 212 3320; x_wconf 90' lang='lat' dir='ltr'><strong>in</strong></span> <span class='ocrx_word' id='word_1_215' title='bbox 236 3279 274 3325; x_wconf 91' lang='lat' dir='ltr'><strong>eo</strong></span> <span class='ocrx_word' id='word_1_216' title='bbox 298 3264 464 3348; x_wconf 87' lang='lat' dir='ltr'><strong>requiritur</strong></span> <span class='ocrx_word' id='word_1_217' title='bbox 487 3265 574 3347; x_wconf 88' lang='lat' dir='ltr'><strong>copia</strong></span> <span class='ocrx_word' id='word_1_218' title='bbox 605 3264 731 3348; x_wconf 82' lang='lat' dir='ltr'><strong>gratiae,</strong></span> <span class='ocrx_word' id='word_1_219' title='bbox 766 3261 913 3346; x_wconf 88' lang='lat' dir='ltr'><strong>competit</strong></span> <span class='ocrx_word' id='word_1_220' title='bbox 947 3260 1021 3322; x_wconf 80' lang='lat' dir='ltr'><strong>ltuie</strong></span> <span class='ocrx_word' id='word_1_221' title='bbox 1055 3279 1105 3324; x_wconf 93' lang='lat' dir='ltr'><strong>sa-</strong></span> 
     </span>
     <span class='ocr_line' id='line_1_36' title="bbox 179 3348 1106 3436; baseline 0.004 -26"><span class='ocrx_word' id='word_1_222' title='bbox 179 3364 339 3415; x_wconf 87' lang='lat' dir='ltr'><strong>cramento</strong></span> <span class='ocrx_word' id='word_1_223' title='bbox 362 3351 445 3436; x_wconf 91' lang='lat' dir='ltr'><strong>quod</strong></span> <span class='ocrx_word' id='word_1_224' title='bbox 469 3352 556 3416; x_wconf 86' lang='lat' dir='ltr'><strong>multi</strong></span> <span class='ocrx_word' id='word_1_225' title='bbox 581 3353 755 3417; x_wconf 88' lang='lat' dir='ltr'><strong>sacerdotes</strong></span> <span class='ocrx_word' id='word_1_226' title='bbox 790 3350 931 3415; x_wconf 88' lang='lat' dir='ltr'><strong>intersint</strong></span> <span class='ocrx_word' id='word_1_227' title='bbox 951 3361 981 3411; x_wconf 92' lang='lat' dir='ltr'><strong>et</strong></span> <span class='ocrx_word' id='word_1_228' title='bbox 1020 3348 1106 3432; x_wconf 89' lang='lat' dir='ltr'><strong>quod</strong></span> 
     </span>
     <span class='ocr_line' id='line_1_37' title="bbox 178 3436 1107 3526; baseline 0.005 -30"><span class='ocrx_word' id='word_1_229' title='bbox 178 3439 278 3502; x_wconf 88' lang='lat' dir='ltr'><strong>oratio</strong></span> <span class='ocrx_word' id='word_1_230' title='bbox 301 3441 392 3502; x_wconf 87' lang='lat' dir='ltr'><strong>totius</strong></span> <span class='ocrx_word' id='word_1_231' title='bbox 417 3440 570 3504; x_wconf 79' lang='lat' dir='ltr'><strong>Ecclesiae</strong></span> <span class='ocrx_word' id='word_1_232' title='bbox 605 3441 645 3504; x_wconf 89' lang='lat' dir='ltr'><strong>ad</strong></span> <span class='ocrx_word' id='word_1_233' title='bbox 684 3441 833 3504; x_wconf 82' lang='lat' dir='ltr'><strong>ellectum</strong></span> <span class='ocrx_word' id='word_1_234' title='bbox 873 3436 966 3526; x_wconf 28' lang='lat' dir='ltr'><strong>hcj‘us</strong></span> <span class='ocrx_word' id='word_1_235' title='bbox 1001 3456 1107 3502; x_wconf 84' lang='lat' dir='ltr'><strong>secra·</strong></span> 
     </span>
     <span class='ocr_line' id='line_1_38' title="bbox 180 3527 1090 3611; baseline 0.004 -25"><span class='ocrx_word' id='word_1_236' title='bbox 180 3528 275 3590; x_wconf 86' lang='lat' dir='ltr'><strong>ruenti</strong></span> <span class='ocrx_word' id='word_1_237' title='bbox 297 3527 468 3611; x_wconf 62' lang='lat' dir='ltr'><strong>coadjuvet</strong></span> <span class='ocrx_word' id='word_1_238' title='bbox 493 3530 574 3594; x_wconf 87' lang='lat' dir='ltr'><strong>unde</strong></span> <span class='ocrx_word' id='word_1_239' title='bbox 597 3529 732 3594; x_wconf 83' lang='lat' dir='ltr'><strong>lacobus</strong></span> <span class='ocrx_word' id='word_1_240' title='bbox 757 3528 840 3593; x_wconf 88' lang='lat' dir='ltr'><strong>dicit:</strong></span> <span class='ocrx_word' id='word_1_241' title='bbox 877 3527 1009 3591; x_wconf 78' lang='lat' dir='ltr'><strong>leducat</strong></span> <span class='ocrx_word' id='word_1_242' title='bbox 1026 3543 1090 3609; x_wconf 83' lang='lat' dir='ltr'><strong>pre</strong></span> 
     </span>
    </p>
   </div>
   <div class='ocr_carea' id='block_1_2' title="bbox 0 0 1246 3975">
    <p class='ocr_par' dir='ltr' id='par_1_6' title="bbox 0 0 1246 3975">
     <span class='ocr_line' id='line_1_39' title="bbox 0 0 1246 3975; baseline 0 4"><span class='ocrx_word' id='word_1_243' title='bbox 0 0 1246 3975; x_wconf 95' lang='lat' dir='ltr'><strong> </strong></span> 
     </span>
    </p>
   </div>
  </div>
 </body>
</html>
