2484 3975
423 226 459 271 oa
484 225 557 271 asro
580 225 615 269 ur
640 222 774 268 assuant
991 198 1055 265 lul

129 288 197 376 quia
219 291 296 356 ratio
319 295 431 379 speciei
456 315 518 363 non
541 309 587 358 est
610 292 649 357 de
673 292 746 357 illis'
760 308 841 378 quae
864 290 1056 356 conveniunt

131 379 157 444 ei
168 380 340 446 seeundum
357 404 446 448 suam
459 382 632 449 absolutam
649 378 940 458 considerationem,
955 397 1057 463 neque

128 466 164 533 de
179 469 387 537 accidentibus
411 492 490 557 quae
505 484 738 555 consequuntur
760 469 857 555 ipsam
881 466 1055 535 seeundum
1139 490 1147 499 ‘

128 558 301 643 essequod
326 561 420 626 babet
442 573 527 630 extra
551 560 688 624 animem
711 558 775 643 (l),
815 569 848 622 ut
871 556 983 623 albedo
1009 552 1057 621 vel

127 646 264 731 nigredo,
286 649 341 713 scd
364 662 409 715 est
428 649 474 714 de
495 648 702 733 accidentibus
729 667 809 733 quae
824 657 1055 731 consequuntur

126 752 194 799 eam
216 737 388 802 secundum
411 758 478 803 esse
501 737 586 822 quod
611 736 701 801 habet
716 734 747 799 iu
768 734 935 811 intellectu,
958 747 987 798 et
1001 752 1057 819 per

128 823 208 890 buno
222 826 351 891 modum
363 826 657 892 couvenitsibiratio
666 826 788 909 generis
797 824 844 889 vel
853 822 1055 889 differentiae.

465 1001 640 1071 catut
681 1002 714 1071 V.

192 1178 279 1244 Nunc
300 1194 395 1247 restat
417 1181 522 1247 videre
545 1180 719 1247 secuudum
743 1200 836 1267 quem
861 1176 988 1245 modum
1006 1200 1055 1249 es·

127 1269 284 1332 sentiscit
307 1270 338 1335 in
361 1270 539 1336 substantiis
561 1272 721 1356 separatis,
744 1270 858 1337 seilicet
885 1269 916 1333 iu
940 1270 1055 1351 anima,

127 1355 333 1439 intelligentiis
357 1374 388 1423 ct
411 1380 502 1425 causo
518 1361 628 1446 prima.
653 1360 801 1441 Quamvis
817 1370 919 1423 autem
943 1378 1054 1425 causae

127 1445 243 1528 primae
266 1447 493 1534 simplicitatem
516 1468 626 1513 omues
658 1447 834 1535 philosophi
874 1447 1055 1526 concedam,

126 1545 229 1599 tamen
254 1538 513 1622 compositionem
536 1537 685 1601 materiae
709 1550 739 1600 et
756 1536 875 1601 formae
911 1536 941 1599 in
967 1536 1055 1601 iutel-

127 1618 258 1706 ligentiis
281 1640 314 1687 et
339 1625 499 1691 animabus
521 1625 648 1710 quidam
680 1624 819 1689 nituntur
852 1644 979 1709 ponere,
1001 1646 1054 1690 cu-

123 1708 175 1794 jus
195 1715 356 1798 positionis
379 1730 486 1779 auctor
509 1713 603 1779 luisse
627 1712 738 1779 dicitur
761 1713 933 1777 Avioebron
956 1715 1050 1798 (9)in

125 1799 205 1865 libro
228 1801 333 1867 Fontis
355 1804 444 1867 vitae.
468 1802 533 1867 lloc
555 1815 660 1867 autem
685 1801 772 1867 dictis
796 1801 1053 1887 philosophorum

125 1891 279 1973 reperitur
301 1911 369 1955 esse
392 1892 592 1969 contrarium,
615 1891 687 1976 quia
726 1911 778 1955 eas
811 1890 994 1955 substantias
1032 1911 1053 1957 a

122 1980 257 2044 rootmt'o
278 1993 443 2064 soporatos
466 1981 626 2047 nominant
650 1995 680 2046 et
717 1978 836 2064 absque
861 1979 945 2044 orani
985 2001 1052 2045 ma·

123 2068 199 2131 teris
222 2088 290 2133 esse
313 2070 455 2156 probant3
478 2070 565 2156 eujus
588 2069 812 2134 demonstratio
836 2069 1053 2153 potissimaest

122 2176 161 2220 ert
184 2156 294 2222 uirtute
317 2158 508 2244 intelligendi
536 2159 672 2244 quaein
700 2160 744 2222 eis
771 2170 826 2224 est.
852 2157 997 2223 Videmus
1020 2178 1054 2224 e·

122 2244 188 2309 uim
213 2244 327 2312 formas
349 2268 413 2314 noo
436 2269 504 2313 esse
528 2245 735 2331 intelligibiles
758 2267 789 2311 m
813 2258 895 2324 actu,
923 2247 982 2310 uisi
1005 2267 1052 2312 se-

120 2333 259 2398 cuudum
283 2337 367 2420 quod
391 2350 574 2422 separantur
597 2357 613 2400 a
639 2334 767 2400 materia
804 2348 834 2399 et
859 2356 875 2398 a
900 2335 1052 2402 conditio·

122 2421 214 2486 nibus
237 2423 314 2508 ejus;
337 2445 394 2490 nee
417 2425 595 2490 efficiuntur
620 2423 828 2507 intelligibiles
853 2423 883 2486 in
908 2438 975 2488 actu
993 2425 1051 2490 nisi

121 2529 178 2595 per
196 2511 338 2577 virtutem
354 2515 543 2579 substantiae
557 2512 767 2597 intelligentis,
782 2509 952 2576 secuudum
968 2512 1053 2597 quod

119 2599 311 2686 recipiuntur
334 2603 365 2667 io
389 2623 424 2668 ea
448 2617 478 2668 et
500 2602 672 2668 seeundum
704 2599 789 2683 quod
824 2614 958 2682 aguntur
997 2622 1052 2688 per

117 2706 199 2754 eam.
226 2689 311 2754 Unde
334 2705 455 2777 oportet
477 2691 561 2775 quod
585 2692 615 2754 in
640 2690 777 2774 qualibet
804 2688 976 2755 substantia
1004 2691 1052 2754 in-

118 2775 276 2860 telligente
313 2781 351 2842 sit
374 2779 554 2844 omnimoda
578 2779 756 2843 immunitas
794 2780 974 2852 amatoria,
1012 2781 1051 2846 ita

116 2867 202 2950 quod
226 2887 283 2931 nec
307 2867 419 2934 babeat
443 2868 603 2934 materiam
628 2882 746 2952 partum
770 2866 818 2932 sni
836 2885 937 2951 neque
958 2867 1050 2934 etiam

115 2955 156 3017 sit
176 2955 253 3040 siout
277 2954 375 3021 forma
399 2958 547 3044 impressa
571 2956 730 3033 materiae,
754 2969 786 3019 ut
817 2969 863 3022 est
879 2957 918 3022 da
942 2955 1051 3022 lormis

115 3043 338 3109 materialibus.

169 3214 210 3286 (l)
228 3219 312 3273 neira
329 3223 457 3286 uniomm,
477 3224 495 3274 i.
511 3238 534 3274 a.
553 3228 629 3274 extra
648 3219 818 3272 intellectum.

169 3286 208 3356 (2)
229 3290 384 3355 Aoicebron,
402 3309 450 3347 seu
467 3293 589 3346 Salomon
607 3289 788 3358 ibn-Gobirol,
813 3291 987 3344 malacitanus
1005 3291 1052 3344 Ju-

113 3359 207 3428 daeus,
225 3360 337 3416 florebat
354 3365 423 3416 eirea
452 3366 567 3417 medium
597 3363 780 3415 duodecimum
807 3363 948 3429 saeculum;
977 3363 1052 3429 eujus

113 3431 216 3483 librum
236 3433 327 3487 Fontis
352 3439 431 3503 vitoe,
453 3437 574 3491 hebraice
603 3435 744 3504 scriptum,
770 3434 850 3488 latino
886 3435 1051 3492 transtulisse

115 3508 231 3572 putatur
248 3503 412 3562 Guadisalri.
