2484 3975
347 236 404 283 ιιι.
427 237 469 282 ru.
493 234 557 282 cto.
581 237 629 282 tu.
655 235 690 281 ar
713 213 771 280 uti.
973 217 1034 283 ΙΙΙ

114 309 247 395 persona
270 306 436 392 quaedam,
463 319 598 372 nonest
630 303 779 388 originale
813 315 984 389 peccatum,
1007 321 1041 372 et

112 397 264 480 contingit
286 396 379 460 etiam
407 397 437 458 in
474 408 543 459 actu
577 393 784 478 generationis
814 392 935 458 nullum
970 414 1039 464 esse

114 485 233 550 actuale
256 498 427 570 peccatum,
450 496 484 548 ut
517 483 681 548 undecima
720 481 797 546 ratio
835 483 1040 568 proponebat}

112 573 179 652 sed,
202 575 385 659 inquantum
410 573 504 637 homo
538 591 690 655 generans
713 582 759 634 est
782 571 920 637 naturale
944 591 1037 656 gene·

112 663 239 727 rationis
263 662 459 748 principium,
482 658 606 725 iniectio
630 657 787 743 originalis
811 659 938 744 peccati,
954 663 1037 746 quoti

112 764 254 816 naturam
279 752 413 836 respicit,
436 749 467 813 in
491 769 531 814 eo
555 760 661 813 manet
682 760 714 812 ct
742 749 773 812 iu
807 760 876 812 actu
910 767 1038 834 genera·

112 840 204 904 tionis
228 840 331 925 ipsius.

178 927 346 992 Sciendum
369 926 462 990 ctiam
477 924 618 1011 estquod
633 938 792 1010 peecatum
809 923 929 990 actuale
946 925 1037 1012 primi

114 1017 250 1081 lrominis
272 1016 304 1080 in
328 1026 469 1080 naturam
497 1013 646 1088 transivit,
680 1015 752 1099 quia
787 1027 895 1079 natura
933 1014 965 1080 in
1000 1035 1038 1081 eo

112 1119 190 1181 erat,
218 1104 367 1170 beneficio
402 1114 530 1168 naturae
564 1101 720 1189 praestito,
755 1102 856 1168 adhuc
890 1101 1034 1188 perlecta

114 1195 181 1271 sed,
204 1215 258 1280 per
281 1204 440 1278 peccatum
473 1193 567 1278 ipsius
590 1207 699 1256 natura
724 1193 783 1256 hoc
807 1190 957 1256 beneficio
981 1193 1035 1258 de-

113 1281 228 1361 stituta,
251 1296 336 1347 actus
363 1279 431 1364 ejus
464 1280 644 1366 simpliciter
680 1279 826 1345 naturalis
850 1279 914 1344 luit.
951 1279 1038 1348 Unde

112 1390 175 1435 nou
199 1371 296 1456 potuit
318 1368 492 1434 satisfacere
508 1390 564 1455 pro
581 1382 643 1434 tota
667 1383 776 1434 natura
800 1389 900 1454 neque
918 1369 1037 1436 bonum

113 1472 241 1524 naturae
264 1459 475 1541 redintegrare
503 1478 672 1544 persuum
700 1472 814 1532 actum3
853 1457 907 1522 sed
936 1459 1058 1526 sotum-

111 1547 286 1612 satislacere
310 1547 503 1632 aliquatenus
527 1548 625 1632 potuit
649 1567 705 1631 pro
729 1566 766 1610 eo
790 1545 924 1631 quodatl
942 1548 1036 1633 ipsius

111 1656 277 1720 personam
300 1635 468 1722 spectabat.
491 1636 534 1700 Ex
565 1655 627 1720 quo
662 1648 744 1721 putet
765 1635 877 1700 solutio
900 1635 938 1699 ad
961 1636 1038 1702 duo·

113 1724 266 1792 decimam
299 1724 460 1789 rationem.

180 1813 327 1878 Similiter
349 1825 453 1876 autern
475 1825 508 1876 et
536 1811 575 1876 ad
610 1813 730 1877 tertiam
765 1811 1034 1898 decimanona

112 1917 235 1989 peccata
270 1902 475 1988 posteriorum
503 1914 664 1988 parentum
704 1901 862 1965 inveniunt
892 1914 1032 1966 naturam

113 1991 289 2057 destitutam
314 1990 465 2055 beneficio
489 1991 631 2076 primitus
655 1990 711 2076 ipsi
735 2004 863 2055 naturae
875 2008 1035 2068 conoess03

113 2080 197 2146 unde
219 2101 256 2145 ex
278 2080 323 2143 eis
346 2099 408 2144 non
431 2081 570 2164 sequitur
592 2080 702 2165 aliquis
725 2078 861 2145 delectus
885 2081 937 2164 qui
966 2101 1035 2167 pro-

113 2183 243 2256 pagetur
267 2172 296 2232 in
322 2184 471 2253 posteros,
493 2168 549 2232 sed
576 2169 678 2232 solunt
703 2169 755 2252 qui
779 2189 943 2254 personam
968 2190 1038 2256 pec-

112 2258 210 2327 cantis
235 2257 356 2321 inliciat.

174 2346 229 2431 Sic
251 2346 343 2429 igitur
366 2364 428 2408 non
451 2356 497 2409 est
532 2344 752 2411 inconveniens
791 2365 892 2431 neque
927 2359 1034 2411 contra

111 2435 263 2501 rationem
288 2447 447 2519 peccatum
473 2432 623 2516 originale
646 2434 677 2498 in
703 2435 880 2499 hominibus
902 2454 990 2510 esses
1006 2449 1039 2499 ut

114 2523 350 2607 pelagianorum
375 2521 512 2587 haeresis
533 2520 756 2603 confundatum
774 2544 853 2609 quae
876 2537 1036 2609 peccatum

114 2612 266 2698 originale
290 2610 422 2697 negavit.

429 2785 612 2853 CAPUT
647 2787 720 2853 Llll.

153 2967 299 3034 Rationes
325 2963 436 3048 quibas
457 2965 581 3029 uidetur
601 2965 733 3049 probari
754 2967 837 3051 qaod
857 2989 920 3033 nan
941 2969 1001 3053 fait

328 3054 509 3119 conveniens
532 3054 632 3119 Deam
654 3056 824 3121 incarnari.

183 3233 264 3315 Quia
288 3251 362 3298 vero
385 3230 603 3297 iucarnationis
626 3230 703 3299 [ides
726 3232 765 3297 acl
781 3232 1042 3299 infidelibusstul-

78 3382 81 3386 f
115 3322 180 3388 titia
218 3333 388 3401 reputetur,
423 3319 596 3385 secundum
632 3322 708 3387 illud
739 3322 884 3409 Apostoli:
921 3322 1043 3387 Placuit

115 3412 182 3477 Deo
203 3431 261 3492 per
282 3408 448 3475 stultitiam
469 3408 716 3492 praedicationis
739 3412 843 3476 saluos
858 3411 961 3495 (acero
977 3430 1043 3475 cre·

112 3501 232 3582 aenas,
257 3500 271 3564 Ι
299 3498 371 3564 Cor.
395 3497 496 3578 l‚ll‚
511 3497 755 3567 stultumautem
783 3500 903 3567 videtur
927 3498 1043 3587 aliquid
