2484 3975
346 242 350 254 ·
422 236 476 283 tm.
502 236 541 281 rr.
565 236 628 283 etr.
652 238 709 282 nor.
961 218 1026 285 355

101 304 228 384 denarii,
261 316 295 370 ut
333 318 424 391 potet:
462 306 579 371 Militia
599 317 646 371 ert
672 307 738 371 vitu
759 304 894 370 leoninis
930 327 1026 392 cuper

104 406 230 459 terrum:
253 405 284 459 et
304 395 383 459 elcut
417 395 484 459 dier
518 395 703 460 mercenarii
738 394 807 459 uin
843 395 920 479 einr,
955 394 1028 475 tot,

101 483 134 562 7,
159 484 188 548 1.
212 483 283 557 Sed,
308 496 377 570 post
398 497 510 548 stetum
534 484 663 549 militine
684 498 715 549 et
738 482 877 548 laborem
907 503 1025 549 merce-

101 572 192 650 narii,
213 573 315 636 stetim
339 571 469 637 debetur
493 572 669 659 proemium
697 571 745 636 vel
769 571 961 659 poeoobene
977 574 1025 637 vel

104 659 186 725 mule
209 659 409 737 certantibut3
432 662 516 726 unde
533 661 654 726 dicitur:
678 660 747 727 ll'on
763 660 1026 746 morolitnropuo

100 750 286 814 mercenarii
310 751 354 813 tui
376 751 462 833 opud
485 760 514 813 te
539 770 634 834 usqne
656 770 758 828 mone,
780 749 886 826 Levit,
903 749 954 827 tu,
973 752 1026 819 to:

102 837 256 903 Dominus
278 838 369 902 etiem
393 838 475 904 dicit:
503 838 571 902 Cito
594 840 739 903 uelociter
760 840 892 903 reddum
929 840 1020 903 cicir-

101 926 268 991 citudinem
288 927 375 991 uolrir
396 946 488 1013 cuper
511 938 604 1011 capnt
626 938 772 1005 centrum,
807 927 884 1006 loel‚
922 928 954 1001 5,
992 928 1023 993 l.

101 1014 209 1079 Statim
234 1016 326 1099 igitur
349 1030 582 1103 postmortem,
604 1019 727 1081 onimee
766 1016 814 1081 vel
851 1016 1023 1103 praemium

100 1118 332 1189 consequuntur
356 1104 402 1170 vel
426 1124 569 1190 poenum.

158 1190 308 1278 Amplius,
323 1192 499 1257 Secundum
513 1193 655 1258 ordinem
671 1193 781 1279 eulpae
792 1207 822 1258 et
837 1193 937 1257 meriti
951 1214 1023 1259 con-

101 1282 396 1347 venienterestordo
409 1284 583 1369 inpoenoet
600 1283 747 1367 proemio.
764 1282 905 1346 Meritum
918 1297 1022 1347 autem

100 1383 130 1434 et
153 1369 242 1454 culpe
266 1390 328 1434 non
352 1371 499 1457 competit
515 1372 635 1456 corpori
648 1372 704 1435 nisi
721 1390 776 1456 per
785 1372 931 1447 animem
947 1372 1022 1437 oilril

98 1459 183 1523 enirn
209 1457 300 1522 hebet
324 1462 472 1523 rationem
498 1460 600 1524 meriti
624 1458 672 1522 vel
707 1459 860 1536 demeriti,
893 1460 952 1525 uisi
990 1463 1022 1525 in

98 1561 248 1633 quantum
280 1561 325 1613 est
359 1548 576 1612 voluntarium.
615 1547 710 1631 lgitur
747 1561 809 1611 tem
848 1549 1021 1633 proemium

99 1655 192 1720 quum
216 1656 315 1721 poeno
338 1637 557 1701 convenienter
580 1636 619 1701 ab
649 1637 751 1700 anime
789 1636 945 1701 derivetur
981 1640 1020 1703 ud

98 1744 221 1810 corpus3
244 1744 306 1789 non
331 1739 432 1789 eutem
455 1726 577 1789 animae
600 1724 743 1791 convenit
762 1738 887 1810 propter
898 1746 1020 1809 eorpus.

100 1811 187 1877 Nulla
211 1812 303 1898 igitur
326 1814 402 1877 retio
426 1826 471 1879 est
494 1833 589 1899 quare
613 1814 644 1877 in
669 1814 828 1899 punitione
853 1813 899 1878 vel
933 1835 1021 1899 prue-

100 1902 246 1965 mietione
263 1903 435 1968 animorum
463 1914 642 1990 expectetur
657 1902 827 1989 resumptio
842 1922 1020 1986 corporunn

98 1992 173 2077 quin
196 1995 295 2076 magis
317 1994 503 2056 conveniens
527 1993 646 2056 videtur
670 1993 892 2070 utenimoe,in
908 1993 1021 2076 quibus

98 2080 246 2166 perprius
262 2079 317 2143 luit
334 2079 421 2166 culpe
435 2096 464 2145 et
478 2083 635 2160 meritum,
645 2082 730 2166 prius
745 2081 840 2145 etiem
855 2083 1023 2166 punientur

99 2168 148 2232 rel
170 2169 389 2254 praemientur.

164 2256 251 2334 ltem,
274 2257 387 2322 Eodem
413 2257 468 2320 Dei
493 2257 690 2342 providentie
713 2259 863 2323 creatoris
885 2259 1020 2324 ratione·
1047 2277 1056 2291 ‘

97 2345 178 2410 libus
202 2346 338 2430 proemia
372 2345 524 2411 debentur
547 2361 577 2410 et
601 2367 731 2432 poenae,
753 2366 812 2431 quo
837 2347 930 2411 rebus
967 2367 1019 2412 un·

97 2433 248 2499 turelibue
271 2434 521 2536 perfectiones
495 2457 538 2500 ers
575 2435 695 2501 detine
732 2436 928 2501 adhibentur.
969 2435 1019 2500 Sic

95 2536 145 2588 est
167 2537 270 2587 eutem
295 2523 325 2586 in
350 2523 443 2589 rebus
467 2523 751 2610 naturalibusquoo
769 2523 1017 2624 unumquodque

95 2613 198 2676 statim
223 2612 329 2698 recipit
353 2610 575 2698 perfectionem
612 2612 701 2696 eujus
738 2627 784 2697 eet
816 2633 924 2699 ιιιριιι,
959 2615 1016 2676 uisi

95 2701 135 2764 sit
159 2700 426 2802 impedimentum,
450 2701 498 2769 vel
522 2721 559 2765 ex
575 2715 670 2787 porte
693 2690 867 2786 recipientis
905 2701 1016 2767 velex

93 2803 183 2874 porte
206 2789 335 2873 egentis.
360 2789 470 2854 Cum
462 2791 554 2874 igitur
576 2790 709 2869 animae,
731 2792 833 2854 stetim
856 2811 927 2855 eum
950 2789 1016 2855 lue-

92 2877 156 2954 rint
178 2891 342 2963 nepurntue¹
359 2899 383 2959 et
400 2898 540 2964 corpore,
568 2880 629 2943 eint
651 2898 779 2965 cepoees
802 2893 832 2944 et
857 2879 974 2963 gloriae
987 2892 1017 2942 et

92 2985 225 3050 poenae,
248 2967 351 3033 stetim
385 2981 552 3053 utrumque
589 2968 748 3054 recipient;
787 2987 845 3032 nec
878 2968 1017 3032 differtur

91 3054 143 3118 vel
166 3054 318 3119 bonorum
344 3056 516 3141 praemium
542 3055 588 3120 rel
612 3056 765 3121 melorum
782 3077 882 3142 poena
899 3077 1015 3141 quous·

88 3161 154 3227 que
177 3143 298 3208 animae
307 3164 449 3230 corpore
474 3155 675 3209 roees'umnnt.

159 3231 423 3297 Considerandum
447 3248 549 3298 temen
574 3247 620 3298 est
642 3235 726 3317 quod
744 3253 786 3298 ex
811 3246 896 3317 parte
914 3232 1011 3298 bono

86 3339 160 3395 rum
185 3320 309 3405 aliquod
333 3320 590 3408 impedimentum
614 3340 682 3386 esee
705 3335 804 3407 potest
829 3341 868 3384 ue
891 3321 1014 3410 opimae

83 3409 192 3472 stetim
228 3429 244 3471 ιι
282 3429 412 3512 corpore
450 3409 623 3512 absolutae,
658 3410 801 3475 ultimam
834 3411 1012 3476 mercedem

83 3497 249 3598 recipient,
271 3518 350 3583 quae
373 3499 407 3562 in
427 3497 485 3564 Dei
508 3499 625 3564 tisione
659 3500 807 3564 consistit
842 3500 889 3564 to
928 3500 1011 3564 illem

80 3586 171 3652 enim
195 3585 343 3654 visionem
367 3600 505 3654 creature
529 3584 686 3655 rationalis
705 3587 818 3656 elevari
833 3608 896 3655 noo
912 3584 1013 3676 potest
