2484 3975
79 206 121 301 ἰ
217 236 282 305 sut
415 322 418 329 .
510 260 566 306 uu.
591 254 630 309 it.
652 262 717 309 etr.
741 258 849 310 txxnn.

506 416 679 489 CAPUT
712 419 858 487 txxxu.

346 538 436 621 Quod
458 540 595 607 homines
616 555 777 629 resument
799 542 1004 609 immortales.

278 677 319 743 Et
344 699 405 766 quo
429 679 522 745 etium
540 694 633 767 putet,
648 683 732 771 quod
745 683 776 747 iu
793 680 895 747 futuru
911 681 1142 746 resurreetione

211 766 354 833 homines
377 789 439 833 non
464 770 507 834 sie
530 787 692 856 resurgent
717 786 750 837 ut
772 773 835 837 sint
858 772 970 835 iterum
983 770 1140 837 morituri.

223 884 226 891 ¹
277 856 447 923 Necessitas
473 858 556 923 enim
581 860 734 927 moriendi
758 874 805 925 est
828 859 967 924 deiectus
997 860 1027 923 iu
1052 874 1142 925 nutu·

211 964 278 1010 rem
302 946 471 1011 humanam
496 968 533 1012 ex
558 965 685 1034 peecsto
708 946 1060 1036 provenienstihristus
1083 969 1140 1013 ιιιι-

211 1047 274 1098 tem
298 1036 410 1099 merito
433 1056 508 1100 suae
532 1038 693 1123 passionis,
718 1052 846 1102 naturae
872 1034 1013 1101 deiectus
1051 1055 1143 1121 repu-

211 1121 288 1187 rutit
311 1124 365 1207 qui
388 1125 419 1187 in
443 1126 541 1211 ipsum
565 1145 603 1190 ex
627 1142 752 1213 peceato
770 1140 991 1213 provenerunt3
1007 1127 1140 1190 utenim

210 1212 284 1276 dicit
306 1212 482 1297 Apostolus,
505 1213 576 1280 Non
597 1219 678 1279 sieut
700 1216 857 1293 delictum,
879 1215 927 1278 ito
949 1226 978 1277 et
1008 1214 1142 1289 uertunt·

211 1301 239 1365 si
260 1300 341 1364 enim
365 1304 454 1366 unius
475 1302 589 1368 delicto
611 1306 704 1369 multi
724 1308 840 1369 mortui
862 1302 1054 1380 rantmuto
1070 1322 1143 1367 mo·

209 1388 258 1475 9't'r
278 1390 384 1474 oratio
408 1390 467 1455 Dei
488 1402 518 1454 et
539 1392 655 1458 (tortum
676 1394 709 1458 in
731 1394 837 1477 oratio
873 1394 965 1456 unius
1004 1390 1142 1456 hominis

209 1478 282 1543 lesu
308 1478 423 1543 Christi
444 1480 478 1544 ιἰι
499 1482 607 1564 piures
629 1482 812 1555 abundauit,
837 1482 938 1557 Rom,
962 1479 994 1554 tt,
1020 1478 1072 1545 ttt.
1097 1480 1143 1547 Ex

209 1586 272 1652 quo
296 1566 431 1633 habetur
448 1570 532 1656 quod
556 1569 713 1636 eifieueius
736 1584 782 1636 est
804 1571 950 1636 meritum
967 1569 1080 1633 Christi
1098 1568 1140 1634 ud

208 1655 382 1721 tollendum
406 1676 539 1723 mortem
563 1679 657 1746 quum
682 1675 843 1747 peceatum
867 1658 952 1723 Adae
983 1656 1024 1721 sd
1047 1657 1141 1722 iudu-

207 1744 352 1810 oeudum.
377 1745 422 1811 hh
446 1746 539 1832 igitur
562 1750 614 1834 qui
638 1764 702 1835 per·
718 1749 863 1813 meritum
889 1746 1000 1811 Christi
1032 1765 1140 1811 resur·

208 1846 321 1919 genua
339 1848 440 1900 morte
455 1836 588 1916 liberati,
605 1851 738 1903 mortem
753 1838 880 1903 ulterius
893 1856 957 1899 non
970 1833 1139 1921 patientur.

275 1922 448 2003 Praeterea,
472 1924 549 1991 illud
574 1926 658 2014 qnod
682 1942 728 1992 est
751 1927 782 1991 in
807 1938 990 2012 perpetuum
1007 1923 1141 1990 duroto·

207 2017 277 2076 rum
301 2033 364 2076 non
388 2028 435 2079 est
457 2013 658 2081 destructum.
682 2015 714 2080 st
739 2016 831 2100 igitur
867 2015 1010 2080 homiues
1032 2033 1138 2078 resur·
1236 2026 1237 2103 j

207 2116 314 2186 gentes
337 2100 440 2167 adhue
462 2104 574 2170 iterum
614 2106 798 2183 morientur,
837 2118 870 2168 ut
902 2105 947 2168 sie
985 2121 1070 2166 mors
1105 2104 1140 2168 iu
1236 2168 1237 2193 χ

206 2202 391 2276 perpetuum
415 2191 517 2272 duret,
541 2193 629 2259 nulio
661 2193 757 2259 modo
791 2212 876 2257 mors
910 2210 967 2278 per
1000 2203 1138 2256 mortem

206 2276 318 2343 Christi
352 2277 508 2348 destructo
543 2297 598 2348 est.
635 2282 686 2347 Est
719 2295 823 2346 nutem
861 2280 1016 2345 destructo
1052 2298 1140 2345 nuuc

205 2366 331 2453 quidem
355 2369 387 2433 io
412 2390 515 2449 ouusu,
538 2370 623 2457 qnod
646 2371 799 2436 Dominus
823 2389 878 2456 per
893 2367 994 2433 Ossae
1004 2368 1137 2453 oraedi-

202 2470 291 2521 xerat
317 2457 432 2523 dicens:
457 2458 520 2524 Ero
545 2481 629 2524 mors
654 2471 717 2539 tuo,
751 2480 768 2524 o
803 2477 898 2536 mors,
931 2454 1044 2532 Oscae,
1081 2457 1138 2536 15,

204 2543 257 2610 ih:
287 2545 396 2610 ultimo
435 2564 539 2614 autem
580 2547 758 2614 destruetur
781 2549 811 2614 iu
839 2563 922 2626 netu,
959 2544 1136 2612 seeundum

202 2631 289 2698 iliud:
314 2633 489 2702 Nouissima
512 2639 643 2702 inimico
666 2638 843 2702 destruetur
877 2635 1010 2713 morsi
1048 2632 1138 2709 Cor„
1235 2696 1236 2721 χ

203 2720 256 2801 15,
279 2722 331 2788 26.
361 2724 413 2788 Est
435 2725 527 2810 igitur
549 2726 723 2796 seeundum
755 2725 850 2790 fidem
885 2722 1038 2790 Ecclesiae
1074 2724 1137 2789 hoe

202 2811 372 2877 tenendum
396 2815 479 2898 quod
503 2829 701 2900 resurgentes
724 2834 787 2881 non
820 2815 932 2879 iterum
948 2811 1134 2877 morientur.

267 2900 386 2980 Adhuc,
411 2901 542 2970 Effectus
571 2904 724 2969 similatur
746 2923 821 2968 sose
859 2921 980 2967 uousoe.
1005 2901 1151 2974 ,unns-1
1235 2917 1237 2934 ⁶

200 2989 296 3054 rectio
310 3005 413 3054 nutem
440 2991 551 3058 Christi
572 3005 729 3058 causaest
745 2991 869 3056 futurae
882 2989 1133 3069 resurrectionis,

183 3091 232 3142 ‘ut
255 3078 372 3144 dictum
395 3092 442 3144 est
465 3077 517 3160 (o.
540 3081 621 3167 th:
646 3081 689 3147 sie
712 3095 817 3145 sutem
851 3078 1018 3144 resurrexit
1041 3075 1151 3142 Οιιιι-ι

199 3177 263 3232 stne
294 3185 328 3232 ut
348 3189 411 3232 non
446 3169 574 3236 ulterius
613 3183 801 3247 moreretur,
832 3171 1005 3234 seeundum
1038 3164 1128 3230 itluu:

201 3254 342 3320 Citrirtus
363 3275 526 3342 rerurqenr
547 3273 587 3324 e'o
611 3258 743 3324 mortuis
772 3261 846 3343 jum
883 3277 945 3323 non
982 3256 1150 3333 mortim,-

198 3341 300 3423 hom.,
324 3345 355 3423 6,
377 3345 408 3409 9.
432 3345 579 3412 homines
602 3348 696 3434 igitur
710 3348 755 3434 sie
766 3360 929 3431 resurgent
945 3361 979 3410 ut
997 3344 1129 3410 ulterius

197 3452 261 3496 uon
285 3449 466 3498 moriuntur.

265 3521 416 3608 Amplius,
438 3523 470 3588 Si
495 3522 639 3591 homines
676 3535 873 3611 resurgentes
910 3525 1022 3590 iterum
1058 3540 1129 3587 um·
1234 3538 1236 3647 ι
