<?xml version="1.0" encoding="UTF-8"?>
<!DOCTYPE html PUBLIC "-//W3C//DTD XHTML 1.0 Transitional//EN"
    "http://www.w3.org/TR/xhtml1/DTD/xhtml1-transitional.dtd">
<html xmlns="http://www.w3.org/1999/xhtml" xml:lang="en" lang="en">
 <head>
  <title>
</title>
<meta http-equiv="Content-Type" content="text/html;charset=utf-8" />
  <meta name='ocr-system' content='tesseract 3.04.00' />
  <meta name='ocr-capabilities' content='ocr_page ocr_carea ocr_par ocr_line ocrx_word'/>
</head>
<body>
  <div class='ocr_page' id='page_1' title='image "./sanctithomaeaqu01thomgoog_0631.png"; bbox 0 0 2484 3975; ppageno 0'>
   <div class='ocr_carea' id='block_1_1' title="bbox 135 197 1060 724">
    <p class='ocr_par' dir='ltr' id='par_1_1' title="bbox 135 197 1060 724">
     <span class='ocr_line' id='line_1_1' title="bbox 482 197 1056 263; baseline 0.01 -7"><span class='ocrx_word' id='word_1_1' title='bbox 482 211 521 256; x_wconf 86' lang='lat' dir='ltr'>ne</span> <span class='ocrx_word' id='word_1_2' title='bbox 545 211 730 258; x_wconf 80' lang='lat' dir='ltr'>tusrtnrttttts</span> <span class='ocrx_word' id='word_1_3' title='bbox 995 197 1056 263; x_wconf 80' lang='lat' dir='ltr'>bll</span> 
     </span>
     <span class='ocr_line' id='line_1_2' title="bbox 138 278 1058 368; baseline 0.002 -19"><span class='ocrx_word' id='word_1_4' title='bbox 138 285 232 363; x_wconf 91' lang='lat' dir='ltr'>unde,</span> <span class='ocrx_word' id='word_1_5' title='bbox 257 283 282 348; x_wconf 90' lang='lat' dir='ltr'>si</span> <span class='ocrx_word' id='word_1_6' title='bbox 307 281 410 368; x_wconf 84' lang='lat' dir='ltr'>aliquo</span> <span class='ocrx_word' id='word_1_7' title='bbox 433 281 527 346; x_wconf 87' lang='lat' dir='ltr'>modo</span> <span class='ocrx_word' id='word_1_8' title='bbox 550 282 703 347; x_wconf 76' lang='lat' dir='ltr'>diceretur</span> <span class='ocrx_word' id='word_1_9' title='bbox 729 278 863 365; x_wconf 75' lang='lat' dir='ltr'>Angelus</span> <span class='ocrx_word' id='word_1_10' title='bbox 885 286 1058 351; x_wconf 73' lang='lat' dir='ltr'>commetiri</span> 
     </span>
     <span class='ocr_line' id='line_1_3' title="bbox 139 371 1060 459; baseline 0 -19"><span class='ocrx_word' id='word_1_11' title='bbox 139 395 193 440; x_wconf 91' lang='lat' dir='ltr'>sen</span> <span class='ocrx_word' id='word_1_12' title='bbox 218 372 390 438; x_wconf 88' lang='lat' dir='ltr'>mensurari</span> <span class='ocrx_word' id='word_1_13' title='bbox 416 384 555 456; x_wconf 86' lang='lat' dir='ltr'>tempore</span> <span class='ocrx_word' id='word_1_14' title='bbox 589 371 673 459; x_wconf 88' lang='lat' dir='ltr'>quod</span> <span class='ocrx_word' id='word_1_15' title='bbox 695 382 741 434; x_wconf 89' lang='lat' dir='ltr'>est</span> <span class='ocrx_word' id='word_1_16' title='bbox 774 389 918 436; x_wconf 89' lang='lat' dir='ltr'>mensura</span> <span class='ocrx_word' id='word_1_17' title='bbox 947 387 1060 456; x_wconf 86' lang='lat' dir='ltr'>motus,</span> 
     </span>
     <span class='ocr_line' id='line_1_4' title="bbox 138 457 1058 546; baseline 0.001 -18"><span class='ocrx_word' id='word_1_18' title='bbox 138 463 310 530; x_wconf 88' lang='lat' dir='ltr'>necessario</span> <span class='ocrx_word' id='word_1_19' title='bbox 335 461 393 525; x_wconf 89' lang='lat' dir='ltr'>boc</span> <span class='ocrx_word' id='word_1_20' title='bbox 417 459 495 524; x_wconf 88' lang='lat' dir='ltr'>l&#39;oret</span> <span class='ocrx_word' id='word_1_21' title='bbox 531 479 586 546; x_wconf 89' lang='lat' dir='ltr'>per</span> <span class='ocrx_word' id='word_1_22' title='bbox 619 457 901 536; x_wconf 63' lang='lat' dir='ltr'>concomitantiam</span> <span class='ocrx_word' id='word_1_23' title='bbox 933 473 965 524; x_wconf 92' lang='lat' dir='ltr'>et</span> <span class='ocrx_word' id='word_1_24' title='bbox 998 462 1058 529; x_wconf 90' lang='lat' dir='ltr'>boc</span> 
     </span>
     <span class='ocr_line' id='line_1_5' title="bbox 136 547 1058 634; baseline -0.001 -16"><span class='ocrx_word' id='word_1_25' title='bbox 136 553 355 618; x_wconf 83' lang='lat' dir='ltr'>conuenienter</span> <span class='ocrx_word' id='word_1_26' title='bbox 378 560 480 634; x_wconf 88' lang='lat' dir='ltr'>posset</span> <span class='ocrx_word' id='word_1_27' title='bbox 506 547 576 628; x_wconf 91' lang='lat' dir='ltr'>dici,</span> <span class='ocrx_word' id='word_1_28' title='bbox 613 549 638 614; x_wconf 92' lang='lat' dir='ltr'>si</span> <span class='ocrx_word' id='word_1_29' title='bbox 672 562 793 634; x_wconf 82' lang='lat' dir='ltr'>tempus</span> <span class='ocrx_word' id='word_1_30' title='bbox 829 567 893 612; x_wconf 91' lang='lat' dir='ltr'>non</span> <span class='ocrx_word' id='word_1_31' title='bbox 928 549 1058 617; x_wconf 87' lang='lat' dir='ltr'>baberet</span> 
     </span>
     <span class='ocr_line' id='line_1_6' title="bbox 135 636 1055 724; baseline -0.001 -17"><span class='ocrx_word' id='word_1_32' title='bbox 135 642 240 718; x_wconf 88' lang='lat' dir='ltr'>linem,</span> <span class='ocrx_word' id='word_1_33' title='bbox 262 641 338 704; x_wconf 87' lang='lat' dir='ltr'>sieut</span> <span class='ocrx_word' id='word_1_34' title='bbox 361 649 408 702; x_wconf 85' lang='lat' dir='ltr'>cst</span> <span class='ocrx_word' id='word_1_35' title='bbox 431 636 609 724; x_wconf 75' lang='lat' dir='ltr'>Philosophi</span> <span class='ocrx_word' id='word_1_36' title='bbox 634 638 750 724; x_wconf 92' lang='lat' dir='ltr'>opinio,</span> <span class='ocrx_word' id='word_1_37' title='bbox 770 649 845 702; x_wconf 92' lang='lat' dir='ltr'>tunc</span> <span class='ocrx_word' id='word_1_38' title='bbox 872 638 954 702; x_wconf 87' lang='lat' dir='ltr'>enim</span> <span class='ocrx_word' id='word_1_39' title='bbox 978 653 1055 705; x_wconf 86' lang='lat' dir='ltr'>tern-</span> 
     </span>
    </p>
   </div>
   <div class='ocr_carea' id='block_1_2' title="bbox 22 725 1140 818">
    <p class='ocr_par' dir='ltr' id='par_1_2' title="bbox 22 725 1140 818">
     <span class='ocr_line' id='line_1_7' title="bbox 22 725 1140 818; baseline 0.001 -24"><span class='ocrx_word' id='word_1_40' title='bbox 22 775 24 780; x_wconf 88' lang='lat'>-</span> <span class='ocrx_word' id='word_1_41' title='bbox 135 749 192 818; x_wconf 87' lang='lat' dir='ltr'>pus</span> <span class='ocrx_word' id='word_1_42' title='bbox 216 727 426 794; x_wconf 86' lang='lat' dir='ltr'>indeficienter</span> <span class='ocrx_word' id='word_1_43' title='bbox 439 741 619 812; x_wconf 77' lang='lat' dir='ltr'>sequeretur</span> <span class='ocrx_word' id='word_1_44' title='bbox 635 745 757 800; x_wconf 67' lang='lat' dir='ltr'>aerumc</span> <span class='ocrx_word' id='word_1_45' title='bbox 771 725 838 804; x_wconf 88' lang='lat' dir='ltr'>scd,</span> <span class='ocrx_word' id='word_1_46' title='bbox 849 726 921 812; x_wconf 87' lang='lat' dir='ltr'>quia</span> <span class='ocrx_word' id='word_1_47' title='bbox 934 741 1057 817; x_wconf 83' lang='lat' dir='ltr'>tempus</span> <span class='ocrx_word' id='word_1_48' title='bbox 1138 730 1140 735; x_wconf 83' lang='lat'>&#39;</span> 
     </span>
    </p>
   </div>
   <div class='ocr_carea' id='block_1_3' title="bbox 135 815 1058 1438">
    <p class='ocr_par' dir='ltr' id='par_1_3' title="bbox 135 815 1058 1438">
     <span class='ocr_line' id='line_1_8' title="bbox 136 815 1055 903; baseline 0 -19"><span class='ocrx_word' id='word_1_49' title='bbox 136 839 197 884; x_wconf 92' lang='lat' dir='ltr'>non</span> <span class='ocrx_word' id='word_1_50' title='bbox 220 836 343 902; x_wconf 87' lang='lat' dir='ltr'>semper</span> <span class='ocrx_word' id='word_1_51' title='bbox 360 815 483 879; x_wconf 91' lang='lat' dir='ltr'>durabit</span> <span class='ocrx_word' id='word_1_52' title='bbox 504 815 664 903; x_wconf 82' lang='lat' dir='ltr'>(cessabit</span> <span class='ocrx_word' id='word_1_53' title='bbox 679 833 813 902; x_wconf 83' lang='lat' dir='ltr'>namque</span> <span class='ocrx_word' id='word_1_54' title='bbox 829 829 932 881; x_wconf 90' lang='lat' dir='ltr'>motus</span> <span class='ocrx_word' id='word_1_55' title='bbox 944 816 970 902; x_wconf 90' lang='lat'>),</span> <span class='ocrx_word' id='word_1_56' title='bbox 991 837 1055 884; x_wconf 91' lang='lat' dir='ltr'>non</span> 
     </span>
     <span class='ocr_line' id='line_1_9' title="bbox 135 905 1058 990; baseline 0.002 -20"><span class='ocrx_word' id='word_1_57' title='bbox 135 923 182 973; x_wconf 92' lang='lat' dir='ltr'>est</span> <span class='ocrx_word' id='word_1_58' title='bbox 205 905 369 972; x_wconf 90' lang='lat' dir='ltr'>concordia</span> <span class='ocrx_word' id='word_1_59' title='bbox 392 923 447 968; x_wconf 88' lang='lat' dir='ltr'>seu</span> <span class='ocrx_word' id='word_1_60' title='bbox 474 905 709 969; x_wconf 79' lang='lat' dir='ltr'>concomitantia</span> <span class='ocrx_word' id='word_1_61' title='bbox 744 905 891 990; x_wconf 90' lang='lat' dir='ltr'>temporis</span> <span class='ocrx_word' id='word_1_62' title='bbox 925 919 956 970; x_wconf 91' lang='lat' dir='ltr'>et</span> <span class='ocrx_word' id='word_1_63' title='bbox 978 910 1058 987; x_wconf 86' lang='lat' dir='ltr'>aeci,</span> 
     </span>
     <span class='ocr_line' id='line_1_10' title="bbox 136 992 1055 1080; baseline 0 -19"><span class='ocrx_word' id='word_1_64' title='bbox 136 997 192 1061; x_wconf 91' lang='lat' dir='ltr'>nisi</span> <span class='ocrx_word' id='word_1_65' title='bbox 218 1009 251 1060; x_wconf 91' lang='lat' dir='ltr'>ut</span> <span class='ocrx_word' id='word_1_66' title='bbox 273 1013 365 1058; x_wconf 90' lang='lat' dir='ltr'>nunc.</span> <span class='ocrx_word' id='word_1_67' title='bbox 388 992 525 1079; x_wconf 86' lang='lat' dir='ltr'>Tempus</span> <span class='ocrx_word' id='word_1_68' title='bbox 542 1013 615 1058; x_wconf 84' lang='lat' dir='ltr'>uero</span> <span class='ocrx_word' id='word_1_69' title='bbox 639 993 724 1080; x_wconf 82' lang='lat' dir='ltr'>quod</span> <span class='ocrx_word' id='word_1_70' title='bbox 747 1004 906 1058; x_wconf 84' lang='lat' dir='ltr'>mensurat</span> <span class='ocrx_word' id='word_1_71' title='bbox 920 995 1055 1062; x_wconf 85' lang='lat' dir='ltr'>actiones</span> 
     </span>
     <span class='ocr_line' id='line_1_11' title="bbox 135 1081 1053 1170; baseline 0.001 -21"><span class='ocrx_word' id='word_1_72' title='bbox 135 1085 322 1170; x_wconf 78' lang='lat' dir='ltr'>angelorum</span> <span class='ocrx_word' id='word_1_73' title='bbox 349 1083 572 1147; x_wconf 83' lang='lat' dir='ltr'>concomitatur</span> <span class='ocrx_word' id='word_1_74' title='bbox 604 1082 783 1168; x_wconf 90' lang='lat' dir='ltr'>simpliciter</span> <span class='ocrx_word' id='word_1_75' title='bbox 804 1081 907 1168; x_wconf 85' lang='lat' dir='ltr'>ipsum</span> <span class='ocrx_word' id='word_1_76' title='bbox 929 1103 1053 1164; x_wconf 86' lang='lat' dir='ltr'>aevum;</span> 
     </span>
     <span class='ocr_line' id='line_1_12' title="bbox 135 1169 1052 1260; baseline 0.002 -22"><span class='ocrx_word' id='word_1_77' title='bbox 135 1192 258 1260; x_wconf 86' lang='lat' dir='ltr'>semper</span> <span class='ocrx_word' id='word_1_78' title='bbox 280 1171 364 1236; x_wconf 92' lang='lat' dir='ltr'>enim</span> <span class='ocrx_word' id='word_1_79' title='bbox 388 1169 494 1256; x_wconf 78' lang='lat' dir='ltr'>angeli</span> <span class='ocrx_word' id='word_1_80' title='bbox 517 1170 689 1256; x_wconf 81' lang='lat' dir='ltr'>intelligent</span> <span class='ocrx_word' id='word_1_81' title='bbox 711 1191 767 1258; x_wconf 91' lang='lat' dir='ltr'>per</span> <span class='ocrx_word' id='word_1_82' title='bbox 792 1170 912 1257; x_wconf 91' lang='lat' dir='ltr'>specics</span> <span class='ocrx_word' id='word_1_83' title='bbox 946 1188 1052 1240; x_wconf 90' lang='lat' dir='ltr'>rerum</span> 
     </span>
     <span class='ocr_line' id='line_1_13' title="bbox 135 1259 1055 1350; baseline 0.002 -23"><span class='ocrx_word' id='word_1_84' title='bbox 135 1261 274 1350; x_wconf 88' lang='lat' dir='ltr'>proprias</span> <span class='ocrx_word' id='word_1_85' title='bbox 298 1279 374 1346; x_wconf 88' lang='lat' dir='ltr'>quas</span> <span class='ocrx_word' id='word_1_86' title='bbox 397 1259 534 1346; x_wconf 83' lang='lat' dir='ltr'>apudse</span> <span class='ocrx_word' id='word_1_87' title='bbox 557 1259 682 1324; x_wconf 89' lang='lat' dir='ltr'>babent.</span> <span class='ocrx_word' id='word_1_88' title='bbox 705 1260 786 1342; x_wconf 90' lang='lat' dir='ltr'>Quia</span> <span class='ocrx_word' id='word_1_89' title='bbox 807 1279 882 1344; x_wconf 78' lang='lat' dir='ltr'>ergo</span> <span class='ocrx_word' id='word_1_90' title='bbox 906 1261 1055 1329; x_wconf 88' lang='lat' dir='ltr'>bootem-</span> 
     </span>
     <span class='ocr_line' id='line_1_14' title="bbox 135 1349 1055 1438; baseline -0.001 -21"><span class='ocrx_word' id='word_1_91' title='bbox 135 1371 193 1438; x_wconf 89' lang='lat' dir='ltr'>pus</span> <span class='ocrx_word' id='word_1_92' title='bbox 216 1349 355 1422; x_wconf 91' lang='lat' dir='ltr'>absolute</span> <span class='ocrx_word' id='word_1_93' title='bbox 379 1367 490 1414; x_wconf 83' lang='lat' dir='ltr'>aevum</span> <span class='ocrx_word' id='word_1_94' title='bbox 512 1349 736 1414; x_wconf 86' lang='lat' dir='ltr'>concomitatur</span> <span class='ocrx_word' id='word_1_95' title='bbox 758 1349 900 1435; x_wconf 86' lang='lat' dir='ltr'>tempori,</span> <span class='ocrx_word' id='word_1_96' title='bbox 923 1353 1055 1438; x_wconf 91' lang='lat' dir='ltr'>tempori</span> 
     </span>
    </p>
   </div>
   <div class='ocr_carea' id='block_1_4' title="bbox 25 1438 1055 1524">
    <p class='ocr_par' dir='ltr' id='par_1_4' title="bbox 25 1438 1055 1524">
     <span class='ocr_line' id='line_1_15' title="bbox 25 1438 1055 1524; baseline 0.001 -20"><span class='ocrx_word' id='word_1_97' title='bbox 25 1440 28 1447; x_wconf 84' lang='lat'>&#39;</span> <span class='ocrx_word' id='word_1_98' title='bbox 132 1454 235 1506; x_wconf 88' lang='lat' dir='ltr'>autem</span> <span class='ocrx_word' id='word_1_99' title='bbox 259 1452 363 1504; x_wconf 88' lang='lat' dir='ltr'>nostro</span> <span class='ocrx_word' id='word_1_100' title='bbox 399 1438 429 1502; x_wconf 93' lang='lat' dir='ltr'>in</span> <span class='ocrx_word' id='word_1_101' title='bbox 470 1438 556 1502; x_wconf 93' lang='lat' dir='ltr'>nullo</span> <span class='ocrx_word' id='word_1_102' title='bbox 591 1438 850 1524; x_wconf 71' lang='lat' dir='ltr'>proportionum,</span> <span class='ocrx_word' id='word_1_103' title='bbox 886 1439 943 1505; x_wconf 88' lang='lat' dir='ltr'>nisi</span> <span class='ocrx_word' id='word_1_104' title='bbox 976 1440 1055 1507; x_wconf 90' lang='lat' dir='ltr'>lorte</span> 
     </span>
    </p>
   </div>
   <div class='ocr_carea' id='block_1_5' title="bbox 131 1525 1144 3037">
    <p class='ocr_par' dir='ltr' id='par_1_5' title="bbox 131 1525 1144 3037">
     <span class='ocr_line' id='line_1_16' title="bbox 132 1525 1089 1612; baseline 0.003 -20"><span class='ocrx_word' id='word_1_105' title='bbox 132 1529 359 1594; x_wconf 86' lang='lat' dir='ltr'>accidentaliter</span> <span class='ocrx_word' id='word_1_106' title='bbox 381 1527 513 1612; x_wconf 86' lang='lat' dir='ltr'>(potest</span> <span class='ocrx_word' id='word_1_107' title='bbox 536 1526 618 1590; x_wconf 89' lang='lat' dir='ltr'>enim</span> <span class='ocrx_word' id='word_1_108' title='bbox 646 1547 706 1591; x_wconf 84' lang='lat' dir='ltr'>utta</span> <span class='ocrx_word' id='word_1_109' title='bbox 738 1525 886 1612; x_wconf 87' lang='lat' dir='ltr'>particula</span> <span class='ocrx_word' id='word_1_110' title='bbox 921 1528 1055 1596; x_wconf 90' lang='lat' dir='ltr'>indivisi·</span> <span class='ocrx_word' id='word_1_111' title='bbox 1086 1600 1089 1605; x_wconf 58' lang='grc'><strong>,</strong></span> 
     </span>
     <span class='ocr_line' id='line_1_17' title="bbox 133 1615 1053 1702; baseline 0.003 -21"><span class='ocrx_word' id='word_1_112' title='bbox 133 1619 203 1683; x_wconf 86' lang='lat' dir='ltr'>bilis</span> <span class='ocrx_word' id='word_1_113' title='bbox 225 1617 306 1681; x_wconf 91' lang='lat' dir='ltr'>illius</span> <span class='ocrx_word' id='word_1_114' title='bbox 329 1615 475 1700; x_wconf 78' lang='lat' dir='ltr'>ternporis&#39;</span> <span class='ocrx_word' id='word_1_115' title='bbox 498 1617 551 1679; x_wconf 89' lang='lat' dir='ltr'>tati</span> <span class='ocrx_word' id='word_1_116' title='bbox 575 1616 706 1702; x_wconf 91' lang='lat' dir='ltr'>tempori</span> <span class='ocrx_word' id='word_1_117' title='bbox 723 1629 828 1680; x_wconf 89' lang='lat' dir='ltr'>nostro</span> <span class='ocrx_word' id='word_1_118' title='bbox 843 1635 1053 1699; x_wconf 87' lang='lat' dir='ltr'>cummanere,</span> 
     </span>
     <span class='ocr_line' id='line_1_18' title="bbox 133 1702 1052 1792; baseline 0.005 -23"><span class='ocrx_word' id='word_1_119' title='bbox 133 1720 163 1769; x_wconf 89' lang='lat' dir='ltr'>ct</span> <span class='ocrx_word' id='word_1_120' title='bbox 174 1705 253 1770; x_wconf 90' lang='lat' dir='ltr'>ultra</span> <span class='ocrx_word' id='word_1_121' title='bbox 271 1706 340 1783; x_wconf 90' lang='lat' dir='ltr'>boc,</span> <span class='ocrx_word' id='word_1_122' title='bbox 356 1702 526 1774; x_wconf 89' lang='lat' dir='ltr'>secundum</span> <span class='ocrx_word' id='word_1_123' title='bbox 542 1723 662 1768; x_wconf 88' lang='lat' dir='ltr'>morem</span> <span class='ocrx_word' id='word_1_124' title='bbox 679 1724 773 1790; x_wconf 79' lang='lat' dir='ltr'>quarn</span> <span class='ocrx_word' id='word_1_125' title='bbox 789 1702 903 1770; x_wconf 87' lang='lat' dir='ltr'>laceret</span> <span class='ocrx_word' id='word_1_126' title='bbox 917 1707 1052 1792; x_wconf 79' lang='lat' dir='ltr'>Angelus</span> 
     </span>
     <span class='ocr_line' id='line_1_19' title="bbox 132 1791 1051 1881; baseline 0.002 -22"><span class='ocrx_word' id='word_1_127' title='bbox 132 1813 225 1881; x_wconf 88' lang='lat' dir='ltr'>super</span> <span class='ocrx_word' id='word_1_128' title='bbox 247 1795 330 1859; x_wconf 91' lang='lat' dir='ltr'>idem</span> <span class='ocrx_word' id='word_1_129' title='bbox 361 1791 588 1877; x_wconf 79' lang='lat' dir='ltr'>intelligibile),</span> <span class='ocrx_word' id='word_1_130' title='bbox 611 1792 683 1857; x_wconf 90' lang='lat' dir='ltr'>ideo</span> <span class='ocrx_word' id='word_1_131' title='bbox 716 1813 771 1878; x_wconf 90' lang='lat' dir='ltr'>per</span> <span class='ocrx_word' id='word_1_132' title='bbox 792 1806 935 1861; x_wconf 87' lang='lat' dir='ltr'>naturam</span> <span class='ocrx_word' id='word_1_133' title='bbox 971 1795 1051 1862; x_wconf 90' lang='lat' dir='ltr'>illius</span> 
     </span>
     <span class='ocr_line' id='line_1_20' title="bbox 133 1879 1049 1970; baseline 0.002 -22"><span class='ocrx_word' id='word_1_134' title='bbox 133 1883 280 1969; x_wconf 87' lang='lat' dir='ltr'>temporis</span> <span class='ocrx_word' id='word_1_135' title='bbox 303 1901 366 1946; x_wconf 92' lang='lat' dir='ltr'>non</span> <span class='ocrx_word' id='word_1_136' title='bbox 389 1893 488 1969; x_wconf 89' lang='lat' dir='ltr'>potest</span> <span class='ocrx_word' id='word_1_137' title='bbox 511 1879 616 1946; x_wconf 84' lang='lat' dir='ltr'>inferri</span> <span class='ocrx_word' id='word_1_138' title='bbox 639 1883 722 1967; x_wconf 88' lang='lat' dir='ltr'>quod</span> <span class='ocrx_word' id='word_1_139' title='bbox 746 1882 917 1967; x_wconf 84' lang='lat' dir='ltr'>intelligere</span> <span class='ocrx_word' id='word_1_140' title='bbox 943 1885 1049 1970; x_wconf 79' lang='lat' dir='ltr'>Angeli</span> 
     </span>
     <span class='ocr_line' id='line_1_21' title="bbox 133 1968 1054 2063; baseline 0.004 -26"><span class='ocrx_word' id='word_1_141' title='bbox 133 1986 328 2038; x_wconf 88' lang='lat' dir='ltr'>mensuretur</span> <span class='ocrx_word' id='word_1_142' title='bbox 350 1983 490 2057; x_wconf 90' lang='lat' dir='ltr'>tempore</span> <span class='ocrx_word' id='word_1_143' title='bbox 512 1983 629 2049; x_wconf 74' lang='lat' dir='ltr'>nostri),</span> <span class='ocrx_word' id='word_1_144' title='bbox 653 1991 710 2037; x_wconf 92' lang='lat' dir='ltr'>nec</span> <span class='ocrx_word' id='word_1_145' title='bbox 724 1972 817 2037; x_wconf 89' lang='lat' dir='ltr'>ctiam</span> <span class='ocrx_word' id='word_1_146' title='bbox 831 1973 914 2059; x_wconf 88' lang='lat' dir='ltr'>quod</span> <span class='ocrx_word' id='word_1_147' title='bbox 928 1968 1054 2063; x_wconf 84' lang='lat' dir='ltr'>tempus</span> 
     </span>
     <span class='ocr_line' id='line_1_22' title="bbox 133 2059 1051 2145; baseline 0 -18"><span class='ocrx_word' id='word_1_148' title='bbox 133 2078 273 2129; x_wconf 84' lang='lat' dir='ltr'>nostruin</span> <span class='ocrx_word' id='word_1_149' title='bbox 296 2060 512 2126; x_wconf 89' lang='lat' dir='ltr'>commetiatur</span> <span class='ocrx_word' id='word_1_150' title='bbox 545 2060 669 2125; x_wconf 88' lang='lat' dir='ltr'>unicam</span> <span class='ocrx_word' id='word_1_151' title='bbox 702 2059 769 2145; x_wconf 77' lang='lat' dir='ltr'>ejus</span> <span class='ocrx_word' id='word_1_152' title='bbox 801 2061 1051 2143; x_wconf 90' lang='lat' dir='ltr'>intellectionem,</span> 
     </span>
     <span class='ocr_line' id='line_1_23' title="bbox 132 2148 1053 2238; baseline 0.002 -21"><span class='ocrx_word' id='word_1_153' title='bbox 132 2165 167 2218; x_wconf 94' lang='lat' dir='ltr'>ut</span> <span class='ocrx_word' id='word_1_154' title='bbox 189 2164 345 2215; x_wconf 86' lang='lat' dir='ltr'>ostensum</span> <span class='ocrx_word' id='word_1_155' title='bbox 370 2162 426 2223; x_wconf 89' lang='lat' dir='ltr'>est,</span> <span class='ocrx_word' id='word_1_156' title='bbox 448 2148 504 2213; x_wconf 88' lang='lat' dir='ltr'>nisi</span> <span class='ocrx_word' id='word_1_157' title='bbox 529 2168 566 2215; x_wconf 85' lang='lat' dir='ltr'>ex</span> <span class='ocrx_word' id='word_1_158' title='bbox 589 2150 809 2236; x_wconf 81' lang='lat' dir='ltr'>suppositione3</span> <span class='ocrx_word' id='word_1_159' title='bbox 825 2164 859 2215; x_wconf 88' lang='lat' dir='ltr'>ut</span> <span class='ocrx_word' id='word_1_160' title='bbox 880 2152 904 2216; x_wconf 92' lang='lat' dir='ltr'>si</span> <span class='ocrx_word' id='word_1_161' title='bbox 920 2166 1053 2238; x_wconf 87' lang='lat' dir='ltr'>ponatur</span> 
     </span>
     <span class='ocr_line' id='line_1_24' title="bbox 134 2238 1051 2326; baseline 0 -20"><span class='ocrx_word' id='word_1_162' title='bbox 134 2260 194 2307; x_wconf 88' lang='lat' dir='ltr'>una</span> <span class='ocrx_word' id='word_1_163' title='bbox 218 2239 364 2326; x_wconf 89' lang='lat' dir='ltr'>particula</span> <span class='ocrx_word' id='word_1_164' title='bbox 387 2238 467 2303; x_wconf 91' lang='lat' dir='ltr'>illius</span> <span class='ocrx_word' id='word_1_165' title='bbox 491 2239 638 2323; x_wconf 86' lang='lat' dir='ltr'>temporis</span> <span class='ocrx_word' id='word_1_166' title='bbox 661 2239 693 2303; x_wconf 89' lang='lat' dir='ltr'>iu</span> <span class='ocrx_word' id='word_1_167' title='bbox 716 2258 776 2325; x_wconf 86' lang='lat' dir='ltr'>qua</span> <span class='ocrx_word' id='word_1_168' title='bbox 800 2238 940 2325; x_wconf 80' lang='lat' dir='ltr'>intelligit</span> <span class='ocrx_word' id='word_1_169' title='bbox 954 2260 1051 2306; x_wconf 89' lang='lat' dir='ltr'>unum</span> 
     </span>
     <span class='ocr_line' id='line_1_25' title="bbox 133 2326 1054 2418; baseline 0.001 -24"><span class='ocrx_word' id='word_1_170' title='bbox 133 2329 323 2411; x_wconf 71' lang='lat' dir='ltr'>intelligibile</span> <span class='ocrx_word' id='word_1_171' title='bbox 346 2329 515 2393; x_wconf 81' lang='lat' dir='ltr'>coexistere</span> <span class='ocrx_word' id='word_1_172' title='bbox 531 2328 620 2392; x_wconf 90' lang='lat' dir='ltr'>alicui</span> <span class='ocrx_word' id='word_1_173' title='bbox 634 2326 808 2414; x_wconf 84' lang='lat' dir='ltr'>particulari</span> <span class='ocrx_word' id='word_1_174' title='bbox 824 2330 956 2415; x_wconf 90' lang='lat' dir='ltr'>tempori</span> <span class='ocrx_word' id='word_1_175' title='bbox 971 2331 1054 2418; x_wconf 94' lang='lat' dir='ltr'>apud</span> 
     </span>
     <span class='ocr_line' id='line_1_26' title="bbox 132 2416 1113 2506; baseline 0.002 -24"><span class='ocrx_word' id='word_1_176' title='bbox 132 2439 198 2483; x_wconf 89' lang='lat' dir='ltr'>nos.</span> <span class='ocrx_word' id='word_1_177' title='bbox 222 2417 311 2483; x_wconf 88' lang='lat' dir='ltr'>Tunc</span> <span class='ocrx_word' id='word_1_178' title='bbox 341 2418 426 2481; x_wconf 89' lang='lat' dir='ltr'>enim</span> <span class='ocrx_word' id='word_1_179' title='bbox 460 2435 498 2481; x_wconf 85' lang='lat' dir='ltr'>ex</span> <span class='ocrx_word' id='word_1_180' title='bbox 520 2416 683 2503; x_wconf 84' lang='lat' dir='ltr'>hypothesi</span> <span class='ocrx_word' id='word_1_181' title='bbox 716 2430 900 2503; x_wconf 86' lang='lat' dir='ltr'>sequeretur</span> <span class='ocrx_word' id='word_1_182' title='bbox 932 2429 1055 2506; x_wconf 88' lang='lat' dir='ltr'>tempus</span> <span class='ocrx_word' id='word_1_183' title='bbox 1108 2442 1113 2454; x_wconf 90' lang='lat'><em>·</em></span> 
     </span>
     <span class='ocr_line' id='line_1_27' title="bbox 133 2504 1055 2591; baseline 0.002 -20"><span class='ocrx_word' id='word_1_184' title='bbox 133 2520 273 2571; x_wconf 89' lang='lat' dir='ltr'>nostrum</span> <span class='ocrx_word' id='word_1_185' title='bbox 296 2504 468 2571; x_wconf 89' lang='lat' dir='ltr'>commetiri</span> <span class='ocrx_word' id='word_1_186' title='bbox 492 2505 550 2591; x_wconf 91' lang='lat' dir='ltr'>ipsi</span> <span class='ocrx_word' id='word_1_187' title='bbox 573 2505 744 2591; x_wconf 83' lang='lat' dir='ltr'>intelligere</span> <span class='ocrx_word' id='word_1_188' title='bbox 759 2506 878 2590; x_wconf 82' lang='lat' dir='ltr'>Angeli,</span> <span class='ocrx_word' id='word_1_189' title='bbox 900 2522 1055 2573; x_wconf 89' lang='lat' dir='ltr'>nontam-</span> 
     </span>
     <span class='ocr_line' id='line_1_28' title="bbox 133 2593 1054 2683; baseline 0.003 -24"><span class='ocrx_word' id='word_1_190' title='bbox 133 2616 227 2681; x_wconf 87' lang='lat' dir='ltr'>quam</span> <span class='ocrx_word' id='word_1_191' title='bbox 253 2595 377 2683; x_wconf 90' lang='lat' dir='ltr'>propria</span> <span class='ocrx_word' id='word_1_192' title='bbox 399 2612 543 2660; x_wconf 88' lang='lat' dir='ltr'>mensure</span> <span class='ocrx_word' id='word_1_193' title='bbox 576 2594 656 2681; x_wconf 88' lang='lat' dir='ltr'>ejus,</span> <span class='ocrx_word' id='word_1_194' title='bbox 691 2593 746 2659; x_wconf 87' lang='lat' dir='ltr'>sed</span> <span class='ocrx_word' id='word_1_195' title='bbox 783 2606 942 2682; x_wconf 88' lang='lat' dir='ltr'>tamquam</span> <span class='ocrx_word' id='word_1_196' title='bbox 979 2596 1054 2683; x_wconf 88' lang='lat' dir='ltr'>quid</span> 
     </span>
     <span class='ocr_line' id='line_1_29' title="bbox 133 2682 1144 2770; baseline 0.001 -20"><span class='ocrx_word' id='word_1_197' title='bbox 133 2703 202 2751; x_wconf 86' lang='lat' dir='ltr'>eant</span> <span class='ocrx_word' id='word_1_198' title='bbox 233 2684 454 2762; x_wconf 69' lang='lat' dir='ltr'>concomitans</span> <span class='ocrx_word' id='word_1_199' title='bbox 475 2696 506 2749; x_wconf 89' lang='lat' dir='ltr'>ot</span> <span class='ocrx_word' id='word_1_200' title='bbox 528 2682 631 2749; x_wconf 89' lang='lat' dir='ltr'>adbuc</span> <span class='ocrx_word' id='word_1_201' title='bbox 653 2684 801 2749; x_wconf 87' lang='lat' dir='ltr'>remotius</span> <span class='ocrx_word' id='word_1_202' title='bbox 825 2703 1053 2770; x_wconf 82' lang='lat' dir='ltr'>quamaevum,</span> <span class='ocrx_word' id='word_1_203' title='bbox 1140 2753 1144 2763; x_wconf 73' lang='grc'><em>,</em></span> 
     </span>
     <span class='ocr_line' id='line_1_30' title="bbox 132 2773 1051 2862; baseline 0.002 -25"><span class='ocrx_word' id='word_1_204' title='bbox 132 2773 203 2859; x_wconf 85' lang='lat' dir='ltr'>quia</span> <span class='ocrx_word' id='word_1_205' title='bbox 227 2784 347 2861; x_wconf 87' lang='lat' dir='ltr'>tempus</span> <span class='ocrx_word' id='word_1_206' title='bbox 383 2786 524 2838; x_wconf 88' lang='lat' dir='ltr'>nostrum</span> <span class='ocrx_word' id='word_1_207' title='bbox 550 2793 612 2837; x_wconf 93' lang='lat' dir='ltr'>non</span> <span class='ocrx_word' id='word_1_208' title='bbox 636 2787 831 2859; x_wconf 87' lang='lat' dir='ltr'>comparatur</span> <span class='ocrx_word' id='word_1_209' title='bbox 853 2773 896 2839; x_wconf 91' lang='lat' dir='ltr'>illi</span> <span class='ocrx_word' id='word_1_210' title='bbox 919 2779 1051 2862; x_wconf 88' lang='lat' dir='ltr'>tempori</span> 
     </span>
     <span class='ocr_line' id='line_1_31' title="bbox 131 2860 1053 2951; baseline 0.002 -25"><span class='ocrx_word' id='word_1_211' title='bbox 131 2865 196 2927; x_wconf 87' lang='lat' dir='ltr'>sive</span> <span class='ocrx_word' id='word_1_212' title='bbox 233 2860 275 2927; x_wconf 94' lang='lat' dir='ltr'>illi</span> <span class='ocrx_word' id='word_1_213' title='bbox 308 2860 480 2947; x_wconf 77' lang='lat' dir='ltr'>intelligere</span> <span class='ocrx_word' id='word_1_214' title='bbox 510 2862 567 2927; x_wconf 88' lang='lat' dir='ltr'>nisi</span> <span class='ocrx_word' id='word_1_215' title='bbox 605 2882 660 2949; x_wconf 89' lang='lat' dir='ltr'>per</span> <span class='ocrx_word' id='word_1_216' title='bbox 693 2881 802 2927; x_wconf 82' lang='lat' dir='ltr'>eccum</span> <span class='ocrx_word' id='word_1_217' title='bbox 825 2881 843 2928; x_wconf 87' lang='lat' dir='ltr'>tt</span> <span class='ocrx_word' id='word_1_218' title='bbox 870 2883 934 2951; x_wconf 87' lang='lat' dir='ltr'>quo</span> <span class='ocrx_word' id='word_1_219' title='bbox 956 2862 1053 2931; x_wconf 83' lang='lat' dir='ltr'>effluit</span> 
     </span>
     <span class='ocr_line' id='line_1_32' title="bbox 131 2963 781 3037; baseline 0 -21"><span class='ocrx_word' id='word_1_220' title='bbox 131 2965 297 3037; x_wconf 89' lang='lat' dir='ltr'>utrumque</span> <span class='ocrx_word' id='word_1_221' title='bbox 319 2963 451 3037; x_wconf 88' lang='lat' dir='ltr'>tempus.</span> <span class='ocrx_word' id='word_1_222' title='bbox 778 2971 781 2976; x_wconf 66' lang='grc'>’</span> 
     </span>
    </p>
   </div>
   <div class='ocr_carea' id='block_1_6' title="bbox 465 3126 725 3197">
    <p class='ocr_par' dir='ltr' id='par_1_6' title="bbox 465 3126 725 3197">
     <span class='ocr_line' id='line_1_33' title="bbox 465 3126 725 3197; baseline -0.008 -2"><span class='ocrx_word' id='word_1_223' title='bbox 465 3126 725 3197; x_wconf 70' lang='lat' dir='ltr'>caedat.</span> 
     </span>
    </p>
   </div>
   <div class='ocr_carea' id='block_1_7' title="bbox 303 3236 822 3355">
    <p class='ocr_par' dir='ltr' id='par_1_7' title="bbox 303 3236 822 3355">
     <span class='ocr_line' id='line_1_34' title="bbox 303 3236 822 3355; baseline 0 -22"><span class='ocrx_word' id='word_1_224' title='bbox 303 3236 304 3241; x_wconf 5' lang='grc' dir='ltr'>ἵ</span> <span class='ocrx_word' id='word_1_225' title='bbox 384 3266 467 3349; x_wconf 88' lang='lat' dir='ltr'>Quid</span> <span class='ocrx_word' id='word_1_226' title='bbox 490 3268 531 3335; x_wconf 81' lang='lat' dir='ltr'>tit</span> <span class='ocrx_word' id='word_1_227' title='bbox 553 3266 722 3355; x_wconf 77' lang='lat' dir='ltr'>subjectaret</span> <span class='ocrx_word' id='word_1_228' title='bbox 743 3268 822 3333; x_wconf 86' lang='lat' dir='ltr'>ceci.</span> 
     </span>
    </p>
   </div>
   <div class='ocr_carea' id='block_1_8' title="bbox 133 3406 1060 3581">
    <p class='ocr_par' dir='ltr' id='par_1_8' title="bbox 133 3406 1060 3581">
     <span class='ocr_line' id='line_1_35' title="bbox 173 3406 1060 3559; baseline 0.002 -87"><span class='ocrx_word' id='word_1_229' title='bbox 173 3406 290 3559; x_wconf 27' lang='lat' dir='ltr'>b‘Nunc</span> <span class='ocrx_word' id='word_1_230' title='bbox 315 3426 386 3473; x_wconf 87' lang='lat' dir='ltr'>vero</span> <span class='ocrx_word' id='word_1_231' title='bbox 411 3418 504 3473; x_wconf 83' lang='lat' dir='ltr'>restat</span> <span class='ocrx_word' id='word_1_232' title='bbox 531 3406 695 3474; x_wconf 90' lang='lat' dir='ltr'>ostendere</span> <span class='ocrx_word' id='word_1_233' title='bbox 721 3407 811 3494; x_wconf 82' lang='lat' dir='ltr'>cujus</span> <span class='ocrx_word' id='word_1_234' title='bbox 833 3407 872 3474; x_wconf 91' lang='lat' dir='ltr'>sit</span> <span class='ocrx_word' id='word_1_235' title='bbox 894 3427 1003 3474; x_wconf 85' lang='lat' dir='ltr'>aetum</span> <span class='ocrx_word' id='word_1_236' title='bbox 1028 3423 1060 3474; x_wconf 93' lang='lat' dir='ltr'>ut</span> 
     </span>
     <span class='ocr_line' id='line_1_36' title="bbox 133 3511 277 3581; baseline 0.014 -22"><span class='ocrx_word' id='word_1_237' title='bbox 133 3514 169 3560; x_wconf 89' lang='lat' dir='ltr'>su</span> <span class='ocrx_word' id='word_1_238' title='bbox 190 3511 277 3581; x_wconf 74' lang='lat' dir='ltr'>jecta.</span> 
     </span>
    </p>
   </div>
   <div class='ocr_carea' id='block_1_9' title="bbox 0 0 1246 3975">
    <p class='ocr_par' dir='ltr' id='par_1_9' title="bbox 0 0 1246 3975">
     <span class='ocr_line' id='line_1_37' title="bbox 0 0 1246 3975; baseline 0 0"><span class='ocrx_word' id='word_1_239' title='bbox 0 0 1246 3975; x_wconf 95' lang='lat' dir='ltr'> </span> 
     </span>
    </p>
   </div>
  </div>
 </body>
</html>
