2484 3975
408 255 464 304 uro.
488 256 525 301 rr.
548 253 613 300 cea.
636 256 696 302 xm.
967 239 1027 306 tot

112 321 194 390 unde
217 323 309 391 etiem
344 322 374 388 ia
413 323 555 410 symbolo
588 323 661 390 fidei
697 324 809 391 dicitur
842 325 882 393 de
916 324 1033 414 Spiritu

111 413 234 479 Sancto:
261 412 321 496 Qui
344 413 461 480 locutus
483 425 530 479 ert
548 432 607 496 per
630 414 813 497 Prophetas.

178 503 246 569 Noa
269 503 369 568 solum
394 514 498 568 autem
521 514 568 569 ost
590 505 751 588 proprium
774 502 926 569 amicitiae
946 506 1031 591 quod

112 591 214 658 amico
236 592 345 679 aliquis
368 591 484 656 revelet
505 611 560 658 sua
582 605 700 658 secreta
724 604 852 680 propter
884 594 1035 660 unitatem

13 703 14 708 ’
112 682 249 760 affectus,
271 680 325 748 sed
349 680 458 744 eadem
483 681 583 746 unitas
606 682 734 767 requirit
757 681 841 768 qnod
864 681 958 748 mam
995 703 1033 749 ea

112 792 193 857 quae
214 771 308 837 habet
330 770 432 835 amico
460 771 679 848 communicen
711 771 795 856 quia,
831 791 904 837 cum
938 770 1035 838 bomo

112 862 249 926 amicum
272 858 384 924 habeat
408 873 440 924 ot
467 857 597 924 altorum
621 878 666 937 se,
703 879 831 925 necesse
867 873 914 925 est
949 860 1034 946 quod

113 949 141 1014 ei
165 948 328 1015 subveniat
348 947 427 1012 siout
448 961 480 1013 et
497 947 566 1025 sibi,
580 968 635 1013 sua
648 948 676 1012 ei
688 948 933 1027 communionum
950 949 1035 1018 uude

114 1049 146 1103 et
169 1037 326 1125 proprium
350 1036 501 1102 amicitiae
524 1057 592 1102 esse
615 1038 740 1122 ponitur
762 1037 842 1103 velle
878 1051 911 1104 et
932 1038 1035 1106 locem

115 1125 365 1204 oecumenico,
389 1125 560 1191 seeundum
584 1125 671 1191 illud:
697 1126 757 1206 Qut
798 1125 943 1194 babuerit
962 1126 1035 1193 sub·

114 1216 264 1281 stantiom
294 1215 385 1298 bajus
415 1216 536 1294 mandi,
569 1225 599 1279 et
631 1215 747 1280 uiderit
775 1214 908 1298 marm
940 1237 1033 1283 suurn

8 1335 10 1342 ·
114 1305 326 1370 necessitatem
348 1301 472 1381 babere,
503 1315 533 1369 et
569 1305 717 1369 clauserit
750 1305 870 1370 circem
903 1326 961 1371 ruo
992 1305 1034 1371 ab

116 1415 163 1468 eo,
185 1394 335 1477 quomodo
358 1393 496 1458 ebaritas
518 1393 577 1458 uo·
598 1393 749 1458 manatio
772 1393 825 1459 eo?
849 1396 864 1458 l
884 1395 983 1474 luam,
1003 1395 1035 1471 5,

117 1483 169 1548 tt.
192 1483 256 1548 lloc
278 1494 381 1548 autem
405 1481 540 1546 maxime
563 1482 595 1546 in
618 1481 686 1546 Deo
708 1481 931 1564 hebetiorum,
945 1482 1035 1568 cujus

23 1630 26 1638 ,
113 1572 195 1638 uelle
217 1584 263 1637 est
284 1569 393 1636 efficax
417 1569 456 1635 ed
480 1569 638 1646 ellectum
660 1581 691 1635 et
712 1569 784 1636 ideo
802 1573 1037 1640 ·coavenienter

7 1718 11 1739 ,
115 1661 219 1729 omnia
242 1660 324 1725 dona
348 1659 405 1725 Dei
429 1679 484 1744 per
507 1659 656 1746 Spiritum
680 1657 828 1725 Sanctum
866 1661 958 1728 nobis
979 1661 1038 1728 do·

114 1749 182 1816 nari
205 1749 359 1825 dicuutur,
382 1747 555 1814 secundam
591 1746 680 1814 illud:
722 1747 789 1813 Atto·
826 1750 951 1834 quidem
980 1771 1040 1835 per

9 1891 10 1896 ,
116 1837 269 1924 Spiritum
291 1838 388 1902 datur
409 1857 511 1903 sermo
534 1836 717 1920 sepimine,
738 1837 797 1902 olii
818 1849 922 1904 aanor
937 1859 1039 1904 sermo

8 1994 11 2005 ,
115 1927 264 1993 sacntioe
286 1925 452 1993 conmotam
475 1928 616 1994 eumdem
638 1923 802 2011 speram,
827 1927 841 1993 l
880 1926 962 2008 Gon,
986 1928 1040 2008 ll,

68 2053 70 2057 ·
116 2018 151 2095 ὃς
173 2028 204 2081 et
227 2028 343 2101 postea,
364 2016 469 2082 multis
492 2018 694 2095 enumeratis,
728 2016 780 2081 aits
816 2017 904 2082 Haec
936 2020 1043 2084 omitia

120 2114 268 2188 operatur
289 2124 369 2171 unus
392 2118 484 2190 atque
505 2107 589 2170 idem
612 2103 752 2189 Spiritus
776 2106 919 2172 diatim
939 2108 1042 2195 riopu-

121 2196 162 2261 lis
181 2204 275 2277 prout
295 2194 371 2270 uult,
394 2194 481 2270 lbid,
506 2195 556 2259 ll.

187 2281 381 2349 Manifestum
404 2296 451 2347 cst
474 2299 576 2348 autem
599 2281 696 2369 quod,
718 2283 807 2363 sicut,
830 2283 869 2348 ad
884 2284 1040 2371 hocquorl

123 2388 235 2457 eorpus
257 2370 381 2456 aliquod
416 2371 454 2435 ad
478 2372 580 2437 locum
614 2371 694 2455 ignis
728 2374 887 2458 perveniat
918 2386 1040 2460 oportet

120 2458 209 2545 quod
231 2458 295 2543 igni
317 2460 517 2538 assimiletur,
532 2460 687 2525 levitatem
721 2460 894 2547 acquirens,
915 2482 953 2527 ex
975 2481 1038 2549 qua

123 2560 212 2614 motu
234 2547 314 2632 ignis
342 2550 467 2635 proprio
501 2560 673 2625 moueatur,
704 2548 756 2626 ita,
789 2548 828 2614 ad
862 2550 922 2617 boc
952 2551 1038 2637 quod

8 2682 12 2693 r
125 2637 221 2702 honio
244 2636 283 2701 sd
306 2636 426 2701 divinae
446 2636 598 2703 fruitionis
621 2635 949 2725 beatitudiuem,quae
969 2640 1038 2707 ooo

10 2772 11 2779 ,
125 2725 249 2812 propria
270 2736 327 2804 est,
358 2726 529 2791 secundum
567 2746 656 2791 suam
692 2738 835 2791 naturam
871 2729 1038 2815 perveniat,

123 2834 251 2879 necesse
274 2827 320 2879 est
341 2814 441 2901 primo
464 2814 590 2902 quidem
613 2813 698 2901 quod
720 2815 1043 2907 perspiritualcsper·

7 2968 13 2995 ,
104 2900 275 2969 testones
297 2903 364 2969 Deo
388 2905 583 2984 assimilatur,
604 2918 636 2970 ct
658 2903 772 2969 dando
796 2907 968 2973 secundnm
991 2927 1045 2974 eas

7 2995 12 3011 ⁸
128 3004 284 3079 operetur,
306 3005 337 3056 ct
359 2993 403 3058 sid
436 2993 561 3059 tandem
598 2992 788 3079 praedictam
823 2995 1047 3063 beatitudinem

7 3131 11 3162 .,
127 3093 344 3168 consequetur.
367 3082 456 3149 Dorta
480 3097 582 3147 autem
606 3082 775 3168 spiritualia
798 3084 958 3171 nobisper
978 3085 1049 3171 Spi-

7 3173 11 3249 J
128 3169 224 3234 ritum
247 3169 395 3237 Sanmmn
418 3172 540 3251 dantum,
564 3184 597 3235 ut
618 3182 777 3237 ostensum
800 3185 857 3250 esc,
878 3186 910 3238 et
937 3174 1051 3259 sicper

7 3266 11 3278 ’
129 3256 280 3343 Spiritum
304 3258 450 3325 Sanctum
474 3258 541 3325 Deo
564 3258 808 3344 configuramur.
832 3274 863 3326 et
878 3281 933 3348 per
947 3262 1052 3350 ipsum

8 3416 10 3429 1
129 3344 169 3410 ad
193 3344 274 3412 bene
297 3348 489 3433 operandum
513 3347 632 3413 habiles
654 3348 828 3427 reddimur,
848 3363 949 3436 ctpcr
962 3370 1052 3415 eum·

8 3444 11 3457 ¹
130 3432 203 3499 dem
227 3434 266 3499 ad
289 3434 511 3502 beatitudinem
535 3436 625 3504 nobis
647 3438 695 3503 uia
717 3449 927 3524 praeparatur.
961 3440 1050 3523 Quae

7 3522 11 3613 J
130 3521 189 3591 tria
211 3523 374 3613 Apostolus
397 3526 542 3617 ⁵insinuat
565 3526 678 3617 scobis,
709 3524 825 3594 dicens:
864 3527 957 3595 linuit
991 3548 1051 3595 nos
