2484 3975
221 205 294 273 ‘tot
537 228 592 273 ua.
617 228 655 272 ιι.
678 226 741 274 aar.
765 228 824 284 xor.

227 297 285 359 nisi
308 294 439 359 totaliter
462 293 552 361 luerit
575 296 735 382 depurata,
758 318 830 362 cunt
858 295 910 361 illa
935 296 1011 361 visio
1048 310 1148 363 totam

217 382 401 449 .lacultatem
426 384 596 450 naturalem
619 401 778 450 creaturae
800 386 938 460 cicadae
963 386 1045 450 unde
1067 386 1149 451 dici-

226 472 337 537 turdo
371 474 517 559 sapientia
543 474 627 559 quod
664 475 743 538 utttt
776 475 971 559 inquinatum
1004 475 1038 537 in
1074 497 1150 540 eam

224 563 366 639 incurrit,
400 563 482 646 Sap,
518 562 549 640 7,
583 562 638 637 td,
661 578 691 627 et
729 562 848 627 dicitur:
886 562 955 629 Non
991 564 1144 629 transibit

222 671 281 733 pcr
302 671 371 714 euru
390 652 542 734 pollutus.
580 651 657 727 lsai,
692 652 746 728 at,
780 652 811 717 8.
848 652 997 717 Polluitur
1034 667 1142 717 autern

225 739 327 803 anima
352 758 406 825 per
430 754 600 826 peccatum,
623 741 654 804 iu
677 753 827 825 quantum
840 740 932 808 rebus
948 738 1149 807 inferioribus

226 827 399 893 inordinate
418 827 626 912 conjungitur:
651 850 668 891 a
692 850 751 915 qua
765 832 890 914 quidem
906 829 1074 915 pollutione
1090 852 1150 915 pu·

225 918 360 981 rilicatur
383 918 413 981 iu
439 918 496 983 lrac
520 921 578 981 uita
604 938 659 1003 pcr
682 918 901 1003 poeniteutiam
923 933 953 981 et
969 918 1026 981 alia
1042 939 1148 982 sacra·

224 1020 339 1083 menta,
353 1020 383 1069 ut
397 1026 488 1092 supra
502 1005 617 1071 dictum
631 1020 686 1070 est.
699 1006 895 1093 Quandoque
912 1026 984 1071 vcro
997 1008 1149 1091 contingit

225 1094 309 1178 quod
334 1094 504 1179 purificatio
530 1095 597 1161 talis
620 1115 683 1158 uon
707 1096 843 1161 totaliter
863 1094 1020 1182 perficitur
1042 1095 1073 1158 iu
1086 1097 1149 1163 hac

217 1183 297 1257 uita,
320 1183 375 1247 sed
400 1183 786 1250 rentauctadltucdabitor
810 1204 939 1270 poenae,
957 1182 1002 1249 uel
1019 1198 1149 1270 propter

224 1268 442 1356 negligentiam
466 1272 600 1358 aliquam
623 1287 676 1337 aut
698 1274 941 1359 occupationem,
965 1285 1017 1337 aut
1049 1276 1146 1338 etiam

224 1362 296 1445 quia
320 1359 439 1424 debitor
461 1382 582 1447 poenae
606 1376 706 1427 morte
731 1363 935 1445 praevenitur;
958 1381 1016 1425 uec
1039 1374 1147 1427 tarnen

228 1462 354 1533 propter
377 1450 435 1513 hoc
452 1464 588 1515 meretur
615 1451 747 1514 totaliter
785 1450 905 1518 excludi
939 1469 956 1514 a
994 1452 1148 1535 praemla,

224 1540 295 1621 quia
314 1536 388 1602 liaeo
412 1538 528 1625 absque
541 1553 665 1625 peccato
680 1538 799 1603 mortali
812 1543 989 1622 contingere
1006 1556 1149 1623 possunt,

226 1646 280 1709 per
303 1625 386 1711 quod
416 1627 515 1692 solutn
556 1626 672 1693 tollitur
709 1628 852 1704 charitas,
886 1627 936 1695 cui
970 1628 1147 1720 pracnriutu

225 1714 303 1780 uitae
327 1732 469 1780 aeternae
493 1715 634 1795 debetur,
657 1728 690 1780 ut
713 1729 840 1802 apparet
861 1736 899 1781 cx
923 1716 984 1786 itia¹
1007 1736 1088 1800 quae
1112 1717 1146 1781 in

223 1806 314 1868 tertio
337 1804 416 1869 libro
439 1804 518 1869 dicta
542 1819 622 1870 suut.
657 1803 787 1890 Oportet
822 1805 914 1889 igitur
952 1805 1035 1890 quod
1075 1822 1145 1890 post

224 1892 304 1957 lianc
327 1894 419 1957 vitant
445 1908 625 1979 purgentur,
647 1909 812 1978 antequam
852 1891 943 1958 linala
966 1896 1142 1980 praemium

223 1998 461 2068 cousequantur.
486 1981 631 2068 Purgatio
654 1997 757 2048 autern
782 1984 858 2046 haec
882 1981 915 2047 lit
938 2003 1143 2070 perportant,

221 2071 300 2135 sicut
323 2071 414 2136 etiarn
439 2072 469 2136 in
495 2072 552 2139 hac
585 2074 646 2137 uita
683 2091 738 2158 per
773 2091 887 2158 poenas
927 2070 1145 2139 satisfactorias

224 2161 363 2244 purgatio
387 2161 539 2246 completa
564 2159 678 2237 luissct3
702 2160 848 2245 alioquin,
874 2161 1010 2227 melioris
1034 2160 1144 2225 condi·

222 2248 313 2312 tionis
336 2262 436 2313 essent
458 2247 647 2334 negligentes
670 2269 763 2332 quatu
786 2249 918 2322 solliciti,
941 2249 966 2314 si
1005 2270 1142 2335 poenam

221 2358 315 2422 quant
341 2339 388 2402 iric
413 2357 469 2422 pro
493 2339 624 2424 peccatis
647 2359 709 2402 non
733 2338 863 2423 implent
886 2357 949 2404 non
971 2345 1143 2402 sustineant

225 2427 255 2489 iu
279 2425 392 2490 futuro.
416 2426 622 2492 lletardautur
644 2426 738 2510 igitur
761 2427 884 2490 auirnae
908 2427 1064 2493 bonorum
1087 2429 1142 2512 qui

222 2513 338 2580 habent
361 2513 474 2599 aliquid
499 2515 659 2601 purgabile
682 2515 713 2579 iu
737 2515 797 2579 hoc
820 2515 937 2581 inundo
971 2536 989 2580 a
1012 2516 1143 2603 praemii

220 2605 450 2682 consecutione,
474 2624 635 2690 quousque
673 2623 788 2689 poenas
823 2606 1014 2688 purgatorias
1051 2604 1143 2669 susti·

221 2706 324 2756 neant.
349 2691 383 2756 Et
407 2693 482 2758 hacc
495 2706 540 2758 est
554 2693 630 2757 ratio
646 2711 741 2777 quare
753 2694 963 2777 purgatorium
988 2693 1144 2778 ponimus.

287 2780 364 2844 lluio
387 2795 490 2846 autern
515 2781 658 2868 positioni
670 2779 855 2864 suffragatur
867 2780 983 2844 dictum
996 2781 1144 2866 Apostoli:

222 2865 273 2932 Sic
295 2870 382 2954 cujus
403 2889 481 2953 opua
503 2870 627 2947 arserit,
651 2869 869 2932 detrimentum
888 2872 1043 2951 punctum
1077 2870 1144 2975 t'pse

221 2969 324 3024 autem
347 2957 452 3022 saluus
475 2960 543 3036 erit,
566 2961 610 3024 tic
634 2968 735 3021 tumor
758 2959 848 3041 quusi
879 2977 937 3039 per
972 2960 1084 3042 ignaru,
1124 2962 1138 3023 l

221 3047 302 3125 (lon,
325 3047 356 3124 5,
382 3046 432 3112 ld.
458 3048 500 3114 tu
526 3049 585 3114 lroc
609 3048 704 3112 etiam
716 3059 763 3110 ast
785 3045 977 3112 cousuetudo
989 3046 1145 3112 Ecclesiae

222 3137 413 3212 universalis,
436 3156 515 3221 quoe
539 3155 594 3222 pro
633 3132 784 3200 defunctis
807 3149 885 3212 orat;
909 3155 988 3220 quae
1015 3135 1144 3221 quidem

222 3233 319 3292 oratio
341 3224 457 3290 inutilis
481 3239 571 3302 osset,
594 3224 618 3288 si
655 3224 867 3310 purgatorium
906 3237 974 3310 post
1009 3238 1145 3293 murtena

221 3334 284 3380 nou
309 3327 450 3401 ponatur;
467 3333 536 3378 uon
560 3313 646 3377 euim
669 3326 736 3377 orat
769 3311 904 3377 Ecclesia
939 3332 995 3399 pro
1020 3312 1068 3378 iris
1090 3315 1145 3398 qui

214 3401 285 3486 jam
309 3403 433 3468 suntin
459 3401 591 3466 termino
615 3400 689 3466 boui
714 3400 762 3465 vel
797 3400 882 3479 mali,
915 3401 970 3466 sed
1005 3422 1062 3490 pro
1096 3402 1146 3469 lais

220 3492 274 3576 qui
298 3490 436 3556 noudum
459 3488 498 3556 ad
526 3489 692 3556 terrninurn
715 3504 931 3576 peruenerunt
