2484 3975
399 250 586 297 ntssrartrto
886 229 951 295 35⁷

83 340 86 381 ι
107 318 247 385 humanae
268 319 380 385 mentis
396 318 505 387 refellit
527 320 642 407 lapsus,
652 316 810 408 principiis
832 316 953 384 adhibi·

83 419 212 474 maturae
222 407 339 474 lumine
351 410 431 475 notis
443 430 480 475 ae
491 409 747 496 philosophorum
760 407 953 485 testimoniis,

83 496 533 583 ibustnmqneeonlirmationem
557 497 654 576 addit,
676 514 756 583 quae
772 497 904 563 sumitur
914 516 954 561 ex

83 587 143 651 vina
164 585 345 652 revelatione
367 586 614 674 Senetorumqne
638 584 790 653 Eeolesiae
822 584 953 652 Petrum

82 675 239 752 teumentis3
261 696 289 741 v.
312 695 343 760 g.
366 676 422 741 Dei
447 676 661 742 aeternitatem
677 674 868 758 argumentis
883 674 953 761 pltt·

82 766 137 843 nis,
159 784 234 849 qnae
256 764 404 833 naturalir'
428 763 954 853 luminitpenetrntioueedorman·

82 874 102 931 r,
125 853 226 938 probat
248 874 283 919 ao
298 853 420 920 evincit.
436 854 517 921 Tum
534 853 730 920 revelationis
742 851 954 918 testimonium
1048 904 1051 911 .

82 956 192 1007 stremo
214 940 347 1019 addneit,
376 971 391 1003 ι
415 943 492 1009 llnie
514 956 617 1009 eutem
641 942 771 1019 veritati,
799 940 953 1027 inquiens,

82 1031 142 1095 vina
165 1031 324 1096 auctoritas
348 1031 557 1097 testimonium
580 1031 732 1119 perhibet.
767 1030 864 1095 Unde<
907 1029 954 1093 Τιι

81 1130 151 1197 tem,
164 1119 336 1201 Domineio
361 1132 520 1187 oeternum
533 1118 849 1207 perronnesffsnlm„
864 1114 952 1197 tut).

81 1231 85 1270 :
113 1208 155 1273 Tu
177 1220 278 1273 nutem
300 1210 383 1273 idem
404 1212 471 1293 ipse
493 1230 535 1284 ee,
558 1221 589 1277 et
609 1211 686 1277 oniti
709 1210 754 1273 tui
781 1228 844 1273 nott
876 1207 952 1294 depi-

81 1308 119 1361 ut
141 1296 245 1385 (ibid.)
268 1324 299 1362 ι.
321 1297 392 1363 Pari
416 1298 520 1374 modo,
541 1297 761 1385 philosophicis
783 1296 953 1363 rationibus

81 1398 128 1451 oet
151 1386 184 1470 (l.
211 1392 239 1462 l,
263 1407 289 1452 e.
314 1387 374 1468 hl)
403 1415 418 1445 ι
441 1386 524 1473 quod
548 1386 579 1453 in
602 1386 669 1451 Deo
693 1385 775 1451 idern
806 1400 852 1451 est
886 1405 954 1451 esse

90 1474 221 1540 essentia
244 1502 277 1554 s,
300 1475 449 1561 additque
472 1475 529 1541 Dei
553 1475 774 1541 revelationem
802 1475 833 1541 in
870 1474 956 1541 ealce

80 1563 153 1647 pitis:
182 1592 196 1625 ι
219 1564 304 1630 llane
327 1580 431 1631 autem
443 1564 610 1631 sublimem
627 1563 958 1648 veritatem,inquiens,

80 1672 155 1737 tyses
178 1673 195 1718 a
219 1653 355 1719 Domino
377 1666 425 1719 est
446 1652 586 1731 ednotus,
609 1653 674 1738 qui,
695 1672 767 1717 eum
795 1665 960 1735 quaereret

80 1742 212 1807 Domino
235 1742 350 1807 dioens:
377 1742 568 1807 stetissent
591 1743 636 1807 nd
672 1761 721 1805 me
753 1741 812 1821 filii
848 1740 961 1818 Itrnel,

80 1831 117 1894 nd
139 1843 186 1896 est
208 1831 326 1897 Nomen
351 1832 429 1916 ejus,
460 1831 536 1916 quid
572 1832 677 1897 dirum
711 1828 771 1895 eis?
807 1829 962 1896 Dominus

79 1919 202 2004 tponditt
228 1920 290 2004 Epo
313 1923 457 2006 numqui
480 1940 558 1985 num:
582 1922 627 1985 rio
647 1920 731 1985 diret
753 1919 826 2007 filiis
861 1918 962 1984 lsrael

79 2009 162 2087 nod,
186 2011 218 2078 5.
244 2010 295 2088 15,
321 2011 377 2095 ld)
399 2037 432 2076 ι.
456 2010 540 2075 llane
563 2010 677 2096 passim
699 2021 752 2074 aut
768 2007 960 2095 frequentius

79 2097 162 2162 hibet
185 2099 238 2164 ille
259 2113 421 2186 servntqne
443 2099 637 2164 methodum.

97 2185 230 2253 Generis
253 2189 377 2254 alterius
401 2188 553 2266 veritates,
591 2205 673 2273 quae
705 2186 845 2271 llysteria
869 2185 955 2253 Fidei

79 2275 239 2352 vellantur,
263 2277 384 2343 divione
407 2277 599 2342 revelationis
616 2275 743 2353 lumine,
758 2275 841 2359 quod
857 2274 954 2360 fulget

81 2363 203 2431 Veteris
227 2365 366 2452 Novique
388 2365 575 2431 Testamenti
599 2365 695 2439 libris,
717 2364 811 2428 veluti
827 2364 952 2450 propriu

81 2454 202 2527 nativo,
227 2455 357 2520 illustrat
380 2455 525 2540 Aquinum
547 2452 764 2539 rinturalesque
787 2465 893 2538 postea
915 2472 951 2518 ae

80 2541 260 2629 losnphieas
283 2544 416 2610 rationes
439 2541 532 2622 addit,
546 2555 579 2608 nt
598 2541 707 2606 lumini
724 2541 855 2606 naturali
867 2540 952 2607 haud

79 2651 168 2715 {unm
185 2632 405 2698 revelationem
428 2651 601 2717 repugnare
623 2629 776 2708 ostendat,
796 2628 953 2712 eiusdem·

79 2740 86 2783 ι
111 2720 245 2786 luminis
268 2720 417 2786 industrie
441 2720 614 2805 probabiles
630 2719 779 2804 quosdam
794 2719 954 2804 llysterio·

79 2829 96 2872 n
123 2809 215 2875 Fidei
241 2809 521 2876 'verisimilitudines
557 2822 710 2896 proponat
748 2827 784 2872 ae
820 2809 956 2874 hostium

102 2899 224 2964 eodem
250 2898 418 2964 abutuntur
440 2897 558 2964 lumine
590 2896 780 2984 sophismata
817 2897 960 2983 depellat.

79 2988 153 3070 igne
178 2987 359 3072 exemplum
383 2987 472 3054 ohert
486 2985 659 3052 seeundum
674 2999 766 3072 eaput
778 2985 846 3051 libri
860 2989 961 3071 quarti

101 3076 279 3162 quaeritur:
304 3075 385 3158 Quid
408 3079 446 3140 sit
468 3076 637 3160 generatio,
671 3075 835 3161 paternitas
858 3088 888 3138 et
926 3073 961 3140 fi-

79 3165 108 3229 io
134 3166 168 3230 in
195 3164 324 3231 divinis?
347 3164 487 3229 Thomne
509 3164 669 3249 responsio
682 3164 758 3228 haee
769 3176 824 3227 est:
847 3162 961 3228 «Prin
1020 3233 1025 3243 .

79 3254 192 3339 tipium
231 3269 333 3318 antem
368 3252 620 3319 considerationis
643 3272 660 3318 a
687 3265 806 3317 secreto
832 3251 963 3317 Divinae

79 3341 297 3409 lenerntionis
307 3353 473 3418 tumentes,
487 3341 560 3426 quid
572 3340 611 3406 de
623 3360 659 3405 ea
672 3339 844 3406 seeundum
856 3359 963 3406 saurae

79 3431 260 3516 ioriptnrae
276 3431 460 3500 documenta
475 3431 571 3495 teneri
584 3429 696 3496 debeat
719 3429 961 3516 praemittamus.

79 3519 201 3588 lehine
226 3541 300 3588 vero
324 3538 464 3608 eaquae
488 3532 595 3586 eontra
620 3520 780 3588 veritatem
802 3517 888 3585 lidei
911 3517 961 3584 lu·
