2484 3975
1230 137 1231 173 l

203 204 269 269 tto
580 224 750 270 cruscunun
1224 206 1231 254 t

198 314 292 379 quam
314 290 372 358 sub
397 291 495 358 lorma
520 291 656 359 ulteriori
679 295 774 380 ipsius
806 289 1032 378 principalioris
1066 290 1132 357 ob-

196 381 283 467 jecti3
317 382 406 447 aliter
428 402 563 467 namque
587 404 650 447 non
685 396 765 447 esset
799 381 830 445 id
866 382 1022 467 proprium
1063 380 1138 462 ejus

199 471 367 553 objectum
392 472 550 557 proprium
575 472 658 535 enirn
683 470 839 555 objectum
867 483 911 535 est
951 488 1005 555 per
1038 469 1136 554 cujus

198 559 448 625 informationem
473 560 608 645 potantia
633 574 735 625 actum
754 580 844 625 suum
882 570 1014 635 exercet,
1049 560 1137 635 sicut

198 650 348 714 sehabet
383 647 468 713 eolor
501 648 540 713 ad
575 650 673 714 visunt
711 664 741 713 ct
774 669 869 713 sonus
903 647 942 713 ad
977 646 1136 711 auditum.

199 737 361 820 Quidditas
384 752 487 801 autem
512 740 556 801 rei
580 737 736 802 sensibilis
759 751 807 803 est
843 735 1000 821 objectum
1037 736 1135 801 intel-

198 826 294 892 lectus
318 827 489 913 proprium,
512 839 544 891 ut
583 825 694 891 dieitur
733 827 763 891 in
799 827 889 890 tertio
929 825 969 889 de
1007 825 1134 902 hnima;

198 917 292 990 unde,
315 934 513 1001 quocumque
548 915 707 979 animose
742 915 840 991 vertit,
876 914 936 978 hoc
970 912 1134 997 objectum

198 1019 244 1069 est
266 1006 322 1070 sibi
347 1007 423 1069 ratio
447 1002 569 1088 agendi.
594 1003 699 1068 Potest
723 1002 816 1089 igitur
840 1002 887 1067 vel
912 1002 1014 1067 redire
1038 1004 1068 1066 in
1094 1022 1134 1067 se

199 1114 254 1176 per
276 1107 381 1158 actum
405 1107 435 1157 et
459 1094 627 1177 potentiam
651 1114 750 1169 suam,
774 1092 822 1157 vel
847 1091 948 1156 redire
983 1112 1038 1178 per
1070 1090 1134 1157 ob-

194 1182 312 1267 jectum
336 1184 365 1246 in
391 1182 488 1268 ipsam
512 1181 665 1266 originem
690 1179 940 1265 objecti‚scilicet
964 1201 1019 1266 per
1031 1180 1134 1266 phau-

199 1284 327 1335 tasmata
352 1274 382 1333 in
404 1270 522 1355 speeies
545 1269 749 1336 sensibilium.
787 1269 858 1334 ldeo
896 1269 944 1334 isti
968 1284 1039 1333 sunt
1062 1268 1132 1333 duo

198 1359 282 1425 modi
308 1359 481 1425 relictionis
505 1379 592 1436 suae,
614 1380 746 1446 quarum
768 1359 819 1441 (l)
842 1358 936 1423 altera
970 1358 1133 1441 cognoscit

198 1469 232 1514 se
255 1462 285 1512 et
308 1468 388 1533 quae
412 1469 428 1511 a
453 1461 615 1532 partesue
639 1460 721 1526 sunt,
743 1448 837 1513 altera
858 1467 929 1511 vero
954 1466 1032 1532 quae
1055 1460 1133 1513 sunt

199 1559 216 1603 a
238 1550 325 1624 parte
348 1536 460 1621 objecti
478 1537 535 1599 sui.

265 1625 299 1690 lu
322 1641 454 1711 utroque
477 1646 550 1689 vero
573 1624 678 1702 modo,
701 1646 755 1690 sua
776 1624 917 1708 cognitio
940 1624 978 1688 ad
1013 1622 1132 1710 aliquid

198 1716 355 1799 singulare
378 1716 571 1779 terminatur.
595 1713 673 1780 Cum
697 1715 781 1779 enim
817 1714 848 1777 in
882 1714 949 1798 ipso
983 1733 1039 1777 suo
1073 1712 1133 1776 ob·

195 1802 278 1888 jecto
302 1804 405 1887 ligitur
427 1804 518 1880 acies,
542 1803 692 1868 rationem
717 1802 897 1867 universalis
925 1801 1133 1886 apprehendit

199 1895 283 1978 quod
307 1893 408 1957 solum
432 1894 463 1957 in
488 1892 552 1956 istis
591 1890 787 1957 inferioribus
810 1891 848 1956 ab
883 1889 1041 1955 intellectu
1075 1889 1131 1954 de·
1234 1969 1235 1979 ἵ

199 1981 386 2047 terminatur
410 1995 443 2046 ut
466 1980 625 2067 proprium
649 1980 911 2067 objectamenta
935 1978 1039 2044 omnia
1067 1979 1131 2044 siu·
1234 1982 1235 1985 ’

199 2072 316 2156 gularia
339 2071 420 2155 apud
439 2091 495 2135 nos
518 2070 687 2136 materialia
710 2071 779 2136 sint.
804 2069 928 2134 Materia
951 2063 1131 2134 eni'ar‘im-

200 2162 284 2246 pedit
308 2159 509 2245 intellectam,
533 2158 689 2242 singulare
707 2179 787 2234 ¹vert)
811 2178 885 2235 non;
896 2158 1024 2221 materia
1041 2177 1132 2221 nam·

200 2270 262 2333 que
286 2271 348 2314 non
372 2261 418 2313 est
441 2247 557 2313 scibilis
581 2248 639 2312 nisi
664 2267 718 2332 por
734 2247 907 2332 analogiam
920 2246 960 2311 ad
983 2245 1132 2322 formam,

199 2352 233 2402 ut
256 2338 367 2403 dicitur
389 2337 420 2400 in
457 2337 559 2422 primo
595 2336 807 2421 Phys-reorum.
845 2335 876 2400 Si
911 2347 1014 2400 autem
1050 2348 1133 2400 esset
1234 2409 1235 2416 ἵ

197 2426 281 2511 apud
311 2447 369 2490 nos
392 2425 549 2508 singulare
572 2423 751 2489 insensibile
763 2439 793 2490 et
816 2424 1031 2499 immateriale,
1047 2423 1134 2508 quod

151 2514 155 2525 '
200 2528 305 2579 tamea
330 2528 376 2578 est
403 2513 604 2598 impossibile,
629 2514 730 2599 ipsum
765 2533 821 2600 per
858 2533 891 2578 se
926 2512 992 2577 sine
1030 2513 1134 2597 aliqua

200 2605 406 2670 abstractione
443 2615 693 2686 cognosceretur,
732 2604 802 2688 qnia
837 2602 1033 2686 singularitas
1069 2621 1135 2665 non

199 2691 328 2779 impedit
353 2691 552 2766 intellectum,
576 2690 633 2755 sed
656 2690 864 2756 materialitas.

266 2782 343 2845 Cum
368 2801 443 2864 ergo
468 2779 639 2844 intellectus
662 2779 760 2845 tendit
783 2781 813 2844 in
838 2779 991 2863 originem
1016 2776 1134 2844 suiob·

197 2868 280 2954 jacti,
304 2871 334 2932 in
358 2868 513 2934 sensibilia
537 2867 662 2942 scilieet,
698 2867 866 2934 reflectitur
888 2887 982 2952 super
1007 2865 1131 2951 objecta

199 2959 329 3023 aliarum
355 2959 465 3022 virium
489 2957 777 3041 cognoscitivarum.
814 2956 892 3022 Cum
927 2975 1000 3020 vero
1035 2954 1133 3020 adse

198 3047 289 3125 redit,
313 3067 374 3110 non
398 3046 496 3111 tendit
518 3047 548 3109 in
575 3045 731 3130 objectum
756 3044 885 3130 alicujus
924 3043 1049 3109 alterius
1071 3043 1134 3109 vir-

200 3135 283 3212 tutis,
305 3138 375 3221 quia
400 3133 607 3220 potentialitas
633 3134 768 3212 animae,
792 3135 910 3199 ratione
946 3132 1036 3217 eujus
1066 3132 1134 3218 ipsa

199 3226 286 3310 (est),
303 3245 364 3288 aon
380 3236 480 3310 potest
496 3241 563 3287 esse
586 3222 776 3308 completum
793 3222 948 3304 obiectum
961 3220 1136 3286 intellectus

199 3314 326 3397 proprii,
350 3314 405 3376 nisi
431 3313 521 3376 ducta
548 3311 586 3375 ad
610 3326 712 3375 actoni
737 3331 792 3398 per
813 3311 948 3396 speciem
982 3309 1133 3394 principa·

199 3398 236 3463 lis
260 3401 383 3483 objecti,
406 3415 440 3464 ut
464 3400 556 3463 docet
579 3399 786 3485 Philosophus
825 3399 894 3488 (de
920 3398 1040 3476 Anima,
1073 3397 1132 3482 5);

254 3510 294 3572 (t)
316 3504 443 3572 erum,
461 3505 555 3574 supple
571 3506 751 3573 reflexionem.
