2484 3975
169 206 239 277 tet.
460 230 515 275 tta.
548 230 585 277 tr.
611 232 675 279 cto.
699 230 798 277 attin.

167 312 308 361 naturam
333 297 455 364 animae
479 301 596 387 absque
617 321 748 386 corpore
771 318 850 364 esse.
873 296 956 362 Nihil
987 312 1093 366 antem

163 384 249 473 quod
272 399 318 451 est
340 400 445 453 contra
476 404 616 454 naturam
656 403 756 473 potest
794 408 861 453 esse
896 400 1094 473 perpetuum

163 496 226 541 non
251 475 343 559 igitur
366 493 516 563 perpetuo
532 480 589 543 erit
605 478 708 543 anima
726 478 843 562 absque
858 496 1000 563 corpore.
1012 477 1092 543 Cum

162 565 256 649 igitur
279 578 427 651 perpetuo
451 581 584 645 maneat,
619 581 741 654 oportet
775 586 845 629 eam
876 566 997 650 corpori
1037 567 1094 631 ite·

162 668 229 717 rato
268 654 426 739 conjungi,
463 656 553 741 qood,
582 670 629 721 εει
666 674 839 739 resurgere.
873 654 1094 720 immortalitas

163 743 257 827 igitur
279 744 453 809 animorum
478 747 602 830 exigere
617 744 738 810 vitietur
752 745 1009 809 resurrectionem
1023 764 1094 809 cor-

165 848 276 917 porum
302 831 447 897 futuram.

231 919 349 1000 Adhuc,
372 918 538 986 Ostensum
577 936 623 987 est
645 942 738 1009 snpra
761 920 810 1005 (l.
835 921 866 1000 5,
889 940 916 984 e.
939 918 1013 1003 tt)
1035 940 1094 985 na·

165 1008 263 1073 turale
286 1009 420 1075 hominis
443 1009 631 1076 desiderium
662 1012 701 1075 ad
737 1009 912 1075 felicitatem
952 1008 1092 1075 tendere.

125 1116 129 1123 ’
165 1097 306 1163 Felicitas
330 1112 435 1164 autem
458 1100 565 1164 ultima
590 1114 636 1166 est
660 1098 756 1167 felicis
773 1096 1090 1185 perfectioCuicum·

161 1206 223 1271 que
247 1186 341 1272 igitur
362 1188 449 1253 deest
472 1187 586 1275 aliquid
614 1189 654 1254 ad
689 1187 909 1275 perlectionem
946 1186 1089 1252 nondum

160 1274 254 1340 habet
278 1275 453 1342 felicitatem
478 1277 660 1364 perfectam,
683 1279 755 1364 quia
779 1274 1010 1359 nondum-ejus
1032 1273 1089 1340 de-

159 1364 308 1429 siderium
333 1366 465 1431 totaliter
488 1367 653 1451 quietatur3
666 1386 760 1434 omne
773 1368 857 1429 enim
871 1362 1088 1449 imperfectum

158 1452 381 1539 perfectionem
407 1456 553 1541 consequi
579 1456 762 1521 naturaliter
783 1455 876 1540 cupit.
900 1453 1009 1517 Anime
1032 1473 1089 1518 au·

157 1557 220 1607 tem
244 1564 261 1607 a
285 1564 417 1629 corpore
440 1559 580 1629 separata
604 1559 651 1609 est
663 1545 767 1631 aliquo
789 1539 1089 1627 modnimperfecta,

133 1668 135 1675 ·
159 1631 237 1695 sicut
260 1633 362 1697 omnis
387 1652 459 1717 pars
483 1647 568 1697 entra
591 1654 682 1698 suum
708 1647 807 1698 totum
823 1632 966 1704 existens
983 1630 1088 1697 anima

163 1721 247 1784 enim
273 1721 454 1785 naturaliter
477 1734 523 1786 εει
558 1744 628 1807 pars
651 1724 808 1787 humanae
841 1733 978 1783 naturae.
1017 1719 1087 1785 Non

159 1808 252 1893 igitur
275 1809 369 1875 homo
403 1824 502 1896 potest
536 1811 677 1875 ultimam
716 1811 890 1876 felicitatem
927 1811 1088 1894 consequi,

161 1898 216 1961 nisi
241 1898 344 1983 anim-a
370 1898 478 1963 iterato
502 1902 624 1985 corpori
663 1899 879 1983 conjungatur,
903 1899 1086 1981 praesertim

157 2007 228 2052 cum
253 2003 410 2052 ostensum
434 1990 472 2052 sit
496 1988 579 2074 quod
603 1990 700 2055 homo
724 1991 754 2053 in
779 1991 836 2053 ltae
860 1988 919 2050 rita
943 2007 1005 2051 non
1029 2008 1085 2074 po·

157 2074 218 2140 test
240 2075 278 2141 ad
302 2075 477 2141 felicitatem
504 2079 646 2143 ultimam
674 2078 846 2165 peruenire.

222 2163 309 2242 ltem‚
348 2164 431 2230 Sicut
465 2181 625 2232 mtettsum
662 2181 707 2232 est
731 2167 776 2254 (l.
801 2167 833 2243 5,
870 2183 897 2227 e.
923 2162 1084 2247 l36);et

154 2250 256 2318 divina
292 2254 483 2340 providentia
519 2256 717 2342 peccantibus
752 2273 850 2341 poena
885 2250 1017 2316 debetur
1049 2269 1083 2316 et

70 2417 73 2423 Δ
154 2339 234 2406 bene
259 2343 420 2428 agentibus
444 2331 629 2430 praemium.
653 2346 686 2408 ln
711 2346 768 2408 hac
799 2353 902 2407 autem
942 2342 1001 2404 rito
1026 2341 1083 2406 lto·

153 2430 263 2509 mines,
287 2451 324 2496 ex
348 2433 451 2496 anima
475 2448 503 2498 et
527 2454 659 2520 corpore
681 2434 854 2518 compositi,
882 2443 1009 2515 peccant
1031 2430 1081 2496 vel

154 2533 237 2583 reete
260 2532 365 2604 agunt.
390 2520 528 2587 Debetur
551 2523 644 2607 igitur
656 2522 849 2596 hominibus,
865 2533 895 2584 et
907 2518 1081 2585 seeundum

153 2607 289 2672 animam
313 2623 342 2674 et
365 2609 535 2676 seeundum
563 2632 685 2697 corpus,
708 2610 879 2697 praemium
899 2607 947 2672 vet
969 2627 1081 2693 poena.

152 2695 347 2762 Manifestum
380 2712 424 2762 est
449 2715 550 2762 autem
577 2699 661 2785 qood
685 2700 716 2763 in
740 2700 797 2764 liae
820 2699 880 2762 vita
905 2696 1080 2782 praemium

153 2785 279 2849 ultimae
301 2784 453 2850 felicitatis
476 2789 623 2872 consequi
648 2809 709 2851 non
727 2799 865 2874 possunt,
881 2806 918 2848 et
934 2785 982 2849 liis
997 2805 1080 2870 quae

153 2887 275 2938 ostensa
299 2888 370 2938 sunt
393 2874 483 2961 (1.5,
507 2897 532 2940 c.
557 2876 600 2941 ιδ
624 2891 654 2941 ει
666 2897 754 2961 seqq.
769 2877 795 2960 );
818 2873 974 2940 multoties
986 2876 1081 2940 etiam

150 2963 181 3026 in
207 2962 264 3026 ltao
300 2963 358 3027 vita
383 2985 444 3027 non
485 2967 665 3050 puniuntur;
700 2967 774 3050 quin
801 2965 874 3038 imo⁴
900 2977 932 3026 ut
955 2962 1081 3048 dicitur,
1114 2961 1120 2973 '

151 3050 255 3130 Quare
278 3073 348 3135 erqo
385 3053 474 3134 impii
495 3054 612 3132 einum,
641 3053 795 3119 sttbfenott'
828 3063 899 3117 sunt
921 3052 1078 3135 consortu-

151 3142 232 3223 tique
254 3139 399 3206 diritit't?
431 3142 501 3217 fob,
523 3143 577 3221 ll,
601 3144 631 3208 7.
657 3143 868 3207 Necessarium
908 3140 1003 3223 igitur
1027 3155 1077 3206 est

150 3246 266 3313 ponere
289 3230 428 3296 iteratam
445 3233 568 3297 animae
604 3232 643 3297 ad
667 3252 779 3317 corpus
812 3229 1078 3312 conjunctionem,

148 3327 181 3378 ut
204 3317 298 3418 homo
322 3321 353 3383 in
377 3341 507 3407 corpore
530 3335 559 3388 ct
582 3321 686 3388 anima
712 3320 877 3408 praemiari
916 3330 946 3382 et
971 3321 1077 3405 puniri

146 3419 251 3487 possit.
