2484 3975
379 236 417 282 or
441 235 515 281 eurr
538 236 575 285 rr
597 230 730 280 essenus
947 217 1007 283 lll

94 306 159 395 quit
181 305 226 371 sie
248 304 349 406 aliquo
373 324 422 370 res
445 318 525 370 esset
548 324 640 369 ceusu
663 300 807 387 suipsius,
840 316 870 368 et
910 304 1016 391 aliquo

93 414 139 461 res
161 394 293 481 seipsam
310 393 341 458 iu
364 414 432 459 esse
455 393 649 480 produceret,
682 390 765 477 quod
789 405 834 457 est
873 392 1012 493 impersi-

93 482 160 550 hile.
183 484 263 567 llrgo
285 495 407 569 oportet
427 483 510 568 quod
535 481 635 547 otonis
658 480 725 547 talis
748 498 809 559 res,
832 478 919 565 eujus
942 503 1011 549 esse

93 585 136 639 est
157 572 239 638 uliud
263 587 411 637 enatura
434 587 500 649 sut,
524 571 635 636 lrabeat
658 590 726 637 esse
748 568 787 635 ou
809 569 879 634 olio.

153 661 188 727 lit
209 662 280 746 quio
304 681 398 726 ontne
420 621 510 763 quod
526 673 572 725 εει
595 680 651 746 per
684 657 768 725 eliud
791 657 948 727 reducitur
971 660 1011 725 etl

92 748 122 815 id
143 750 225 835 quod
248 763 295 814 εει
318 768 440 851 perse,
462 750 540 814 siout
562 749 601 813 od
624 766 749 813 eausam
772 746 916 833 primatu,
940 748 1011 815 ideo

91 851 207 924 oportet
231 837 315 923 quod
338 838 377 902 sit
392 837 493 925 alique
516 858 566 903 res
589 858 668 923 quoe
691 836 729 902 sit
759 855 851 901 causo
888 837 1011 903 essendi

91 927 232 993 omnibus
255 926 359 1004 rebus
381 926 558 1014 eoquod
550 947 615 1028 rpso
639 939 768 991 estesse
784 938 913 1000 tanturm
936 924 1010 997 ulios

90 1017 181 1081 iretur
204 1016 234 1079 in
257 1014 443 1081 inlinitum'
435 1038 467 1081 ιιι
491 1016 602 1092 ooosis,
624 1034 695 1080 oum
734 1014 835 1079 ornnis
859 1034 907 1079 res
931 1034 1011 1100 quoe

90 1125 150 1170 non
173 1117 308 1170 estesse
331 1117 449 1169 tentum
484 1104 596 1169 hubent
634 1122 758 1173 eeusurn
792 1106 840 1167 sui
877 1122 955 1178 esse,
978 1116 1011 1168 ut

89 1193 202 1257 dietum
236 1206 290 1258 est
318 1192 405 1258 Petet
426 1213 501 1277 ergo
524 1192 609 1281 quod
631 1192 830 1275 intelligentur
843 1206 888 1257 est
911 1190 1009 1257 iorrno

89 1295 119 1347 et
139 1302 216 1360 esse,
238 1295 267 1347 et
290 1282 375 1369 quod
397 1302 465 1348 esse
488 1283 628 1349 ltebeote
652 1281 754 1367 primo
769 1300 846 1357 esse,
862 1280 945 1365 quod
965 1294 1011 1345 est

87 1390 152 1436 esse
175 1386 304 1448 tantum3
319 1386 350 1435 et
368 1371 428 1437 ltoo
450 1384 496 1436 est
519 1367 623 1456 priore
631 1390 735 1446 eroso,
750 1389 829 1455 quoe
845 1369 930 1435 Deus
950 1384 1009 1435 εει.

150 1458 252 1525 Omne
268 1472 370 1524 autern
393 1459 477 1544 quod
501 1460 608 1547 recipit
645 1458 760 1545 aliquid
783 1460 823 1525 ob
855 1458 927 1533 elio,
964 1472 1012 1523 est

86 1547 118 1613 in
139 1550 275 1634 potentie
298 1561 439 1634 respectu
465 1548 556 1627 illius3
579 1563 609 1614 et
632 1549 695 1613 hoo
728 1548 812 1634 quod
851 1560 1009 1634 receptum

85 1651 130 1701 εει
152 1638 182 1702 in
205 1658 252 1714 eo,
270 1651 315 1701 εει
338 1650 424 1702 notus
447 1636 524 1722 ejus.
555 1638 634 1723 Ergo
672 1649 792 1719 oportet
824 1636 910 1723 quod
945 1636 1009 1721 ipso

85 1724 181 1791 forma
207 1726 254 1791 vel
278 1726 432 1810 quidditos
456 1740 603 1812 quaeest
628 1724 827 1809 intelligentie
849 1725 888 1790 sit
912 1725 941 1791 ln
956 1745 1009 1809 po·

84 1816 177 1879 tentis
200 1829 340 1901 respectu
365 1836 432 1879 esse
455 1814 539 1901 quod
562 1837 580 1881 a
604 1814 671 1880 Deo
709 1815 827 1901 reeipit;
865 1830 895 1879 et
933 1812 1009 1878 illud

84 1922 153 1969 esse
176 1918 335 1990 receptum
360 1918 405 1968 εει
428 1924 485 1991 ρει
509 1904 639 1969 modurn
663 1918 758 1980 ectus;
783 1917 813 1969 et
851 1904 891 1969 ito
924 1904 1010 1968 iore·

83 1996 166 2059 nitur
189 2007 274 2059 uetus
296 2010 327 2058 et
351 1993 485 2080 potentie
509 1993 540 2058 io
564 1993 783 2079 intelligentiis,
817 2013 880 2058 non
905 2008 1009 2060 tomen

82 2080 183 2148 formo
206 2096 237 2148 et
259 2084 399 2159 materie,
422 2085 480 2148 nisi
506 2085 683 2168 aequivoce
708 2082 791 2148 unde
821 2083 912 2148 etiem
936 2083 1008 2168 peti,

82 2172 231 2259 recipere,
254 2172 429 2255 subjeetum
454 2192 521 2237 esse
544 2189 574 2236 et
597 2172 701 2236 ornoio
726 2171 904 2257 hujusmodi
929 2191 1008 2256 quoe

82 2259 226 2325 ridentur
247 2260 340 2325 rebus
364 2261 482 2325 ratione
506 2261 654 2326 materiae
692 2262 867 2339 eonvenite,
906 2261 1008 2346 oequi-

80 2369 157 2414 roee
178 2350 365 2413 conveniunt
388 2351 565 2414 substantiis
589 2349 847 2415 intellectualibus
887 2362 915 2413 et
940 2369 1009 2413 oor·

79 2437 249 2523 porulibos‚
273 2451 306 2501 ut
328 2437 560 2504 commentator
582 2439 655 2502 dicit
677 2438 691 2518 l
709 2438 748 2502 de
779 2439 898 2512 Animo,
923 2437 982 2521 5)

149 2525 185 2591 lit
207 2528 290 2612 quio,
314 2540 346 2591 ut
369 2526 485 2591 dietum
517 2539 575 2600 εει
611 2513 831 2608 intelligentiae
855 2526 1010 2612 quidditus

78 2627 127 2679 εει
152 2616 282 2717 ipsornet
305 2615 517 2700 intelligentie,
541 2616 611 2680 ideo
635 2614 788 2701 quiddires
812 2614 859 2679 rel
877 2614 1007 2680 essentia

76 2701 148 2788 ejus
171 2716 217 2768 εει
240 2705 340 2788 ipsum
364 2704 448 2790 quod
472 2719 517 2769 est
540 2705 616 2790 ipsu,
639 2717 670 2768 et
703 2723 771 2769 esse
808 2724 898 2768 suurn
922 2723 1009 2768 reoe·

75 2805 170 2877 ptum
193 2814 210 2856 tt
234 2791 302 2857 Deo
326 2793 424 2857 estid
449 2814 511 2876 quo
533 2793 670 2858 subsistit
693 2793 724 2856 in
757 2813 860 2858 rerutn
886 2806 1006 2864 neture;

74 2895 107 2945 et
131 2896 259 2966 propter
282 2883 341 2946 hoo
364 2903 379 2944 u
404 2881 589 2966 quibusdem
613 2882 790 2967 hujusmodi
819 2881 1008 2946 substantioe

73 2969 225 3034 dieuntur
247 2969 391 3056 componi
414 2989 450 3034 er
474 2991 536 3056 quo
559 2984 605 3035 εει
627 2983 658 3034 ει
680 2970 764 3055 quod
802 2983 859 3042 est,
884 2969 931 3034 vel
970 2989 1006 3034 ert

73 3078 141 3142 quo
165 3071 263 3145 estet
286 3059 428 3137 essentie,
452 3074 485 3124 ut
521 3059 646 3124 Boetius
685 3059 758 3124 dicit
794 3057 1008 3146 (Commod,

71 3146 283 3225 Praedieom„
305 3147 325 3212 l.
351 3149 364 3212 l
386 3148 410 3234 ).

147 3235 182 3299 u
205 3237 276 3322 quie
299 3257 330 3300 tn
353 3234 561 3339 intelligentiis
576 3235 702 3322 ponitur
717 3237 850 3321 potentio
866 3248 895 3300 ει
912 3248 1008 3314 εειιιε,

71 3342 143 3388 nou
167 3325 225 3389 erit
247 3323 401 3390 difficile
394 3324 532 3389 invenire
562 3324 791 3390 multitudinem
831 3323 1006 3426 intelligen-

70 3413 203 3490 tisrurn3
226 3413 310 3501 quod
334 3427 415 3478 esset
439 3413 641 3498 impossibile,
663 3415 688 3478 ri
714 3412 797 3478 nulla
822 3413 956 3499 potentio
974 3414 1005 3480 in

68 3502 119 3568 eis
145 3514 237 3569 esset
261 3501 347 3568 Unde
370 3501 442 3568 dioit
464 3501 697 3570 commentator
721 3503 780 3594 (de
811 3505 931 3582 Auitus,
955 3501 1007 3592 5)
