2484 3975
238 225 303 291 tlte
612 239 784 295 oroscopus

238 343 251 373 ι
282 314 371 381 libus,
394 312 458 380 lloc
481 334 497 378 a
521 311 605 392 loris,
628 333 690 378 oon
715 326 748 378 nt
763 309 928 396 objectum,
942 308 997 376 sed
1014 325 1050 376 ot
1063 310 1163 398 ipsam
1233 376 1234 379 ,

236 430 251 461 ι
280 401 546 489 comprehendens
558 403 799 486 generationem,
811 401 917 465 omino
930 402 1162 485 ponendorux.

237 493 288 558 Sia
311 494 402 577 igitur
424 491 669 578 Theophrastus,
689 511 761 556 cum
784 492 952 575 quaesisset
966 490 1042 570 duo,
1059 491 1162 576 primo

237 581 363 669 quidem
385 579 542 668 quomodo
565 580 737 646 intellectus
760 577 912 665 possibilis
932 578 971 642 sit
985 578 1027 643 ab
1049 579 1165 643 extrin-

238 691 310 736 seco
332 683 362 734 et
386 684 487 734 tamen
512 668 601 734 nobis
623 667 839 745 connaturalis,
861 680 893 731 et
920 666 1059 732 secondo
1082 687 1165 754 quae

238 759 278 825 rit
293 770 405 826 natura
428 757 596 824 intellectus
619 756 782 844 possibilis,
802 755 960 842 respondit
997 758 1101 842 primo
1119 756 1164 820 'ad

238 847 409 914 secondom
432 847 515 929 qood
538 849 626 912 ertin
651 846 785 932 potentia
808 846 924 918 omnia,
947 865 1008 909 non
1032 845 1164 930 quidem

239 937 318 1003 sieut
341 936 417 1002 nihil
441 936 586 1014 existens,
607 936 662 1002 sed
684 937 762 1000 sieut
783 953 892 998 sensus
914 932 953 996 ad
991 934 1164 1014 sensibilia3

239 1038 270 1091 et
292 1045 329 1092 ex
351 1025 411 1092 hoc
432 1023 587 1090 concludit
605 1025 842 1110 responsionem
866 1022 983 1108 primae
1005 1025 1164 1108 quaestio·

203 1139 210 1154 ι
239 1115 297 1193 uis,
320 1113 403 1201 qood
426 1134 488 1180 non
512 1113 690 1198 intelligitur
726 1113 770 1178 sie
806 1131 874 1176 esse
910 1109 951 1175 sb
988 1113 1163 1178 extrinseco

240 1203 325 1290 quasi
348 1203 462 1289 aliquid
487 1201 639 1287 adjectum
667 1200 893 1268 accidentaliter
933 1197 981 1264 rel
1020 1214 1164 1287 tempore

239 1291 434 1378 procedente,
457 1289 511 1356 sed
535 1312 551 1354 a
575 1293 673 1379 prima
689 1290 897 1375 generatione,
909 1289 986 1354 sicut
998 1289 1163 1357 continens

240 1392 270 1444 ea
292 1379 558 1465 comprehendens
582 1394 722 1446 normam
745 1380 924 1444 humanam.

304 1467 395 1550 Quod
418 1483 520 1533 autem
551 1468 737 1535 Alexander.
755 1466 942 1533 intellectum
979 1464 1162 1551 possibilem

240 1557 375 1642 posuerit
396 1567 464 1622 esse
487 1556 617 1622 sormam
641 1557 777 1641 corporis
800 1571 830 1620 et
852 1557 944 1619 etiam
978 1561 1046 1641 ipse
1069 1562 1162 1631 Aver-

240 1647 332 1710 rlsoes
371 1647 543 1724 confitetur,
580 1645 730 1731 quamvis,
769 1657 802 1710 ut
838 1643 980 1721 arbitror,
1015 1663 1162 1729 perverse
1233 1722 1234 1725 Ἴ

240 1736 333 1800 rerba
355 1733 517 1800 Alexandri
540 1737 701 1821 acceperit,
723 1735 800 1799 sicot
821 1747 852 1799 et
882 1731 973 1796 verba
997 1731 1161 1798 Themistii
1233 1728 1234 1809 ἶ

240 1837 361 1911 praeter
383 1823 449 1908 ejus
471 1823 659 1890 intellectum
682 1823 819 1899 assumit;
843 1842 915 1887 nam
952 1821 1037 1906 quod
1075 1821 1159 1899 dixit,

239 1911 445 1977 Alexandrum
468 1912 578 1978 dixisse
603 1911 790 1977 intellectum
814 1908 988 1998 possibilem
1011 1929 1076 1974 non
1093 1930 1159 1975 esse
1233 1914 1234 1927 ¹

239 2000 322 2067 aliud
346 2020 437 2086 quam
461 2002 724 2088 praeparationem
749 2014 895 2087 quaeest
918 2000 948 2064 in
972 2011 1082 2064 natura
1103 2004 1158 2065 hu·

238 2110 330 2157 mana
353 2089 390 2154 ad
415 2090 602 2156 intellectum
627 2103 769 2176 agentem
804 2103 835 2155 et
867 2089 907 2153 ad
944 2086 1157 2173 intelligibilis,

237 2181 316 2244 hane
354 2178 618 2266 praeparationem
654 2178 728 2244 nihil
763 2178 846 2243 aliud
879 2175 1027 2243 intellexit
1062 2198 1154 2264 quam
1233 2191 1234 2212 ¹

236 2268 404 2355 potentiam
428 2267 641 2333 intellectivam
664 2279 812 2354 quaeest
835 2269 865 2332 in
898 2266 1001 2330 anima
1035 2265 1074 2330 ad
1109 2268 1155 2331 in·

237 2356 412 2441 telligibiles
434 2371 464 2421 et
485 2356 554 2421 ideo
578 2356 653 2421 dixit
675 2376 743 2422 eam
767 2376 829 2421 non
851 2376 920 2421 esse
958 2355 1102 2421 virtutem
1125 2357 1155 2420 in

236 2466 377 2532 corpore,
400 2446 470 2531 quia
507 2445 574 2510 talis
597 2446 741 2530 ,potentia
774 2465 838 2509 non
871 2445 964 2509 habet
996 2445 1155 2531 corporale

237 2554 400 2619 organum,
422 2548 451 2598 et
473 2554 583 2598 nonea
607 2535 736 2611 ratione,
752 2532 1154 2619 utAverrhoesimpugnat,
1188 2570 1194 2579 .

238 2624 408 2689 secundum
432 2623 514 2709 quod
551 2622 636 2687 nulla
685 2624 878 2710 praeparatio
913 2634 959 2687 est
992 2621 1086 2685 virtus
1124 2625 1155 2687 in

238 2731 376 2800 corpore.

304 2800 350 2878 Ει,
373 2812 406 2865 ut
428 2820 444 2864 a
469 2797 591 2864 Graecis
612 2800 651 2866 ad
674 2798 789 2864 Arabes
810 2813 1013 2871 transeamus,
1052 2797 1153 2884 primo

239 2884 435 2956 menifestum
458 2887 609 2973 estquod
643 2889 793 2953 Asiaenns
832 2889 932 2974 posuit
963 2885 1153 2953 intellectum

226 2980 375 3043 uirtutem
399 2978 520 3041 animae
542 2996 621 3063 quae
644 2990 689 3043 est
710 2976 808 3043 forma
823 2974 1150 3062 corporis3dieitenim

233 3070 287 3146 sic,
309 3068 340 3132 in
364 3087 420 3133 suo
444 3066 522 3131 libro
545 3068 584 3129 de
618 3067 735 3131 Anima:
777 3064 988 3130 «intellectus
1024 3066 1151 3142 activus,

231 3156 310 3221 idest
334 3155 494 3242 practicus,
516 3153 586 3239 eget
608 3174 736 3243 corpore
759 3167 789 3218 et
811 3152 971 3219 virtutibus
1007 3174 1151 3240 corpora-

233 3244 313 3311 libus
336 3244 375 3308 ad
398 3264 506 3309 omnes
529 3243 756 3309 actionessuas.
772 3242 1150 3328 contemplativurautem

231 3333 402 3400 intellectus
424 3345 493 3418 eget
516 3344 645 3419 corpore
667 3346 697 3397 et
719 3331 880 3397 virtutibus
902 3330 981 3416 ejus,
1013 3330 1068 3395 sed
1090 3350 1149 3397 nec

230 3442 354 3509 semper
375 3441 434 3487 nec
448 3420 593 3499 'omnin03
616 3420 728 3487 scilicit
749 3422 832 3486 onim
856 3422 922 3507 ipse
944 3418 1002 3485 sibi
1018 3439 1074 3507 per
1087 3420 1149 3485 sei·

232 3530 332 3595 psum..
355 3510 436 3576 llilril
459 3523 562 3575 antem
584 3512 698 3577 'horum
721 3525 766 3575 est
788 3510 891 3591 anima
923 3508 1070 3587 humerum
1091 3509 1149 3577 sed
