<?xml version="1.0" encoding="UTF-8"?>
<!DOCTYPE html PUBLIC "-//W3C//DTD XHTML 1.0 Transitional//EN"
    "http://www.w3.org/TR/xhtml1/DTD/xhtml1-transitional.dtd">
<html xmlns="http://www.w3.org/1999/xhtml" xml:lang="en" lang="en">
 <head>
  <title>
</title>
<meta http-equiv="Content-Type" content="text/html;charset=utf-8" />
  <meta name='ocr-system' content='tesseract 3.04.00' />
  <meta name='ocr-capabilities' content='ocr_page ocr_carea ocr_par ocr_line ocrx_word'/>
</head>
<body>
  <div class='ocr_page' id='page_1' title='image "./sanctithomaeaqu01thomgoog_0110.png"; bbox 0 0 2484 3975; ppageno 0'>
   <div class='ocr_carea' id='block_1_1' title="bbox 139 213 1227 3586">
    <p class='ocr_par' dir='ltr' id='par_1_1' title="bbox 223 213 858 282">
     <span class='ocr_line' id='line_1_1' title="bbox 223 213 858 282; baseline -0.003 0"><span class='ocrx_word' id='word_1_1' title='bbox 223 213 290 282; x_wconf 87' lang='grc'>106</span> <span class='ocrx_word' id='word_1_2' title='bbox 536 235 592 282; x_wconf 80' lang='lat' dir='ltr'>uu.</span> <span class='ocrx_word' id='word_1_3' title='bbox 622 235 662 281; x_wconf 85' lang='lat' dir='ltr'>rr.</span> <span class='ocrx_word' id='word_1_4' title='bbox 690 236 755 282; x_wconf 82' lang='lat' dir='ltr'>err.</span> <span class='ocrx_word' id='word_1_5' title='bbox 778 235 858 280; x_wconf 81' lang='lat' dir='ltr'>xxrrt.</span> 
     </span>
    </p>

    <p class='ocr_par' dir='ltr' id='par_1_2' title="bbox 139 303 1159 1792">
     <span class='ocr_line' id='line_1_2' title="bbox 218 303 1159 391; baseline 0.001 -20"><span class='ocrx_word' id='word_1_6' title='bbox 218 304 351 391; x_wconf 79' lang='lat' dir='ltr'>prendo,</span> <span class='ocrx_word' id='word_1_7' title='bbox 373 303 436 382; x_wconf 77' lang='lat' dir='ltr'>uia,</span> <span class='ocrx_word' id='word_1_8' title='bbox 474 303 600 388; x_wconf 81' lang='lat' dir='ltr'>pluries,</span> <span class='ocrx_word' id='word_1_9' title='bbox 639 306 769 389; x_wconf 81' lang='lat' dir='ltr'>spiritus</span> <span class='ocrx_word' id='word_1_10' title='bbox 801 304 1023 387; x_wconf 73' lang='lat' dir='ltr'>praestiturum,</span> <span class='ocrx_word' id='word_1_11' title='bbox 1062 325 1159 390; x_wconf 77' lang='lat' dir='ltr'>patae</span> 
     </span>
     <span class='ocr_line' id='line_1_3' title="bbox 217 392 1157 480; baseline 0.002 -20"><span class='ocrx_word' id='word_1_12' title='bbox 217 395 337 480; x_wconf 79' lang='lat' dir='ltr'>faciunt</span> <span class='ocrx_word' id='word_1_13' title='bbox 357 392 484 458; x_wconf 84' lang='lat' dir='ltr'>uerbum</span> <span class='ocrx_word' id='word_1_14' title='bbox 506 396 583 476; x_wconf 67' lang='lat' dir='ltr'>eiras,</span> <span class='ocrx_word' id='word_1_15' title='bbox 599 393 723 468; x_wconf 66' lang='lat' dir='ltr'>Psalua„</span> <span class='ocrx_word' id='word_1_16' title='bbox 747 392 821 469; x_wconf 76' lang='grc'><strong>118,</strong></span> <span class='ocrx_word' id='word_1_17' title='bbox 834 392 865 470; x_wconf 89' lang='grc'>8;</span> <span class='ocrx_word' id='word_1_18' title='bbox 881 392 924 458; x_wconf 87' lang='lat' dir='ltr'>sio</span> <span class='ocrx_word' id='word_1_19' title='bbox 940 393 1034 460; x_wconf 86' lang='lat' dir='ltr'>etiam</span> <span class='ocrx_word' id='word_1_20' title='bbox 1045 415 1157 480; x_wconf 82' lang='lat' dir='ltr'>vapor</span> 
     </span>
     <span class='ocr_line' id='line_1_4' title="bbox 217 481 1155 569; baseline -0.001 -19"><span class='ocrx_word' id='word_1_21' title='bbox 217 485 318 550; x_wconf 87' lang='lat' dir='ltr'>tenuis</span> <span class='ocrx_word' id='word_1_22' title='bbox 340 481 467 547; x_wconf 88' lang='lat' dir='ltr'>dillusus</span> <span class='ocrx_word' id='word_1_23' title='bbox 490 501 545 569; x_wconf 88' lang='lat' dir='ltr'>per</span> <span class='ocrx_word' id='word_1_24' title='bbox 569 482 707 548; x_wconf 86' lang='lat' dir='ltr'>membra</span> <span class='ocrx_word' id='word_1_25' title='bbox 721 484 760 547; x_wconf 91' lang='lat' dir='ltr'>ad</span> <span class='ocrx_word' id='word_1_26' title='bbox 776 501 885 546; x_wconf 85' lang='lat' dir='ltr'>eorum</span> <span class='ocrx_word' id='word_1_27' title='bbox 903 484 1155 568; x_wconf 87' lang='lat' dir='ltr'>motusspiritus</span> 
     </span>
     <span class='ocr_line' id='line_1_5' title="bbox 217 570 1153 655; baseline -0.001 -16"><span class='ocrx_word' id='word_1_28' title='bbox 217 585 353 639; x_wconf 84' lang='lat' dir='ltr'>vocatur.</span> <span class='ocrx_word' id='word_1_29' title='bbox 378 571 503 648; x_wconf 82' lang='lat' dir='ltr'>Rursus,</span> <span class='ocrx_word' id='word_1_30' title='bbox 527 570 598 655; x_wconf 90' lang='lat' dir='ltr'>quia</span> <span class='ocrx_word' id='word_1_31' title='bbox 621 591 675 635; x_wconf 89' lang='lat' dir='ltr'>aer</span> <span class='ocrx_word' id='word_1_32' title='bbox 697 570 856 636; x_wconf 85' lang='lat' dir='ltr'>invisibilis</span> <span class='ocrx_word' id='word_1_33' title='bbox 878 582 935 648; x_wconf 88' lang='lat' dir='ltr'>est,</span> <span class='ocrx_word' id='word_1_34' title='bbox 958 571 1153 638; x_wconf 84' lang='lat' dir='ltr'>translatum</span> 
     </span>
     <span class='ocr_line' id='line_1_6' title="bbox 218 658 1153 745; baseline -0.001 -17"><span class='ocrx_word' id='word_1_35' title='bbox 218 675 265 728; x_wconf 85' lang='lat' dir='ltr'>est</span> <span class='ocrx_word' id='word_1_36' title='bbox 288 661 414 726; x_wconf 88' lang='lat' dir='ltr'>ulterius</span> <span class='ocrx_word' id='word_1_37' title='bbox 436 658 560 745; x_wconf 87' lang='lat' dir='ltr'>spiritus</span> <span class='ocrx_word' id='word_1_38' title='bbox 594 679 710 724; x_wconf 88' lang='lat' dir='ltr'>nomen</span> <span class='ocrx_word' id='word_1_39' title='bbox 744 659 784 724; x_wconf 90' lang='lat' dir='ltr'>ad</span> <span class='ocrx_word' id='word_1_40' title='bbox 817 679 927 724; x_wconf 88' lang='lat' dir='ltr'>omnes</span> <span class='ocrx_word' id='word_1_41' title='bbox 961 660 1090 726; x_wconf 83' lang='lat' dir='ltr'>virtutes</span> <span class='ocrx_word' id='word_1_42' title='bbox 1112 676 1153 727; x_wconf 86' lang='lat' dir='ltr'>et</span> 
     </span>
     <span class='ocr_line' id='line_1_7' title="bbox 217 747 1153 835; baseline 0 -19"><span class='ocrx_word' id='word_1_43' title='bbox 217 749 402 817; x_wconf 72' lang='lat' dir='ltr'><strong>substantias</strong></span> <span class='ocrx_word' id='word_1_44' title='bbox 426 747 592 812; x_wconf 84' lang='lat' dir='ltr'>invisibiles</span> <span class='ocrx_word' id='word_1_45' title='bbox 615 761 646 812; x_wconf 87' lang='lat' dir='ltr'>et</span> <span class='ocrx_word' id='word_1_46' title='bbox 669 749 810 824; x_wconf 83' lang='lat' dir='ltr'>motivas3</span> <span class='ocrx_word' id='word_1_47' title='bbox 833 761 863 812; x_wconf 90' lang='lat' dir='ltr'>et</span> <span class='ocrx_word' id='word_1_48' title='bbox 883 761 1008 835; x_wconf 87' lang='lat' dir='ltr'>propter</span> <span class='ocrx_word' id='word_1_49' title='bbox 1028 749 1090 814; x_wconf 87' lang='lat' dir='ltr'>hoo</span> <span class='ocrx_word' id='word_1_50' title='bbox 1113 762 1153 816; x_wconf 84' lang='lat' dir='ltr'>et</span> 
     </span>
     <span class='ocr_line' id='line_1_8' title="bbox 217 835 1153 921; baseline 0.001 -17"><span class='ocrx_word' id='word_1_51' title='bbox 217 840 320 905; x_wconf 90' lang='lat' dir='ltr'>aniura</span> <span class='ocrx_word' id='word_1_52' title='bbox 342 835 494 904; x_wconf 90' lang='lat' dir='ltr'>sensibilis</span> <span class='ocrx_word' id='word_1_53' title='bbox 525 849 555 900; x_wconf 90' lang='lat' dir='ltr'>et</span> <span class='ocrx_word' id='word_1_54' title='bbox 590 837 692 901; x_wconf 88' lang='lat' dir='ltr'>anima</span> <span class='ocrx_word' id='word_1_55' title='bbox 729 836 886 902; x_wconf 88' lang='lat' dir='ltr'>rationalis</span> <span class='ocrx_word' id='word_1_56' title='bbox 905 853 947 903; x_wconf 85' lang='lat' dir='ltr'>et</span> <span class='ocrx_word' id='word_1_57' title='bbox 978 837 1090 921; x_wconf 77' lang='lat' dir='ltr'>Angeli</span> <span class='ocrx_word' id='word_1_58' title='bbox 1113 851 1153 905; x_wconf 86' lang='lat' dir='ltr'>et</span> 
     </span>
     <span class='ocr_line' id='line_1_9' title="bbox 217 925 1152 1013; baseline 0 -20"><span class='ocrx_word' id='word_1_59' title='bbox 217 928 302 993; x_wconf 88' lang='lat' dir='ltr'>Deus</span> <span class='ocrx_word' id='word_1_60' title='bbox 325 927 447 1013; x_wconf 90' lang='lat' dir='ltr'>spiritus</span> <span class='ocrx_word' id='word_1_61' title='bbox 472 925 626 1002; x_wconf 66' lang='lat' dir='ltr'>dicuntum</span> <span class='ocrx_word' id='word_1_62' title='bbox 649 939 680 990; x_wconf 90' lang='lat' dir='ltr'>et</span> <span class='ocrx_word' id='word_1_63' title='bbox 703 927 831 1012; x_wconf 79' lang='lat' dir='ltr'>proprie</span> <span class='ocrx_word' id='word_1_64' title='bbox 846 925 1152 1013; x_wconf 86' lang='lat' dir='ltr'>Deuspermodum</span> 
     </span>
     <span class='ocr_line' id='line_1_10' title="bbox 218 1013 1149 1103; baseline 0.001 -22"><span class='ocrx_word' id='word_1_65' title='bbox 218 1015 333 1082; x_wconf 89' lang='lat' dir='ltr'>amoris</span> <span class='ocrx_word' id='word_1_66' title='bbox 356 1013 540 1103; x_wconf 81' lang='lat' dir='ltr'><strong>procedens,</strong></span> <span class='ocrx_word' id='word_1_67' title='bbox 571 1014 643 1101; x_wconf 91' lang='lat' dir='ltr'>quia</span> <span class='ocrx_word' id='word_1_68' title='bbox 681 1034 769 1079; x_wconf 89' lang='lat' dir='ltr'>amor</span> <span class='ocrx_word' id='word_1_69' title='bbox 791 1015 935 1080; x_wconf 86' lang='lat' dir='ltr'>virtutem</span> <span class='ocrx_word' id='word_1_70' title='bbox 972 1015 1149 1102; x_wconf 88' lang='lat' dir='ltr'>quamdam</span> 
     </span>
     <span class='ocr_line' id='line_1_11' title="bbox 218 1102 1150 1188; baseline 0.001 -18"><span class='ocrx_word' id='word_1_71' title='bbox 218 1104 365 1171; x_wconf 87' lang='lat' dir='ltr'>motivam</span> <span class='ocrx_word' id='word_1_72' title='bbox 389 1103 532 1168; x_wconf 78' lang='lat' dir='ltr'>insinuat.</span> <span class='ocrx_word' id='word_1_73' title='bbox 549 1102 600 1167; x_wconf 83' lang='lat' dir='ltr'>Sic</span> <span class='ocrx_word' id='word_1_74' title='bbox 611 1103 703 1188; x_wconf 80' lang='lat' dir='ltr'>igitur</span> <span class='ocrx_word' id='word_1_75' title='bbox 715 1103 799 1188; x_wconf 88' lang='lat' dir='ltr'>quod</span> <span class='ocrx_word' id='word_1_76' title='bbox 815 1105 908 1168; x_wconf 82' lang='lat' dir='ltr'>Amos</span> <span class='ocrx_word' id='word_1_77' title='bbox 923 1103 1005 1169; x_wconf 86' lang='lat' dir='ltr'>dicit:</span> <span class='ocrx_word' id='word_1_78' title='bbox 1022 1105 1150 1171; x_wconf 82' lang='lat' dir='ltr'>Greuus</span> 
     </span>
     <span class='ocr_line' id='line_1_12' title="bbox 216 1191 1149 1280; baseline 0 -21"><span class='ocrx_word' id='word_1_79' title='bbox 216 1194 363 1278; x_wconf 83' lang='lat' dir='ltr'>spiritum</span> <span class='ocrx_word' id='word_1_80' title='bbox 385 1192 432 1280; x_wconf 77' lang='lat' dir='ltr'>(l,</span> <span class='ocrx_word' id='word_1_81' title='bbox 446 1193 512 1276; x_wconf 81' lang='grc'><strong>15),</strong></span> <span class='ocrx_word' id='word_1_82' title='bbox 524 1191 563 1256; x_wconf 91' lang='lat' dir='ltr'>de</span> <span class='ocrx_word' id='word_1_83' title='bbox 586 1207 679 1256; x_wconf 86' lang='lat' dir='ltr'>vento</span> <span class='ocrx_word' id='word_1_84' title='bbox 702 1191 853 1275; x_wconf 76' lang='lat' dir='ltr'>intelligit,</span> <span class='ocrx_word' id='word_1_85' title='bbox 869 1205 903 1256; x_wconf 93' lang='lat' dir='ltr'>ut</span> <span class='ocrx_word' id='word_1_86' title='bbox 918 1207 1023 1258; x_wconf 87' lang='lat' dir='ltr'>nostra</span> <span class='ocrx_word' id='word_1_87' title='bbox 1040 1206 1149 1259; x_wconf 85' lang='lat' dir='ltr'>trans-</span> 
     </span>
     <span class='ocr_line' id='line_1_13' title="bbox 218 1280 1148 1368; baseline 0.001 -19"><span class='ocrx_word' id='word_1_88' title='bbox 218 1283 291 1349; x_wconf 90' lang='lat' dir='ltr'>latio</span> <span class='ocrx_word' id='word_1_89' title='bbox 314 1280 487 1367; x_wconf 82' lang='lat' dir='ltr'>expressius</span> <span class='ocrx_word' id='word_1_90' title='bbox 510 1281 613 1358; x_wconf 91' lang='lat' dir='ltr'>habet;</span> <span class='ocrx_word' id='word_1_91' title='bbox 637 1281 828 1367; x_wconf 86' lang='lat' dir='ltr'>quodetiam</span> <span class='ocrx_word' id='word_1_92' title='bbox 845 1293 996 1346; x_wconf 78' lang='lat' dir='ltr'>consonat</span> <span class='ocrx_word' id='word_1_93' title='bbox 1010 1282 1038 1346; x_wconf 94' lang='lat' dir='ltr'>ei</span> <span class='ocrx_word' id='word_1_94' title='bbox 1055 1283 1148 1368; x_wconf 86' lang='lat' dir='ltr'>quod</span> 
     </span>
     <span class='ocr_line' id='line_1_14' title="bbox 217 1369 1146 1459; baseline 0.002 -23"><span class='ocrx_word' id='word_1_95' title='bbox 217 1371 432 1459; x_wconf 87' lang='lat' dir='ltr'>praemittitur,</span> <span class='ocrx_word' id='word_1_96' title='bbox 455 1369 607 1434; x_wconf 85' lang='lat' dir='ltr'>Formous</span> <span class='ocrx_word' id='word_1_97' title='bbox 630 1381 756 1433; x_wconf 83' lang='lat' dir='ltr'>montes.</span> <span class='ocrx_word' id='word_1_98' title='bbox 781 1369 872 1450; x_wconf 84' lang='lat' dir='ltr'>Quod</span> <span class='ocrx_word' id='word_1_99' title='bbox 889 1390 962 1435; x_wconf 88' lang='lat' dir='ltr'>vero</span> <span class='ocrx_word' id='word_1_100' title='bbox 975 1369 1146 1438; x_wconf 79' lang='lat' dir='ltr'>Zacharias</span> 
     </span>
     <span class='ocr_line' id='line_1_15' title="bbox 218 1457 1146 1545; baseline 0.001 -21"><span class='ocrx_word' id='word_1_101' title='bbox 218 1458 259 1524; x_wconf 91' lang='lat' dir='ltr'>de</span> <span class='ocrx_word' id='word_1_102' title='bbox 281 1458 348 1524; x_wconf 89' lang='lat' dir='ltr'>Deo</span> <span class='ocrx_word' id='word_1_103' title='bbox 371 1458 453 1537; x_wconf 89' lang='lat' dir='ltr'>dieit,</span> <span class='ocrx_word' id='word_1_104' title='bbox 477 1458 560 1544; x_wconf 90' lang='lat' dir='ltr'>quod</span> <span class='ocrx_word' id='word_1_105' title='bbox 584 1471 630 1524; x_wconf 88' lang='lat' dir='ltr'>est</span> <span class='ocrx_word' id='word_1_106' title='bbox 652 1478 760 1523; x_wconf 86' lang='lat' dir='ltr'>ereans</span> <span class='ocrx_word' id='word_1_107' title='bbox 784 1457 832 1522; x_wconf 85' lang='lat' dir='ltr'>vel</span> <span class='ocrx_word' id='word_1_108' title='bbox 854 1461 969 1545; x_wconf 71' lang='lat' dir='ltr'>paperes</span> <span class='ocrx_word' id='word_1_109' title='bbox 992 1460 1146 1543; x_wconf 84' lang='lat' dir='ltr'>spiritum</span> 
     </span>
     <span class='ocr_line' id='line_1_16' title="bbox 139 1545 1141 1634; baseline 0.002 -22"><span class='ocrx_word' id='word_1_110' title='bbox 139 1608 160 1620; x_wconf 50' lang='lat'>,.</span> <span class='ocrx_word' id='word_1_111' title='bbox 218 1548 351 1612; x_wconf 79' lang='lat' dir='ltr'>hominis</span> <span class='ocrx_word' id='word_1_112' title='bbox 371 1549 403 1612; x_wconf 83' lang='lat' dir='ltr'>iu</span> <span class='ocrx_word' id='word_1_113' title='bbox 426 1569 460 1612; x_wconf 89' lang='lat' dir='ltr'>eo</span> <span class='ocrx_word' id='word_1_114' title='bbox 475 1547 552 1632; x_wconf 67' lang='lat' dir='ltr'>(lu,</span> <span class='ocrx_word' id='word_1_115' title='bbox 578 1548 623 1632; x_wconf 86' lang='lat' dir='ltr'>l),</span> <span class='ocrx_word' id='word_1_116' title='bbox 646 1545 685 1612; x_wconf 90' lang='lat' dir='ltr'>de</span> <span class='ocrx_word' id='word_1_117' title='bbox 708 1547 810 1612; x_wconf 85' lang='lat' dir='ltr'>anima</span> <span class='ocrx_word' id='word_1_118' title='bbox 834 1547 969 1612; x_wconf 86' lang='lat' dir='ltr'>humana</span> <span class='ocrx_word' id='word_1_119' title='bbox 985 1548 1141 1634; x_wconf 69' lang='lat' dir='ltr'>intelligitt</span> 
     </span>
     <span class='ocr_line' id='line_1_17' title="bbox 219 1633 1147 1722; baseline 0.002 -20"><span class='ocrx_word' id='word_1_120' title='bbox 219 1635 302 1703; x_wconf 87' lang='lat' dir='ltr'>unde</span> <span class='ocrx_word' id='word_1_121' title='bbox 325 1637 466 1702; x_wconf 86' lang='lat' dir='ltr'>oonnludi</span> <span class='ocrx_word' id='word_1_122' title='bbox 491 1656 552 1701; x_wconf 92' lang='lat' dir='ltr'>non</span> <span class='ocrx_word' id='word_1_123' title='bbox 577 1648 676 1722; x_wconf 82' lang='lat' dir='ltr'>potest</span> <span class='ocrx_word' id='word_1_124' title='bbox 698 1638 783 1722; x_wconf 91' lang='lat' dir='ltr'>quod</span> <span class='ocrx_word' id='word_1_125' title='bbox 805 1633 936 1722; x_wconf 80' lang='lat' dir='ltr'>Spiritus</span> <span class='ocrx_word' id='word_1_126' title='bbox 951 1635 1080 1702; x_wconf 86' lang='lat' dir='ltr'>Sanetus</span> <span class='ocrx_word' id='word_1_127' title='bbox 1104 1638 1147 1704; x_wconf 86' lang='lat' dir='ltr'>sit</span> 
     </span>
     <span class='ocr_line' id='line_1_18' title="bbox 220 1739 371 1792; baseline -0.013 0"><span class='ocrx_word' id='word_1_128' title='bbox 220 1739 371 1792; x_wconf 83' lang='lat' dir='ltr'>ereatura.</span> 
     </span>
    </p>

    <p class='ocr_par' dir='ltr' id='par_1_3' title="bbox 147 1812 1227 3586">
     <span class='ocr_line' id='line_1_19' title="bbox 284 1812 1144 1898; baseline 0.002 -20"><span class='ocrx_word' id='word_1_129' title='bbox 284 1813 430 1878; x_wconf 88' lang='lat' dir='ltr'>Similiter</span> <span class='ocrx_word' id='word_1_130' title='bbox 453 1826 569 1888; x_wconf 82' lang='lat' dir='ltr'>autem,</span> <span class='ocrx_word' id='word_1_131' title='bbox 604 1833 661 1878; x_wconf 89' lang='lat' dir='ltr'>oea</span> <span class='ocrx_word' id='word_1_132' title='bbox 694 1833 732 1878; x_wconf 84' lang='lat' dir='ltr'>ex</span> <span class='ocrx_word' id='word_1_133' title='bbox 769 1812 829 1876; x_wconf 84' lang='lat' dir='ltr'>hoo</span> <span class='ocrx_word' id='word_1_134' title='bbox 867 1812 952 1898; x_wconf 85' lang='lat' dir='ltr'>qrrod</span> <span class='ocrx_word' id='word_1_135' title='bbox 989 1812 1144 1881; x_wconf 86' lang='lat' dir='ltr'>Dominus</span> 
     </span>
     <span class='ocr_line' id='line_1_20' title="bbox 217 1901 1143 1990; baseline -0.001 -21"><span class='ocrx_word' id='word_1_136' title='bbox 217 1902 291 1969; x_wconf 87' lang='lat' dir='ltr'>dieit</span> <span class='ocrx_word' id='word_1_137' title='bbox 314 1901 353 1966; x_wconf 88' lang='lat' dir='ltr'>de</span> <span class='ocrx_word' id='word_1_138' title='bbox 376 1901 491 1990; x_wconf 87' lang='lat' dir='ltr'>Spiritu</span> <span class='ocrx_word' id='word_1_139' title='bbox 514 1901 636 1966; x_wconf 85' lang='lat' dir='ltr'>Sancto:</span> <span class='ocrx_word' id='word_1_140' title='bbox 667 1902 737 1968; x_wconf 87' lang='lat' dir='ltr'>Non</span> <span class='ocrx_word' id='word_1_141' title='bbox 760 1902 900 1985; x_wconf 83' lang='lat' dir='ltr'>loquetur</span> <span class='ocrx_word' id='word_1_142' title='bbox 923 1923 944 1966; x_wconf 87' lang='lat' dir='ltr'>a</span> <span class='ocrx_word' id='word_1_143' title='bbox 966 1904 1143 1986; x_wconf 83' lang='lat' dir='ltr'>semetipso,</span> 
     </span>
     <span class='ocr_line' id='line_1_21' title="bbox 215 1991 1143 2076; baseline 0 -18"><span class='ocrx_word' id='word_1_144' title='bbox 215 1994 272 2058; x_wconf 80' lang='lat' dir='ltr'>sed</span> <span class='ocrx_word' id='word_1_145' title='bbox 294 2012 498 2075; x_wconf 74' lang='lat' dir='ltr'>quoecumque</span> <span class='ocrx_word' id='word_1_146' title='bbox 521 1993 637 2065; x_wconf 78' lang='lat' dir='ltr'>audiet,</span> <span class='ocrx_word' id='word_1_147' title='bbox 669 1993 819 2076; x_wconf 84' lang='lat' dir='ltr'>loquetur,</span> <span class='ocrx_word' id='word_1_148' title='bbox 853 1991 975 2071; x_wconf 81' lang='lat' dir='ltr'>loann,</span> <span class='ocrx_word' id='word_1_149' title='bbox 1010 1991 1143 2073; x_wconf 81' lang='grc'><strong>16,15,</strong></span> 
     </span>
     <span class='ocr_line' id='line_1_22' title="bbox 215 2078 1227 2166; baseline 0.002 -20"><span class='ocrx_word' id='word_1_150' title='bbox 215 2079 358 2146; x_wconf 86' lang='lat' dir='ltr'>oonoludi</span> <span class='ocrx_word' id='word_1_151' title='bbox 386 2094 485 2166; x_wconf 92' lang='lat' dir='ltr'>potest</span> <span class='ocrx_word' id='word_1_152' title='bbox 519 2080 602 2165; x_wconf 89' lang='lat' dir='ltr'>quod</span> <span class='ocrx_word' id='word_1_153' title='bbox 639 2079 678 2146; x_wconf 88' lang='lat' dir='ltr'>sit</span> <span class='ocrx_word' id='word_1_154' title='bbox 711 2092 861 2145; x_wconf 85' lang='lat' dir='ltr'>creatura.</span> <span class='ocrx_word' id='word_1_155' title='bbox 894 2078 1060 2147; x_wconf 80' lang='lat' dir='ltr'>Osteosunr</span> <span class='ocrx_word' id='word_1_156' title='bbox 1093 2096 1143 2148; x_wconf 88' lang='lat' dir='ltr'>est</span> <span class='ocrx_word' id='word_1_157' title='bbox 1225 2158 1227 2161; x_wconf 9' lang='lat' dir='ltr'>y</span> 
     </span>
     <span class='ocr_line' id='line_1_23' title="bbox 216 2167 1139 2255; baseline -0.001 -20"><span class='ocrx_word' id='word_1_158' title='bbox 216 2170 299 2236; x_wconf 82' lang='lat' dir='ltr'>eninr</span> <span class='ocrx_word' id='word_1_159' title='bbox 323 2169 407 2255; x_wconf 90' lang='lat' dir='ltr'>quod</span> <span class='ocrx_word' id='word_1_160' title='bbox 431 2169 561 2255; x_wconf 89' lang='lat' dir='ltr'>Spiritus</span> <span class='ocrx_word' id='word_1_161' title='bbox 584 2168 715 2235; x_wconf 84' lang='lat' dir='ltr'>Sanctus</span> <span class='ocrx_word' id='word_1_162' title='bbox 738 2182 784 2233; x_wconf 86' lang='lat' dir='ltr'>est</span> <span class='ocrx_word' id='word_1_163' title='bbox 807 2167 891 2234; x_wconf 89' lang='lat' dir='ltr'>Deus</span> <span class='ocrx_word' id='word_1_164' title='bbox 908 2168 953 2233; x_wconf 71' lang='lat' dir='ltr'>&#39;de</span> <span class='ocrx_word' id='word_1_165' title='bbox 976 2169 1042 2235; x_wconf 89' lang='lat' dir='ltr'>Deo</span> <span class='ocrx_word' id='word_1_166' title='bbox 1064 2190 1139 2255; x_wconf 90' lang='lat' dir='ltr'>pro-</span> 
     </span>
     <span class='ocr_line' id='line_1_24' title="bbox 216 2258 1141 2344; baseline 0.003 -21"><span class='ocrx_word' id='word_1_167' title='bbox 216 2258 341 2327; x_wconf 82' lang='lat' dir='ltr'>cedens:</span> <span class='ocrx_word' id='word_1_168' title='bbox 365 2258 448 2323; x_wconf 90' lang='lat' dir='ltr'>unde</span> <span class='ocrx_word' id='word_1_169' title='bbox 472 2269 591 2343; x_wconf 88' lang='lat' dir='ltr'>oportet</span> <span class='ocrx_word' id='word_1_170' title='bbox 615 2258 888 2344; x_wconf 76' lang='lat' dir='ltr'>quod-essentiam</span> <span class='ocrx_word' id='word_1_171' title='bbox 911 2258 1056 2323; x_wconf 89' lang='lat' dir='ltr'>suamab</span> <span class='ocrx_word' id='word_1_172' title='bbox 1078 2258 1141 2326; x_wconf 89' lang='lat' dir='ltr'>alio</span> 
     </span>
     <span class='ocr_line' id='line_1_25' title="bbox 215 2346 1140 2434; baseline 0.003 -23"><span class='ocrx_word' id='word_1_173' title='bbox 215 2346 338 2425; x_wconf 90' lang='lat' dir='ltr'>habeat,</span> <span class='ocrx_word' id='word_1_174' title='bbox 363 2347 440 2412; x_wconf 90' lang='lat' dir='ltr'>sicut</span> <span class='ocrx_word' id='word_1_175' title='bbox 464 2359 494 2411; x_wconf 84' lang='lat' dir='ltr'>et</span> <span class='ocrx_word' id='word_1_176' title='bbox 518 2346 556 2409; x_wconf 90' lang='lat' dir='ltr'>de</span> <span class='ocrx_word' id='word_1_177' title='bbox 579 2346 656 2410; x_wconf 91' lang='lat' dir='ltr'>Filio</span> <span class='ocrx_word' id='word_1_178' title='bbox 679 2347 737 2411; x_wconf 86' lang='lat' dir='ltr'>Dei</span> <span class='ocrx_word' id='word_1_179' title='bbox 759 2346 875 2410; x_wconf 88' lang='lat' dir='ltr'>dietum</span> <span class='ocrx_word' id='word_1_180' title='bbox 898 2361 945 2411; x_wconf 88' lang='lat' dir='ltr'>est</span> <span class='ocrx_word' id='word_1_181' title='bbox 966 2367 1060 2433; x_wconf 89' lang='lat' dir='ltr'>supra</span> <span class='ocrx_word' id='word_1_182' title='bbox 1082 2352 1140 2434; x_wconf 83' lang='lat' dir='ltr'>(a.</span> 
     </span>
     <span class='ocr_line' id='line_1_26' title="bbox 217 2433 1143 2522; baseline 0.002 -21"><span class='ocrx_word' id='word_1_183' title='bbox 217 2435 299 2522; x_wconf 79' lang='lat' dir='ltr'>ll);</span> <span class='ocrx_word' id='word_1_184' title='bbox 323 2436 429 2509; x_wconf 86' lang='lat' dir='ltr'>etsie,</span> <span class='ocrx_word' id='word_1_185' title='bbox 453 2454 524 2500; x_wconf 88' lang='lat' dir='ltr'>eum</span> <span class='ocrx_word' id='word_1_186' title='bbox 549 2433 580 2498; x_wconf 94' lang='lat' dir='ltr'>io</span> <span class='ocrx_word' id='word_1_187' title='bbox 603 2435 670 2501; x_wconf 90' lang='lat' dir='ltr'>Deo</span> <span class='ocrx_word' id='word_1_188' title='bbox 705 2447 736 2499; x_wconf 88' lang='lat' dir='ltr'>et</span> <span class='ocrx_word' id='word_1_189' title='bbox 758 2435 886 2499; x_wconf 87' lang='lat' dir='ltr'>seientia</span> <span class='ocrx_word' id='word_1_190' title='bbox 920 2449 951 2499; x_wconf 90' lang='lat' dir='ltr'>et</span> <span class='ocrx_word' id='word_1_191' title='bbox 985 2438 1079 2499; x_wconf 87' lang='lat' dir='ltr'>virtus</span> <span class='ocrx_word' id='word_1_192' title='bbox 1110 2451 1143 2503; x_wconf 89' lang='lat' dir='ltr'>et</span> 
     </span>
     <span class='ocr_line' id='line_1_27' title="bbox 215 2521 1140 2610; baseline 0.002 -21"><span class='ocrx_word' id='word_1_193' title='bbox 215 2526 352 2610; x_wconf 84' lang='lat' dir='ltr'>operatio</span> <span class='ocrx_word' id='word_1_194' title='bbox 363 2576 365 2583; x_wconf 95' lang='lat'><em>.</em></span> <span class='ocrx_word' id='word_1_195' title='bbox 376 2523 432 2588; x_wconf 88' lang='lat' dir='ltr'>Dei</span> <span class='ocrx_word' id='word_1_196' title='bbox 456 2524 494 2589; x_wconf 89' lang='lat' dir='ltr'>sit</span> <span class='ocrx_word' id='word_1_197' title='bbox 517 2521 583 2606; x_wconf 85' lang='lat' dir='ltr'>ejus</span> <span class='ocrx_word' id='word_1_198' title='bbox 600 2525 743 2603; x_wconf 86' lang='lat' dir='ltr'>essentia,</span> <span class='ocrx_word' id='word_1_199' title='bbox 759 2524 860 2587; x_wconf 88' lang='lat' dir='ltr'>omnis</span> <span class='ocrx_word' id='word_1_200' title='bbox 876 2523 945 2588; x_wconf 89' lang='lat' dir='ltr'>Filii</span> <span class='ocrx_word' id='word_1_201' title='bbox 961 2538 993 2588; x_wconf 92' lang='lat' dir='ltr'>et</span> <span class='ocrx_word' id='word_1_202' title='bbox 1008 2523 1140 2610; x_wconf 86' lang='lat' dir='ltr'>Spiritus</span> 
     </span>
     <span class='ocr_line' id='line_1_28' title="bbox 213 2611 1139 2699; baseline 0.003 -22"><span class='ocrx_word' id='word_1_203' title='bbox 213 2612 314 2679; x_wconf 82' lang='lat' dir='ltr'>Sancti</span> <span class='ocrx_word' id='word_1_204' title='bbox 338 2614 464 2678; x_wconf 88' lang='lat' dir='ltr'>seientia</span> <span class='ocrx_word' id='word_1_205' title='bbox 488 2625 518 2678; x_wconf 85' lang='lat' dir='ltr'>et</span> <span class='ocrx_word' id='word_1_206' title='bbox 542 2612 637 2677; x_wconf 84' lang='lat' dir='ltr'>virtus</span> <span class='ocrx_word' id='word_1_207' title='bbox 660 2627 691 2678; x_wconf 87' lang='lat' dir='ltr'>et</span> <span class='ocrx_word' id='word_1_208' title='bbox 714 2612 853 2699; x_wconf 87' lang='lat' dir='ltr'>operatio</span> <span class='ocrx_word' id='word_1_209' title='bbox 876 2626 922 2677; x_wconf 89' lang='lat' dir='ltr'>est</span> <span class='ocrx_word' id='word_1_210' title='bbox 938 2611 979 2678; x_wconf 90' lang='lat' dir='ltr'>ab</span> <span class='ocrx_word' id='word_1_211' title='bbox 996 2612 1066 2689; x_wconf 90' lang='lat' dir='ltr'>alio;</span> <span class='ocrx_word' id='word_1_212' title='bbox 1082 2616 1139 2680; x_wconf 83' lang='lat' dir='ltr'>sed</span> 
     </span>
     <span class='ocr_line' id='line_1_29' title="bbox 214 2700 1138 2786; baseline 0.002 -20"><span class='ocrx_word' id='word_1_213' title='bbox 214 2701 280 2767; x_wconf 87' lang='lat' dir='ltr'>Filii</span> <span class='ocrx_word' id='word_1_214' title='bbox 305 2724 321 2768; x_wconf 93' lang='lat' dir='ltr'>a</span> <span class='ocrx_word' id='word_1_215' title='bbox 345 2700 435 2766; x_wconf 84' lang='lat' dir='ltr'>Patre</span> <span class='ocrx_word' id='word_1_216' title='bbox 458 2714 587 2779; x_wconf 88' lang='lat' dir='ltr'>tantum,</span> <span class='ocrx_word' id='word_1_217' title='bbox 604 2700 735 2786; x_wconf 88' lang='lat' dir='ltr'>Spiritus</span> <span class='ocrx_word' id='word_1_218' title='bbox 762 2714 865 2765; x_wconf 87' lang='lat' dir='ltr'>autern</span> <span class='ocrx_word' id='word_1_219' title='bbox 881 2700 1018 2766; x_wconf 82' lang='lat' dir='ltr'>Sanctia</span> <span class='ocrx_word' id='word_1_220' title='bbox 1047 2701 1138 2768; x_wconf 86' lang='lat' dir='ltr'>Patre</span> 
     </span>
     <span class='ocr_line' id='line_1_30' title="bbox 147 2789 1137 2876; baseline 0.002 -21"><span class='ocrx_word' id='word_1_221' title='bbox 147 2818 152 2825; x_wconf 89' lang='grc'>·</span> <span class='ocrx_word' id='word_1_222' title='bbox 213 2803 243 2856; x_wconf 92' lang='lat' dir='ltr'>et</span> <span class='ocrx_word' id='word_1_223' title='bbox 266 2792 352 2856; x_wconf 88' lang='lat' dir='ltr'>Filio.</span> <span class='ocrx_word' id='word_1_224' title='bbox 376 2791 457 2872; x_wconf 81' lang='lat' dir='ltr'>Quia</span> <span class='ocrx_word' id='word_1_225' title='bbox 480 2790 572 2875; x_wconf 79' lang='lat' dir='ltr'>igitur</span> <span class='ocrx_word' id='word_1_226' title='bbox 596 2810 657 2854; x_wconf 90' lang='lat' dir='ltr'>una</span> <span class='ocrx_word' id='word_1_227' title='bbox 681 2790 721 2854; x_wconf 88' lang='lat' dir='ltr'>de</span> <span class='ocrx_word' id='word_1_228' title='bbox 749 2790 980 2875; x_wconf 81' lang='lat' dir='ltr'>operationibus</span> <span class='ocrx_word' id='word_1_229' title='bbox 1004 2789 1137 2876; x_wconf 87' lang='lat' dir='ltr'>Spiritus</span> 
     </span>
     <span class='ocr_line' id='line_1_31' title="bbox 213 2878 1137 2965; baseline 0 -22"><span class='ocrx_word' id='word_1_230' title='bbox 213 2878 316 2945; x_wconf 82' lang='lat' dir='ltr'>Sancti</span> <span class='ocrx_word' id='word_1_231' title='bbox 340 2893 384 2944; x_wconf 91' lang='lat' dir='ltr'>est</span> <span class='ocrx_word' id='word_1_232' title='bbox 407 2880 491 2965; x_wconf 90' lang='lat' dir='ltr'>quod</span> <span class='ocrx_word' id='word_1_233' title='bbox 514 2879 658 2964; x_wconf 90' lang='lat' dir='ltr'>loquatur</span> <span class='ocrx_word' id='word_1_234' title='bbox 681 2879 712 2941; x_wconf 92' lang='lat' dir='ltr'>iu</span> <span class='ocrx_word' id='word_1_235' title='bbox 735 2879 846 2942; x_wconf 87' lang='lat' dir='ltr'>sanetis</span> <span class='ocrx_word' id='word_1_236' title='bbox 869 2879 950 2958; x_wconf 84' lang='lat' dir='ltr'>viris,</span> <span class='ocrx_word' id='word_1_237' title='bbox 977 2891 1010 2943; x_wconf 93' lang='lat' dir='ltr'>ut</span> <span class='ocrx_word' id='word_1_238' title='bbox 1032 2891 1137 2959; x_wconf 87' lang='lat' dir='ltr'>osten-</span> 
     </span>
     <span class='ocr_line' id='line_1_32' title="bbox 212 2966 1134 3053; baseline 0.002 -21"><span class='ocrx_word' id='word_1_239' title='bbox 212 2988 281 3033; x_wconf 89' lang='lat' dir='ltr'>sum</span> <span class='ocrx_word' id='word_1_240' title='bbox 305 2980 361 3046; x_wconf 84' lang='lat' dir='ltr'>est,</span> <span class='ocrx_word' id='word_1_241' title='bbox 384 2981 508 3053; x_wconf 91' lang='lat' dir='ltr'>propter</span> <span class='ocrx_word' id='word_1_242' title='bbox 531 2968 590 3034; x_wconf 81' lang='lat' dir='ltr'>lroo</span> <span class='ocrx_word' id='word_1_243' title='bbox 629 2966 743 3032; x_wconf 90' lang='lat' dir='ltr'>dieitur</span> <span class='ocrx_word' id='word_1_244' title='bbox 767 2966 850 3051; x_wconf 86' lang='lat' dir='ltr'>quod</span> <span class='ocrx_word' id='word_1_245' title='bbox 873 2986 936 3031; x_wconf 88' lang='lat' dir='ltr'>non</span> <span class='ocrx_word' id='word_1_246' title='bbox 960 2967 1134 3053; x_wconf 85' lang='lat' dir='ltr'>loquitura</span> 
     </span>
     <span class='ocr_line' id='line_1_33' title="bbox 212 3055 1133 3143; baseline 0.003 -24"><span class='ocrx_word' id='word_1_247' title='bbox 212 3057 387 3143; x_wconf 88' lang='lat' dir='ltr'>semetipso,</span> <span class='ocrx_word' id='word_1_248' title='bbox 409 3056 481 3140; x_wconf 89' lang='lat' dir='ltr'>quia</span> <span class='ocrx_word' id='word_1_249' title='bbox 505 3077 522 3121; x_wconf 92' lang='lat' dir='ltr'>a</span> <span class='ocrx_word' id='word_1_250' title='bbox 545 3076 578 3121; x_wconf 91' lang='lat' dir='ltr'>se</span> <span class='ocrx_word' id='word_1_251' title='bbox 602 3076 665 3121; x_wconf 92' lang='lat' dir='ltr'>non</span> <span class='ocrx_word' id='word_1_252' title='bbox 705 3069 859 3141; x_wconf 89' lang='lat' dir='ltr'>operatur.</span> <span class='ocrx_word' id='word_1_253' title='bbox 882 3055 996 3120; x_wconf 84' lang='lat' dir='ltr'>Audire</span> <span class='ocrx_word' id='word_1_254' title='bbox 1030 3069 1133 3122; x_wconf 85' lang='lat' dir='ltr'>autem</span> 
     </span>
     <span class='ocr_line' id='line_1_34' title="bbox 211 3142 1131 3231; baseline 0.004 -24"><span class='ocrx_word' id='word_1_255' title='bbox 211 3144 307 3229; x_wconf 91' lang='lat' dir='ltr'>ipsius</span> <span class='ocrx_word' id='word_1_256' title='bbox 331 3158 376 3211; x_wconf 86' lang='lat' dir='ltr'>est</span> <span class='ocrx_word' id='word_1_257' title='bbox 408 3144 547 3231; x_wconf 88' lang='lat' dir='ltr'>aooipere</span> <span class='ocrx_word' id='word_1_258' title='bbox 569 3144 739 3221; x_wconf 87' lang='lat' dir='ltr'>seientiam,</span> <span class='ocrx_word' id='word_1_259' title='bbox 762 3144 842 3221; x_wconf 79' lang='lat' dir='ltr'>siout</span> <span class='ocrx_word' id='word_1_260' title='bbox 864 3157 895 3208; x_wconf 87' lang='lat' dir='ltr'>et</span> <span class='ocrx_word' id='word_1_261' title='bbox 917 3142 1131 3222; x_wconf 68' lang='lat' dir='ltr'>essentiatus</span> 
     </span>
     <span class='ocr_line' id='line_1_35' title="bbox 211 3232 1133 3319; baseline 0.003 -22"><span class='ocrx_word' id='word_1_262' title='bbox 211 3232 302 3297; x_wconf 89' lang='lat' dir='ltr'>Patre</span> <span class='ocrx_word' id='word_1_263' title='bbox 325 3246 354 3297; x_wconf 87' lang='lat' dir='ltr'>et</span> <span class='ocrx_word' id='word_1_264' title='bbox 378 3232 465 3307; x_wconf 87' lang='lat' dir='ltr'>Filio,</span> <span class='ocrx_word' id='word_1_265' title='bbox 490 3252 527 3297; x_wconf 94' lang='lat' dir='ltr'>eo</span> <span class='ocrx_word' id='word_1_266' title='bbox 552 3232 636 3319; x_wconf 86' lang='lat' dir='ltr'>quod</span> <span class='ocrx_word' id='word_1_267' title='bbox 660 3252 716 3297; x_wconf 90' lang='lat' dir='ltr'>nos</span> <span class='ocrx_word' id='word_1_268' title='bbox 740 3251 796 3318; x_wconf 90' lang='lat' dir='ltr'>per</span> <span class='ocrx_word' id='word_1_269' title='bbox 818 3232 957 3297; x_wconf 90' lang='lat' dir='ltr'>auditum</span> <span class='ocrx_word' id='word_1_270' title='bbox 973 3234 1133 3300; x_wconf 85' lang='lat' dir='ltr'>seientiam</span> 
     </span>
     <span class='ocr_line' id='line_1_36' title="bbox 212 3319 1134 3408; baseline 0.002 -24"><span class='ocrx_word' id='word_1_271' title='bbox 212 3322 390 3408; x_wconf 78' lang='lat' dir='ltr'>aeoipimus3</span> <span class='ocrx_word' id='word_1_272' title='bbox 413 3335 459 3385; x_wconf 89' lang='lat' dir='ltr'>est</span> <span class='ocrx_word' id='word_1_273' title='bbox 482 3322 564 3385; x_wconf 88' lang='lat' dir='ltr'>enim</span> <span class='ocrx_word' id='word_1_274' title='bbox 591 3335 775 3386; x_wconf 82' lang='lat' dir='ltr'>consuetum</span> <span class='ocrx_word' id='word_1_275' title='bbox 799 3320 830 3383; x_wconf 96' lang='lat' dir='ltr'>in</span> <span class='ocrx_word' id='word_1_276' title='bbox 854 3319 1009 3406; x_wconf 77' lang='lat' dir='ltr'>Scriptura</span> <span class='ocrx_word' id='word_1_277' title='bbox 1033 3334 1066 3385; x_wconf 91' lang='lat' dir='ltr'>ut</span> <span class='ocrx_word' id='word_1_278' title='bbox 1087 3320 1134 3386; x_wconf 87' lang='lat' dir='ltr'>di·</span> 
     </span>
     <span class='ocr_line' id='line_1_37' title="bbox 207 3407 1132 3496; baseline 0.006 -28"><span class='ocrx_word' id='word_1_279' title='bbox 207 3412 282 3475; x_wconf 77' lang='lat' dir='ltr'>uina</span> <span class='ocrx_word' id='word_1_280' title='bbox 306 3430 363 3496; x_wconf 92' lang='lat' dir='ltr'>per</span> <span class='ocrx_word' id='word_1_281' title='bbox 385 3408 513 3475; x_wconf 88' lang='lat' dir='ltr'>modurn</span> <span class='ocrx_word' id='word_1_282' title='bbox 539 3409 749 3475; x_wconf 88' lang='lat' dir='ltr'>humanorum</span> <span class='ocrx_word' id='word_1_283' title='bbox 773 3407 941 3474; x_wconf 88' lang='lat' dir='ltr'>tradantur.</span> <span class='ocrx_word' id='word_1_284' title='bbox 971 3408 1034 3474; x_wconf 88' lang='lat' dir='ltr'>Neo</span> <span class='ocrx_word' id='word_1_285' title='bbox 1067 3428 1132 3475; x_wconf 72' lang='lat' dir='ltr'>mo</span> 
     </span>
     <span class='ocr_line' id='line_1_38' title="bbox 148 3494 1131 3586; baseline 0.003 -24"><span class='ocrx_word' id='word_1_286' title='bbox 148 3539 151 3543; x_wconf 92' lang='lat'><em>-</em></span> <span class='ocrx_word' id='word_1_287' title='bbox 213 3516 285 3564; x_wconf 87' lang='lat' dir='ltr'>vera</span> <span class='ocrx_word' id='word_1_288' title='bbox 308 3510 428 3586; x_wconf 87' lang='lat' dir='ltr'>oportet</span> <span class='ocrx_word' id='word_1_289' title='bbox 459 3494 541 3583; x_wconf 87' lang='lat' dir='ltr'>quod</span> <span class='ocrx_word' id='word_1_290' title='bbox 580 3496 653 3561; x_wconf 89' lang='lat' dir='ltr'>dieit</span> <span class='ocrx_word' id='word_1_291' title='bbox 687 3497 803 3577; x_wconf 82' lang='lat' dir='ltr'>audiet,</span> <span class='ocrx_word' id='word_1_292' title='bbox 837 3497 933 3583; x_wconf 89' lang='lat' dir='ltr'>quasi</span> <span class='ocrx_word' id='word_1_293' title='bbox 958 3496 998 3565; x_wconf 87' lang='lat' dir='ltr'>ds</span> <span class='ocrx_word' id='word_1_294' title='bbox 1031 3494 1131 3571; x_wconf 88' lang='lat' dir='ltr'>luturo</span> 
     </span>
    </p>
   </div>
   <div class='ocr_carea' id='block_1_2' title="bbox 0 0 1246 3975">
    <p class='ocr_par' dir='ltr' id='par_1_4' title="bbox 0 0 1246 3975">
     <span class='ocr_line' id='line_1_39' title="bbox 0 0 1246 3975; baseline 0 2"><span class='ocrx_word' id='word_1_295' title='bbox 0 0 1246 3975; x_wconf 95' lang='lat' dir='ltr'> </span> 
     </span>
    </p>
   </div>
  </div>
 </body>
</html>
