2484 3975
215 247 281 314 502
591 267 762 312 oruscvuuu
1104 327 1109 334 ι

210 335 324 402 scibilia
341 335 548 420 cognitionem
564 335 684 401 deesse.
704 334 846 420 Cognitio
858 347 960 400 autem
974 329 1149 421 cujuslibet

210 425 424 509 cognoscentis
448 439 493 489 εει
517 425 690 491 seeundum
714 419 1046 493 modumsubstantiae
1063 423 1148 508 ejus,

208 515 287 580 sieut
310 527 340 578 ει
369 510 527 598 quaelibet
556 515 695 600 operatio
719 528 763 577 εει
799 513 970 577 secundum
1009 514 1146 579 modum

211 603 375 690 operantis.
398 602 493 667 Multo
523 604 616 685 igitur
638 603 737 688 magis
760 601 863 667 divina
888 603 1034 686 cognitio,
1059 623 1148 688 quae

209 706 255 757 εει
284 691 351 776 ejus
388 691 570 771 substantia,
608 703 655 756 εει
695 689 866 756 secundum
906 691 1148 757 modumtesso

209 781 317 866 ipsius.
351 780 424 845 Esse
446 794 552 844 autem
575 779 644 866 ejus
667 794 713 845 εει
736 801 845 853 unum,
868 779 1008 866 simplex,
1042 778 1146 846 lirum

210 884 240 935 et
261 883 434 935 aeternum.
457 868 603 954 Sequitur
626 889 701 952 ergo
725 869 808 955 quod
836 869 930 945 Deus,
966 889 1029 933 uno
1063 870 1145 933 sim-

210 958 281 1046 plici
305 959 428 1031 iutuitu,
452 974 610 1023 aeternam
643 973 673 1024 ει
696 957 788 1023 irtam
812 957 851 1024 de
874 957 1019 1022 omnibus
1055 959 1143 1023 noti·
1232 1027 1233 1032 χ

213 1047 285 1113 tiam
309 1046 433 1112 babent.
665 1102 670 1110 .

275 1136 384 1201 Adbuc
406 1149 521 1212 autem,
543 1133 575 1198 id
598 1135 682 1220 quod
710 1135 897 1200 abstractum
922 1148 968 1199 est
991 1155 1055 1200 non
1079 1155 1141 1220 po·

171 1249 176 1260 ¹
212 1237 269 1288 test
291 1245 358 1289 esse
382 1223 439 1288 nisi
464 1244 560 1288 unum
585 1224 616 1288 in
640 1245 826 1310 unaquaque
857 1237 977 1298 natura3
1001 1225 1025 1288 si
1050 1227 1139 1290 enim

175 1344 178 1353 ¹
209 1313 319 1378 albedo
344 1325 445 1398 posset
468 1332 537 1376 esse
560 1313 721 1390 abstracta,
744 1313 808 1379 sola
834 1333 893 1378 una
918 1326 998 1376 esset
1022 1311 1139 1378 albedo

206 1421 285 1488 quae
307 1401 459 1466 abstracta
482 1416 573 1478 esset,
603 1423 713 1466 omnes
743 1415 846 1466 autem
872 1403 950 1466 aliae
974 1399 1139 1467 albedines

206 1503 308 1556 essent
337 1511 405 1554 eam
438 1491 662 1577 participantes.
686 1491 737 1555 Sic
760 1491 864 1574 igitur,
887 1491 964 1555 sicut
986 1489 1051 1555 sola
1075 1489 1136 1556 Dei

204 1579 373 1668 substantie
396 1593 443 1643 εει
465 1579 566 1663 ipsum
590 1579 777 1644 abstractum
801 1599 879 1656 esse,
904 1581 944 1644 ita
968 1578 1032 1642 sola
1067 1578 1138 1662 ejus

204 1668 373 1734 substantia
397 1681 443 1732 est
465 1666 566 1752 ipsum
591 1668 765 1752 intelligere
789 1668 918 1733 omniuo
934 1667 1136 1732 abstractum.

206 1755 318 1822 Omnia
341 1757 433 1841 igitur
457 1755 525 1832 alia,
547 1757 626 1820 sicut
655 1758 770 1822 habeut
804 1777 872 1820 esse
905 1757 1137 1842 participatum,

205 1845 245 1910 ito
271 1845 480 1932 participative
513 1845 687 1931 intelligunt
710 1866 765 1910 seu
788 1845 1054 1932 qualitercumque
1078 1865 1130 1910 co·

205 1949 366 2019 gnoscunt.
390 1931 492 1999 Omne
515 1946 617 1999 etitem
650 1933 732 2019 quod
771 1937 914 1999 convenit
948 1933 1038 1999 alicui
1076 1954 1134 2020 per

206 2024 479 2111 perticipationem,
503 2022 666 2110 perfectius
690 2024 843 2088 invenitur
867 2025 896 2087 in
921 2044 959 2087 eo
982 2022 1069 2108 quod
1086 2038 1134 2088 εει

206 2113 266 2178 tale
293 2134 348 2199 per
377 2114 552 2190 essentiam,
575 2134 592 2177 a
617 2133 679 2199 quo
703 2113 763 2177 alia
787 2113 974 2177 derivantur.
999 2110 1133 2199 Oportet

205 2203 297 2286 igitur
313 2202 413 2266 Deum
431 2204 582 2280 omnium,
598 2222 615 2266 a
632 2202 880 2288 quibuscumque
892 2214 1133 2285 cognoscantur,

204 2292 413 2375 cognitionem
437 2290 562 2355 babere.
588 2290 674 2354 Unde
698 2305 728 2355 ει
759 2290 966 2376 Philosophus
1003 2310 1059 2376 pro
1085 2292 1133 2353 in-

204 2379 398 2445 convenienti
421 2377 513 2445 babet
536 2394 568 2443 ut
599 2379 713 2463 aliquid
741 2400 757 2443 u
783 2380 871 2443 nobis
895 2379 1054 2463 cognitum
1092 2380 1131 2443 sit

203 2468 271 2533 Deo
290 2469 461 2553 ignotum,
499 2480 532 2532 ut
559 2480 652 2554 pateta.
675 2468 715 2531 de
749 2469 866 2545 Artima,
904 2468 933 2541 l,
969 2483 999 2532 ει
1034 2466 1131 2532 Μειε-

226 2559 303 2633 hs,
334 2557 364 2621 5.
613 2562 617 2569 '

197 2580 223 2655 P
247 2579 353 2718 yltem,
376 2644 408 2709 Si
431 2644 514 2709 Deus
536 2644 673 2729 seipsum
697 2644 864 2729 cognoscit,
887 2640 1008 2731 oportet
1040 2644 1127 2730 quod

31 2727 33 2736 ’
201 2736 335 2822 perfecte
359 2748 524 2827 cognoscat
546 2754 590 2810 se,
614 2735 796 2818 praesertim
820 2733 902 2819 quie,
930 2738 955 2797 si
991 2752 1058 2817 etus
1083 2754 1131 2796 rn-

200 2824 338 2901 telligere
361 2837 406 2887 ert
429 2821 495 2905 ejus
518 2822 697 2899 substuutia,
720 2842 846 2887 neeesse
863 2837 909 2887 εει
924 2834 957 2886 ιιι
973 2821 1128 2907 quidquid

200 2929 246 2979 εει
270 2915 300 2977 in
324 2913 390 2994 ejus
413 2912 582 2976 substantie
608 2911 702 2995 ipsius
726 2911 902 2994 cognitione
917 2910 1127 2994 comprehen-

199 3001 301 3068 datur.
325 3001 554 3085 Cuiuscumque
576 3015 679 3063 autern
717 3000 759 3063 rei
797 2999 930 3084 perfecte
953 2998 1127 3063 substantia

199 3092 395 3176 cognoscitur
425 3108 551 3153 necesse
584 3090 677 3152 etiarn
714 3102 760 3153 εει
793 3100 826 3151 ιιι
861 3088 952 3151 virtus
990 3086 1128 3171 perfecte

197 3194 410 3265 cognoscetur.
427 3176 594 3261 Cognoscit
609 3178 702 3261 igitur
718 3174 852 3261 perfecte
864 3193 951 3241 stram
969 3177 1126 3240 virtutem.

199 3267 328 3355 Oportet
351 3269 444 3353 igitur
479 3266 563 3350 quod
586 3279 764 3349 eognoscat·
779 3266 881 3329 omnia
905 3264 943 3328 ad
968 3284 1048 3348 quae
1070 3285 1128 3329 sua

197 3359 294 3423 virtus
316 3355 498 3421 extenditur.
523 3354 585 3418 Sua
609 3370 711 3419 autem
744 3358 837 3419 virtus
872 3353 1048 3418 extenditur
1083 3352 1126 3418 ad

197 3466 291 3509 omne
313 3444 397 3529 quod
419 3458 465 3508 εει
487 3464 684 3527 quocumque
709 3444 802 3507 modo
827 3444 856 3505 in
881 3443 973 3507 rebus
989 3441 1037 3505 vel
1053 3462 1124 3507 esse

197 3546 308 3616 potest,
330 3534 392 3595 sive
414 3531 463 3595 sit.
475 3532 635 3617 proprium
650 3534 712 3597 rive
739 3549 915 3609 commuue,
931 3531 996 3597 sive
1012 3531 1126 3595 immet
