2484 3975
187 224 254 290 'ddi
567 243 739 295 oroscuturt

186 316 257 380 lacit
280 325 349 377 actu
371 312 491 379 album.
516 311 615 390 Unde,
638 313 763 398 quando
787 312 855 377 talis
878 309 978 377 lorma
1015 313 1122 399 acqui-

184 406 273 482 ritur,
297 424 359 466 nou
383 402 495 469 dicitur
516 404 658 487 garrerari
683 401 877 489 simpliciter,
915 400 970 467 sed
1009 422 1121 468 secuu-

185 493 262 559 dum
286 490 371 573 quid.

251 580 443 667 Relinquitur
464 599 539 664 ergo
562 579 645 665 quod
670 599 785 643 nomen
809 577 977 656 decentius,
990 579 1020 644 in
1045 580 1129 645 subv

182 671 301 734 stautiis
324 670 513 755 compositis,
535 668 686 753 significat
711 668 786 733 illud
810 668 894 754 quod
918 670 1023 733 estex
1050 688 1118 733 ma-

183 759 257 825 teria
281 772 311 823 et
334 758 433 822 lorma
456 759 673 841 compositum.
700 758 735 822 Et
759 756 830 821 lruic
856 757 998 843 positioni
1028 773 1118 823 sonat

183 847 312 912 terbum
336 847 446 925 Raetii,
468 849 498 911 in
523 846 697 912 Comment.
723 845 912 910 Praedicam.
939 846 973 928 (l.
999 846 1045 931 l),
1063 846 1117 913 ubi

182 935 361 1021 dicitquod
388 934 476 1001 εὐσὶα
497 936 648 1020 significat
673 935 892 1020 compositum.
915 934 1015 1000 Οὐσία
1031 936 1117 1001 enim

69 1102 74 1117 Ι
183 1026 265 1111 'apud
289 1025 434 1101 Graecos,
457 1025 541 1090 idem
563 1038 609 1089 est
640 1024 723 1109 quod
761 1024 893 1088 essentia
927 1024 1008 1110 apud
1048 1046 1117 1103 nos,

185 1128 219 1179 nt
240 1115 370 1201 ipsemet
392 1114 448 1198 (de
470 1113 599 1179 Duabus
623 1114 749 1189 naturis,
780 1134 806 1177 c.
831 1114 867 1198 5)
902 1111 1020 1179 latetur.
1045 1116 1116 1178 lvi-

182 1223 281 1269 ceona
312 1218 415 1269 autem
454 1202 528 1268 dicit
563 1202 647 1287 quod
683 1201 837 1288 quidditas
873 1202 1116 1268 substantiarum

182 1292 424 1378 compositarum
447 1305 496 1357 est
518 1292 791 1379 ipsocompositio
815 1290 934 1355 formae
958 1303 988 1355 ct
1019 1305 1117 1356 mate·

183 1381 258 1445 riae.
281 1380 514 1446 commentator
537 1394 641 1445 autem
665 1380 738 1445 dicit
762 1378 931 1465 lletaphys.
955 1381 1024 1444 72«
1055 1379 1116 1445 Na-

184 1483 252 1534 ture
277 1489 370 1554 qnam
394 1470 510 1534 nabent
533 1471 651 1557 specics
686 1470 716 1534 in
756 1469 848 1533 rebus
886 1467 1117 1553 generabilibus

183 1572 231 1623 est
250 1557 376 1644 aliquod
399 1558 550 1633 medium,
573 1559 652 1623 idest
674 1557 880 1644 compositum
910 1577 947 1621 ex
985 1560 1115 1623 materia

182 1660 229 1711 est
252 1646 397 1713 forma.»
429 1647 506 1712 Huic
531 1648 624 1711 etiarn
651 1650 727 1711 ratio
751 1644 927 1723 concordat,
950 1649 1020 1731 quia
1045 1667 1114 1711 esse

183 1736 373 1801 atrbstcntiae
395 1738 585 1822 compositae
607 1756 671 1800 non
695 1749 741 1801 est
765 1749 881 1799 tantum
914 1735 1033 1801 lormae
1057 1756 1115 1801 nec

184 1838 305 1890 tautum
331 1827 490 1899 materiae,
512 1825 566 1889 sed
591 1825 687 1910 ipsius
709 1824 882 1909 conspositi3
902 1824 1035 1889 essentia
1059 1844 1115 1890 au-

183 1928 246 1979 tem
254 1929 298 1979 est
320 1913 493 1979 secundum
511 1933 604 2000 quam
624 1935 672 1978 res
687 1913 797 1979 dicitur
811 1934 888 1977 csse.
897 1912 984 1978 Unde
995 1927 1118 2001 oportet

184 2016 219 2072 ut
240 2007 383 2081 essentia,
406 2023 467 2088 qua
491 2024 540 2069 res
563 2003 782 2068 denominatur
804 2023 870 2080 ens,
898 2023 960 2068 non
997 2017 1117 2069 tantum

182 2093 223 2157 sit
244 2091 343 2157 lorma
356 2108 425 2157 ‘uec
448 2106 566 2157 tantum
592 2095 731 2169 materia,
755 2090 809 2156 sed
830 2106 1119 2179 utrumque,quan·

184 2181 228 2246 ris
252 2180 429 2266 hujusmodi
455 2200 523 2246 esse
545 2182 609 2246 aive
634 2182 785 2246 essentiae
819 2180 883 2245 sola
921 2179 1021 2246 lorma
1058 2203 1118 2246 suo

183 2268 278 2336 modo
302 2270 341 2334 sit
364 2291 466 2336 causa:
497 2271 576 2335 sicut
600 2271 631 2334 in
668 2271 734 2334 aliis
772 2269 924 2348 videmus,
959 2290 1040 2356 quae
1077 2290 1117 2335 ex

182 2360 323 2445 pluribus
346 2359 503 2446 principiis
525 2360 765 2435 constituuntur,
788 2359 871 2444 quod
900 2379 948 2422 res
972 2379 1034 2423 non
1059 2357 1114 2423 de-

183 2448 386 2513 nominantur
408 2468 445 2512 ex
468 2447 564 2512 altero
589 2448 713 2512 illorum
738 2448 958 2534 principiorum
995 2461 1116 2513 tantum

181 2536 238 2603 sed
260 2536 300 2601 ab
322 2556 361 2601 eo
384 2536 467 2622 quod
490 2551 658 2622 utrumque
692 2535 921 2621 complectitur,
961 2549 993 2601 ut
1031 2548 1115 2623 patet

183 2625 215 2690 io
237 2625 411 2711 saporibus,
434 2627 505 2711 quia
530 2645 567 2689 ex
592 2625 714 2689 actione
737 2624 827 2690 calidi
851 2625 1018 2708 digerentis
1053 2626 1113 2689 ltu·

184 2713 304 2780 cnidum
327 2727 472 2778 causatur
501 2713 644 2778 dulcedo:
679 2726 710 2777 et
747 2715 889 2797 quamvis
924 2715 984 2779 hoc
1019 2713 1116 2779 modo

182 2801 267 2867 calor
289 2803 328 2868 sit
350 2823 443 2867 causa
465 2802 648 2874 dulcedinis.
672 2823 734 2867 non
758 2817 860 2867 tamen
895 2802 1117 2867 denominatur

183 2911 298 2973 corpus
321 2890 412 2955 dulce
434 2912 452 2956 a
475 2892 591 2968 calore,
614 2891 709 2956 seda
747 2911 857 2978 sapore
892 2893 944 2977 qui
979 2891 1116 2957 calidum

181 2993 214 3045 ct
237 2980 402 3045 humidum
430 2980 655 3065 complectitur.

250 3068 323 3144 Sed,
346 3070 418 3154 quia
442 3067 694 3133 individuationis
717 3068 901 3154 principium
915 3080 961 3132 cst
977 3068 1117 3144 materia,

182 3177 223 3222 ex
240 3155 300 3221 hoc
322 3156 401 3222 lorte
423 3156 544 3223 ridetur
566 3159 653 3242 sequi
678 3157 763 3243 quod
779 3156 922 3234 essentia,
936 3177 1015 3242 quae
1031 3175 1119 3222 com·

185 3245 327 3331 plectitur
348 3246 380 3310 in
403 3265 437 3310 re
460 3246 553 3311 simul
577 3259 608 3309 et
646 3244 780 3311 sormam
820 3246 881 3331 (l),
917 3245 956 3310 sit
993 3258 1114 3312 tantum

183 3333 376 3422 particularis
399 3347 429 3399 et
451 3354 515 3398 non
538 3335 728 3400 universalis.
765 3333 806 3399 Ex
839 3353 902 3420 quo
935 3346 1117 3420 sequeretur

238 3521 276 3592 (ll
293 3521 379 3589 &nul
396 3531 421 3580 et
437 3524 564 3595 fumum,
583 3528 600 3582 i.
626 3542 648 3582 e.
668 3527 779 3582 formam
796 3543 857 3582 curn
877 3525 1001 3581 materia.
