2484 3975
145 222 147 225 ’
212 221 278 287 284
435 243 493 288 cra.
520 242 934 291 instauraturum.

210 312 306 376 teriac
331 310 471 377 noudum
494 327 703 389 consecratam
726 312 856 377 Diaconi
879 327 982 378 autem
1006 310 1137 379 ulterius

212 400 328 465 itabant
341 401 465 487 aliquod
482 402 687 467 ministerium
700 422 794 486 super
806 401 1040 486 materiamjam
1058 421 1137 466 con·

210 502 373 561 secratam,
396 504 487 574 prout
510 491 692 575 sanguinem
717 491 827 557 Christi
856 489 1036 577 dispensant
1057 488 1139 554 iide-

211 577 302 653 iibus;
325 591 355 641 et
379 580 448 644 ideo
474 580 503 643 hi
528 594 590 644 tres
613 580 749 658 ordines,
772 580 888 645 scilicet
921 579 1139 653 sacerdotum.

210 666 420 733 Diaconorum
445 683 474 732 et
497 668 777 745 subdiaconorum,
791 670 869 733 sacri
886 670 1040 745 dicuntur,
1063 669 1138 753 quia

211 757 365 843 accipiunt
389 758 593 822 ministerium
619 758 825 844 superaiiqua
838 777 935 822 sacra.
953 757 1141 823 Deserriuut

210 846 303 910 etiam
329 846 506 929 superiores
529 846 654 910 ordines
678 847 709 911 in
744 848 980 933 praeparatione
1017 846 1140 930 popuii3

212 934 295 999 unde
318 948 348 998 et
373 934 559 1000 Diaconibus
581 936 784 1000 committitur
806 935 1140 1020 evangeiicadoctrina

211 1024 326 1107 populo
341 1024 552 1109 proponenda,
580 1023 829 1089 Subdiaconibus
853 1024 1030 1109 apostolica,
1059 1024 1139 1087 Aco-

211 1110 303 1197 iythis
316 1126 348 1175 ut
362 1114 441 1177 circa
451 1128 617 1198 utrumque
630 1112 795 1177 exhibeant
807 1112 890 1198 qttod
901 1112 1140 1199 pertinetadso·

120 1252 123 1257 .
213 1200 403 1266 ieiunitatem
428 1201 598 1277 doctrinae,
622 1218 654 1267 ut
677 1202 794 1267 scilicet
806 1201 972 1267 luminaria
995 1200 1140 1267 deferant

211 1302 245 1354 ct
265 1289 324 1354 alia
350 1290 527 1375 hujusmodi
555 1290 781 1358 administrent.

503 1468 676 1536 CAPUT
710 1467 840 1536 cxxvi.

212 1629 214 1633 .
275 1591 321 1655 De
344 1592 515 1677 episcopali
538 1593 703 1695 dipuituta
727 1603 756 1655 et
776 1592 863 1676 quod
879 1592 913 1657 iu
938 1612 1073 1659 eatinus
1152 1627 1154 1630 ·

564 1694 605 1747 sat
628 1701 779 1747 sumanus.

208 1856 210 1865 ν
277 1820 356 1903 Quia
380 1841 453 1886 vero
478 1821 618 1886 omnium
634 1820 747 1885 horum
765 1820 911 1886 ordinum
928 1820 1051 1887 collatio
1067 1844 1142 1891 cum

208 1910 345 1992 quodam
368 1926 561 1975 sacramento
587 1908 757 1996 perficitur,
791 1926 825 1974 ut
859 1910 977 1975 dictum
1013 1925 1061 1976 est
1086 1918 1143 2000 (c.

208 2000 290 2075 ila),
313 2014 506 2064 sacramenta
530 2019 604 2063 reru
630 1999 783 2064 Ecclesiae
821 2015 894 2064 sunt
929 2021 986 2086 per
1019 2001 1144 2088 aliquos

208 2089 366 2154 ministros
391 2089 543 2153 Ecclesiae
567 2088 788 2182 dispensanda,
815 2089 889 2153 ideo
929 2109 1057 2154 necesse
1094 2106 1144 2156 est

208 2176 343 2261 aliquam
368 2178 562 2264 superiorem
589 2191 771 2262 potestatem
789 2198 857 2242 esse
880 2178 911 2242 in
929 2178 1142 2255 Ecclesiaeli·

210 2265 299 2352 cujus
322 2267 436 2330 altioris
453 2267 624 2345 ministerii'
639 2285 719 2351 quae
731 2266 848 2331 ordinis
870 2283 1139 2335 sacramentorum

208 2354 377 2440 dispensam
402 2369 433 2418 et
457 2356 531 2420 iraec
556 2368 601 2418 est
625 2355 807 2440 episcopalis
821 2370 966 2441 potestas,
979 2377 1069 2440 quae,
1081 2359 1140 2422 etsi

212 2458 362 2529 quantum
386 2443 513 2529 quidem
532 2443 571 2507 ad
588 2445 853 2509 consecrationem
870 2446 1008 2530 corporis
1024 2444 1136 2511 Christi

210 2553 274 2604 non
297 2531 425 2598 excedat
447 2531 615 2598 sacerdotis
649 2545 843 2618 potestatem,
877 2534 997 2598 excedit
1031 2547 1136 2601 tamen

209 2641 278 2686 eam
304 2623 333 2686 in
359 2621 405 2686 iris
429 2642 508 2707 qnae
533 2621 690 2706 pertiueut
712 2620 751 2685 ad
776 2621 894 2694 iideics;
918 2643 990 2687 nam
1014 2624 1136 2710 etipsa

209 2711 406 2776 sacerdotalis
425 2724 556 2795 potestas
572 2730 611 2776 ax
628 2710 792 2797 episcopali
809 2710 976 2788 derivatur,
1000 2726 1032 2775 et
1045 2712 1137 2798 quid·

210 2798 284 2879 quid
309 2799 441 2863 arduum
466 2799 546 2864 circa
571 2797 722 2884 populum
761 2798 885 2864 fidelem
910 2814 956 2864 est
978 2802 1137 2882 agendum

209 2886 366 2972 Episcopis
390 2901 574 2964 reservatur,
597 2907 730 2970 quorum
754 2889 935 2952 auctoritate
958 2889 1051 2954 etiam
1087 2909 1141 2955 sa·

209 2975 350 3041 cerdotes
363 2989 490 3062 possunt
504 2975 586 3059 quod
601 2974 645 3039 eis
659 2975 815 3060 agendum
828 2978 1042 3055 committitur3
1054 2978 1140 3043 uude

210 3077 240 3129 et
264 3065 295 3128 iu
321 3066 471 3150 hisquae
495 3065 672 3128 sacerdotes
695 3079 790 3148 agunt
815 3080 942 3130 utuntur
965 3066 1059 3131 rebus
1083 3088 1141 3153 per

209 3153 395 3240 Episcopum
419 3152 615 3228 consecratis,
642 3165 675 3216 ut
698 3155 729 3218 in
754 3153 962 3219 Eucharistiae
977 3176 1141 3221 consecra·

208 3243 292 3308 tione
317 3257 445 3306 utamur
467 3240 655 3306 corasecratis
678 3263 734 3329 per
758 3242 940 3330 Episcopum
964 3245 1071 3319 calice,
1095 3245 1140 3310 ai-

209 3331 265 3396 tari
290 3343 321 3394 ct
345 3330 442 3414 paliis.
467 3329 517 3394 Sic
541 3331 634 3413 igitur
658 3331 856 3397 manifestum
879 3333 1031 3417 estquod
1055 3354 1142 3399 sum·

207 3441 257 3486 ma
285 3432 421 3504 potestas
445 3419 606 3501 regiminis
630 3418 731 3487 fideus
746 3421 850 3508 popuii
874 3421 913 3486 ad
930 3422 1141 3510 episcopalem

207 3508 344 3595 partinet
368 3507 560 3592 dignitatem.
788 3529 790 3533 ’
