2484 3975
341 241 379 288 na
402 241 586 290 auasxsnrns
608 243 764 290 sarnatus
947 227 1013 292 509

93 309 202 375 tionem
226 329 299 376 aero
322 325 405 378 tanto
429 315 549 379 ridetur
583 335 661 378 esse
689 312 880 399 prouidentia
911 317 1013 400 perle-

91 399 164 464 ctior
186 415 303 487 quanto
326 403 490 489 provideas
514 423 568 490 per
593 403 681 490 plura
713 401 813 466 aredis
839 416 869 465 et
892 403 1012 471 diuersa

91 490 208 573 agentia
232 491 433 556 universalius
455 505 569 558 mouet.
593 493 713 556 Divina
733 491 826 574 igitur
850 492 1012 577 providen-

91 577 128 642 tie
151 578 244 643 babet
279 579 511 666 dispositionem
551 579 777 665 intelligibilem
802 581 943 645 omnium
983 597 1014 647 et

88 667 289 751 singulorum,
321 671 484 756 exequitur
506 689 579 735 vero
602 670 748 756 disposita
777 689 832 755 per
864 669 1012 753 plurimes

88 768 118 818 et
140 757 237 820 turias
257 777 376 835 esusas,
401 761 482 823 inter
503 779 580 844 quaa
602 758 775 844 spirituales
799 757 1011 837 substantiae,

89 863 162 928 quus
183 846 316 930 Angelos
338 847 480 924 dicimus,
503 851 622 935 primae
638 867 748 912 causae
773 848 1010 932 propinquiores

88 935 259 1012 existentes,
297 936 501 1002 universalius
524 937 658 1002 divinam
692 937 917 1022 providentiam
941 959 1011 1003 exc·

88 1039 208 1106 quntur.
231 1023 309 1089 Sunt
332 1025 425 1108 igitur
461 1026 569 1110 Angeli
608 1023 797 1089 universales
831 1040 1011 1092 executores

86 1111 204 1176 divinae
228 1113 458 1198 providentiae:
482 1114 617 1179 undeet
640 1113 797 1198 signanter
820 1113 954 1198 Angeli,
978 1119 1008 1182 id

86 1212 131 1264 cst
152 1203 262 1280 nuntii,
284 1202 503 1282 nominantur,
526 1204 705 1268 nuntiorum
744 1203 827 1269 eninr
856 1218 902 1269 est
936 1225 1009 1270 exe·

84 1289 192 1376 quiea
215 1309 295 1376 quae
318 1311 335 1356 a
358 1291 493 1358 Domino
516 1292 732 1380 disponuntur.

405 1468 577 1535 CAPUT
612 1468 677 1535 XV.

118 1641 237 1726 Solatia
259 1646 437 1731 minorum
456 1647 693 1750 praedicturum
715 1665 773 1731 pro
793 1646 959 1731 proedicto

482 1757 636 1821 opinione.

147 1911 200 1977 llis
222 1912 314 2015 igitur
337 1914 430 1994 aisis,
452 1913 541 1980 lecile
564 1927 610 1979 est
636 1912 701 2001 jam
739 1912 777 1978 ad
817 1911 1005 2000 objectiones
1113 1939 1117 1952 ·

77 2021 171 2087 supra
194 2006 307 2088 positas
330 2006 528 2090 respondere.

145 2090 212 2155 Nou
235 2106 281 2157 est
303 2093 386 2156 enim
411 2114 519 2158 verum
536 2091 620 2178 quod
645 2092 744 2178 prima
760 2092 839 2156 ratio
862 2108 1004 2179 praeten-

76 2177 181 2259 debat,
205 2180 394 2245 intellectum
418 2181 478 2246 Dei
501 2195 531 2245 et
546 2181 733 2265 Angelorum
750 2181 915 2266 singularia
939 2199 1002 2245 non

72 2288 166 2353 posse
188 2288 386 2354 cognoscere,
408 2272 432 2335 si
456 2270 629 2335 intellectus
652 2272 806 2333 bumenus
829 2290 865 2333 eu
888 2288 1005 2353 cogno·

72 2378 161 2421 scere
184 2378 246 2423 non
270 2374 378 2461 potest.
403 2360 438 2423 lit
462 2373 494 2424 ut
517 2359 584 2445 ejus
607 2358 799 2423 differentiae
828 2358 1002 2425 evidentius

71 2462 220 2533 appareat
243 2448 331 2525 ratio,
354 2448 612 2513 considerandum
636 2447 787 2531 estquod
818 2448 1002 2550 cognitionis

71 2537 152 2600 ordo
176 2548 223 2600 est
245 2537 415 2602 seeundum
440 2536 671 2637 proportionem
695 2534 812 2601 ordinis
835 2536 887 2621 qui
917 2537 1002 2601 iuve-

70 2624 158 2689 nitur
180 2625 212 2689 in
235 2625 328 2689 rebus
350 2627 521 2691 seeundum
545 2644 614 2691 esse
637 2624 798 2727 ipsarpm3
822 2625 852 2687 in
887 2624 946 2688 boc
968 2644 1001 2687 e-

68 2716 138 2777 nim
175 2712 324 2801 perfectio
359 2727 389 2777 et
422 2716 533 2779 veritas
566 2714 749 2798 cognitionis
784 2712 883 2778 existit
917 2712 999 2799 quod

68 2821 180 2867 rerum
203 2805 396 2887 cognitarum
430 2804 663 2869 similitudinem
693 2802 815 2867 babeat.
839 2801 872 2865 ln
907 2803 1000 2867 rebus

67 2905 178 2957 eutem
204 2891 270 2955 talis
294 2892 372 2956 ordo
395 2895 549 2957 invenitur
571 2893 655 2979 quod
678 2893 837 2977 superiora
861 2891 891 2954 in
921 2891 1000 2955 enti-

66 2982 129 3046 bus
155 2980 359 3045 universalius
382 3000 451 3046 esre
465 2995 496 3047 et
511 2982 680 3047 bonitatem
698 2980 824 3057 babent,
845 2998 908 3044 non
933 2982 1001 3066 qui·

66 3070 143 3133 dem
168 3070 210 3133 ita
233 3068 317 3155 quod
339 3070 497 3135 obtineant
532 3090 601 3135 esse
630 3084 662 3134 et
694 3068 863 3135 bonitatem
897 3068 997 3133 solum

65 3159 245 3223 secundum
269 3159 420 3223 rationem
454 3178 668 3238 communem,
700 3170 792 3244 prout
826 3157 1000 3223 universale

64 3248 185 3311 dicitur
207 3246 290 3334 quod
315 3247 354 3310 de
368 3248 506 3334 pluribus
523 3248 727 3334 praedicatur,
742 3250 797 3311 sed
814 3246 884 3332 quio
908 3248 1001 3332 quid·

64 3336 145 3423 quid
169 3336 201 3401 in
226 3335 424 3402 inferioribus
446 3336 602 3402 invenitur
625 3336 655 3401 in
679 3334 890 3422 superioribus
920 3338 998 3400 eriri·

62 3425 197 3492 uentius
234 3425 353 3501 existit;
378 3439 409 3491 et
432 3425 492 3490 boc
514 3445 570 3491 ess
592 3427 702 3491 uirtute
725 3425 880 3510 operativa
919 3444 1007 3511 quac*

63 3531 114 3582 est
139 3515 174 3581 in
197 3513 289 3582 rebus
312 3527 448 3604 apparet.
471 3514 550 3583 Nem
574 3514 721 3584 inleriota
743 3513 776 3579 in
798 3514 921 3585 entibus
944 3516 1001 3581 bu-
