2484 3975
338 239 394 285 rra.
418 237 458 283 ru.
481 237 545 283 can.
569 238 649 299 uuirt.
674 237 710 283 ar
734 236 792 282 uix.
969 216 1035 282 etl·

104 307 150 374 ria
172 307 303 372 naturali
325 308 416 386 vitae,
431 309 503 391 quia
525 307 595 372 sine
619 307 666 372 uis
691 307 750 371 uita
775 304 944 390 corporalis
967 327 1034 392 per-

104 397 154 462 liei
177 415 240 461 non
263 407 375 482 potesta
398 395 480 461 unde
503 409 534 461 et
550 397 674 462 animae
713 398 917 480 vegetativos,
954 414 1035 479 quas

101 498 150 550 est
171 484 294 550 uiuendi
317 485 514 571 principium,
532 497 594 551 trea
611 485 691 550 vires
702 482 858 549 naturales
877 484 1036 568 assignan-

101 584 162 651 tur,
183 573 300 639 seilicet
326 574 513 659 generativa,
551 573 780 658 augmentative
813 585 844 637 et
878 572 1035 640 nutritivas

100 660 259 748 sanquis
282 662 432 748 contingit
452 662 578 749 aliquod
602 661 861 750 impedimentum
884 663 967 728 eirea
991 660 1034 724 ui·

101 761 164 816 tam
187 751 395 838 corporalem,
417 766 455 816 ea
477 771 541 837 quo
571 751 712 816 resulta
752 749 937 824 inllrmatur,
977 769 1034 836 per

99 838 243 905 recidens
266 839 475 906 necessarium
488 844 714 929 est-quartum,
741 837 826 926 quod
842 852 889 904 est
911 838 1033 904 sanatio

100 927 146 994 rei
171 927 303 994 eluentis
335 941 493 1013 aegrotae.

167 1016 219 1082 Sic
243 1017 335 1101 igitur
356 1032 388 1082 et
411 1018 442 1081 in
466 1017 527 1082 uita
550 1017 701 1104 spirituali
740 1015 880 1104 primum
900 1027 947 1082 est
969 1015 1032 1102 spi·

102 1105 222 1170 ritualia
259 1106 417 1189 generatio
451 1125 509 1193 per
539 1105 744 1194 baptismum
811 1104 949 1170 eundum
984 1117 1031 1170 est

102 1194 261 1280 spirituale
276 1210 479 1280 augmentum
493 1194 667 1280 perducens
682 1194 722 1260 ad
745 1214 781 1260 ro
859 1191 1031 1282 perlectum

102 1301 158 1369 per
179 1299 407 1355 sacramentum
429 1284 684 1360 oonlirmatiouis3
722 1285 846 1349 tertiam
871 1295 918 1348 est
940 1280 1030 1368 spiri·

102 1370 186 1437 ruale
208 1372 434 1438 nutrimentum
456 1391 513 1459 per
544 1371 753 1438 Eucharistiae
785 1384 1025 1446 saeramentunn

100 1475 193 1526 restat
213 1475 374 1549 quartum,
397 1461 481 1548 quod
504 1475 552 1526 est
572 1461 741 1548 spiritualia
761 1462 893 1539 sanatio,
914 1480 975 1547 qua
995 1461 1030 1528 fit

98 1549 148 1614 uel
162 1550 194 1615 in
216 1550 321 1615 anima
344 1565 465 1616 tantum
487 1570 544 1637 per
565 1549 773 1636 poenitentiae
786 1563 1029 1628 sacramentum,

97 1639 148 1703 vel
171 1659 208 1704 ex
233 1641 337 1704 anima
361 1639 519 1706 derivatur
538 1640 580 1704 orl
608 1659 734 1725 eorpus,
770 1637 896 1725 quando
933 1637 1028 1704 luerit

97 1741 324 1814 opportunum,
340 1745 396 1816 per
415 1743 587 1793 extremam
603 1729 795 1794 unctionem.
830 1726 912 1792 llaee
934 1725 1029 1812 igitur

95 1817 254 1901 pertinent
276 1816 316 1899 ad
339 1818 469 1904 eosqui
493 1819 525 1881 ia
548 1818 607 1882 vita
631 1815 781 1902 spirituaii
815 1818 1027 1904 propagantur

93 1917 128 1968 et
151 1905 383 1972 conseraaulur.

95 2026 99 2033 ·
165 1994 391 2082 Propapatoraa
415 2009 522 2060 autem
560 2010 591 2060 et
624 1993 821 2063 ordinatores
858 1992 1026 2081 corporalis
1060 2020 1061 2025 ¹

92 2082 177 2147 uitae
192 2085 365 2154 seeundum
387 2083 460 2149 duo
474 2084 685 2149 attenduntur:
710 2083 827 2149 seilicet
849 2084 1023 2153 seeundum

92 2170 253 2257 originem
274 2172 459 2252 naturalem,
480 2172 567 2260 quod
589 2173 630 2239 ad
656 2186 801 2259 parentes
868 2177 971 2249 rttnet.
993 2186 1025 2239 et

90 2260 269 2327 seeundum
294 2262 433 2347 regimen
456 2261 629 2349 politicum,
663 2282 719 2348 per
752 2281 793 2348 qu
874 2263 932 2327 rita
967 2263 1024 2327 lm·

92 2348 190 2415 minis
212 2350 340 2437 paoillea
363 2363 627 2428 conservatum-et
662 2353 721 2417 lroe
757 2351 889 2437 pertinet
913 2350 952 2415 ao
976 2371 1026 2416 re·

90 2456 150 2521 ger
172 2450 203 2503 et
213 2441 379 2526 principes.
402 2438 455 2505 Sia
488 2440 582 2526 igitur
614 2453 663 2505 est
697 2440 728 2505 in
764 2438 915 2526 spirituali
953 2441 1022 2504 uita.

90 2526 174 2590 Sunt
196 2532 280 2593 euim
304 2529 431 2615 quidam
466 2541 685 2615 propagatores
724 2542 754 2593 et
787 2541 1020 2593 conservatores

89 2614 367 2701 spiritualissime
403 2618 577 2683 aarumlum
615 2616 777 2703 spirituale
814 2616 1020 2683 ministerium
1083 2676 1085 2683 ,

89 2716 226 2784 rantum,
243 2706 287 2771 etl
325 2705 409 2793 quod
448 2705 583 2792 pertinet
618 2703 739 2771 ordinis
774 2718 1020 2783 suoramentunr;

89 2792 221 2878 quidam
244 2814 321 2859 uero
342 2795 516 2861 temdum
538 2793 733 2880 corporalem
773 2808 802 2859 ot
824 2794 1019 2881 spiritualem

90 2882 198 2961 simul,
221 2883 306 2969 quorl
330 2882 365 2949 fit
386 2904 444 2970 per
465 2897 695 2950 sacramentum
735 2881 935 2959 maumonii,
959 2904 1021 2970 quo

89 2971 138 3034 uir
160 2986 191 3037 et
209 2972 328 3039 mulier
349 2974 540 3039 conueniunt
572 2972 612 3036 arl
648 2970 768 3058 prolem
805 2972 1019 3057 generandam

89 3060 339 3127 et‘eduoaulam
360 3061 401 3127 atl
424 3062 543 3126 uotum
565 3061 716 3126 diuinum.
756 3060 758 3067 '

412 3175 588 3248 CAPUT
623 3178 697 3245 Llll.

436 3286 485 3353 De
508 3284 671 3371 baptismo.

156 3408 338 3475 Seounrlum
362 3410 422 3476 hoe
444 3409 537 3495 igitur
558 3428 709 3496 apparere
732 3423 844 3498 potest,
865 3411 1016 3477 oiroasu·

91 3514 248 3581 emiuenta
270 3500 401 3585 sioguln
413 3510 445 3562 et
455 3497 586 3598 elleptua
603 3500 746 3587 proprius
771 3498 1014 3587 uniuscujusque

156 3584 188 3655 S.
219 3588 273 3654 rt.
301 3588 446 3654 Sarranae
470 3587 550 3653 Plul.
575 3587 608 3653 ι’.
638 3589 668 3657 5.
910 3588 951 3655 16
