2484 3975
201 203 267 269 596
577 220 748 268 ornseunun

202 306 265 357 tam
289 310 370 379 qnae
400 290 460 358 sub
496 292 588 357 certis
621 288 870 355 dimensionibus
906 288 1130 354 consideratur.

202 381 284 446 Haeo
306 393 410 445 autem
436 382 563 446 materia
586 381 618 445 in
642 378 822 445 delinitione
845 378 1008 443 hominis
981 398 1132 463 ,·rnquan

203 484 270 535 tum
294 469 400 546 homo,
424 491 486 535 non
511 470 647 555 ponitur,
669 466 724 531 sed
748 481 915 552 poneretur
953 471 984 533 in
1020 466 1133 533 defini-

202 560 286 624 tione
309 558 500 634 Socratis,
476 580 500 624 st
525 558 667 623 Socrates
691 555 903 622 definitionem
928 556 1107 634 haberet3'
1100 577 1132 621 tn

203 646 384 713 definitione
407 662 510 714 antem
535 647 669 713 hominis
693 646 828 731 ponitur
857 647 984 713 materia
1009 667 1072 713 non
1095 644 1135 711 si·

203 749 308 819 grtata3
332 758 394 801 non
417 738 501 801 enim
525 737 555 801 in
579 735 761 800 definitione
785 734 919 799 hominis
935 736 1060 822 ponitur
1076 733 1136 798 hoo

205 846 241 889 os
263 840 294 889 et
317 827 393 891 haer
409 846 492 903 caro,
515 824 569 890 sed
594 844 630 889 os
654 836 685 888 et
707 844 779 889 earo
804 822 944 889 absolute
967 843 1048 911 qnae
1064 834 1137 889 sunt

205 916 333 979 materia
358 915 491 980 hominis
515 934 578 979 non
605 913 734 997 signata.

541 1038 715 1157 carun
755 1089 803 1155 m.
877 1039 879 1043 ’

274 1268 360 1333 Pater
384 1289 458 1351 ergo
483 1267 567 1353 quod
590 1267 724 1333 essentia
763 1267 898 1336 ho'miuis
936 1282 966 1334 et
1003 1270 1141 1335 Socratis

207 1379 269 1423 non
293 1358 439 1423 differunt
461 1358 518 1423 nisi
541 1358 713 1423 seeundum
737 1358 891 1442 signatum
914 1374 1019 1424 ernon
1035 1360 1141 1443 signa·

208 1462 284 1510 tum:
310 1448 393 1512 unde
416 1446 649 1511 Commentator
672 1447 745 1513 dieit
769 1446 963 1533 (Metanhys.,
987 1448 1024 1532 8)
1055 1447 1142 1533 quod

153 1549 165 1564 “
209 1535 351 1601 Socrates
374 1556 437 1604 non
461 1534 544 1599 atiud
568 1547 614 1600 est
638 1556 732 1621 qnam
756 1535 929 1601 animalitas
953 1549 982 1601 et
1004 1538 1142 1602 rationa-

206 1624 286 1701 litas,
301 1646 381 1711 quae
393 1639 464 1691 sunt
480 1624 634 1708 quidditas
647 1624 724 1708 ejus;
740 1624 818 1691 siout
833 1626 926 1689 etiarn
940 1627 1074 1691 essentia
1087 1646 1143 1709 go·

209 1714 293 1779 neris
305 1729 335 1780 et
351 1719 481 1780 essentia
496 1714 609 1798 speciei
622 1713 793 1779 seeundum
805 1714 959 1797 signatum
977 1728 1008 1779 et
1022 1734 1086 1779 uon
1104 1714 1145 1779 si·
1232 1724 1237 1731 '

209 1815 337 1885 gnatum
362 1803 517 1878 differunt,
541 1803 682 1887 quamvis
706 1802 783 1866 eiius
796 1802 907 1867 modus
920 1802 1145 1887 designationis

208 1892 247 1954 sit
280 1893 454 1979 utrobique,
493 1891 564 1977 quia
603 1890 775 1977 designatio
813 1890 961 1956 individui
1001 1906 1146 1978 respectu

208 1983 322 2066 speciei
347 1997 393 2046 est
417 2003 470 2067 per
494 1982 655 2048 materiam
680 1980 916 2048 determinatam
940 1982 1146 2048 dimensioni·
1240 2030 1241 2033 κ

211 2069 280 2144 bus,
303 2071 474 2152 designatio
497 2086 602 2135 autem
626 2071 739 2156 speciei
774 2086 916 2155 respectu
951 2074 1075 2156 generis
1098 2085 1148 2138 est
1240 2111 1241 2134 t

212 2178 267 2244 per
289 2160 494 2262 differentiam
519 2159 759 2237 constitutivam,
781 2179 861 2244 quae
899 2159 1061 2226 exterma
1099 2161 1145 2226 roi

211 2263 360 2332 sequitur.

257 2339 338 2402 Haeo
362 2352 464 2400 autem
488 2337 704 2402 determinatio
727 2337 774 2402 vel
792 2336 962 2422 designatio
997 2351 1149 2422 quaeest
1240 2333 1241 2340 '

211 2427 244 2493 in
267 2429 370 2512 speeie
396 2441 537 2511 respectu
560 2427 684 2510 generis
723 2440 854 2490 nonest
885 2447 940 2512 per
974 2427 1090 2513 aliquid
1116 2429 1149 2493 in

210 2517 345 2580 essentia
369 2517 482 2601 speciei
506 2517 640 2581 existens
665 2515 747 2600 qnod
773 2514 859 2580 nulio
877 2515 1013 2580 modoin
1039 2537 1151 2581 essen-

211 2606 251 2668 tia
276 2606 398 2688 generis
422 2607 471 2679 sit;
496 2607 559 2670 imo
582 2603 733 2692 quidquid
757 2617 801 2667 ost
826 2603 856 2667 iu
873 2609 976 2691 speeie
990 2618 1035 2669 est
1052 2606 1148 2670 etiam
1239 2667 1240 2674 ,

211 2693 242 2758 in
269 2714 394 2778 genere,
418 2708 450 2758 ut
475 2717 537 2759 non
562 2693 812 2758 determinatum.
836 2692 868 2757 Si
907 2694 989 2758 enirn
1030 2693 1150 2759 animal
1239 2759 1240 2776 ἢ

213 2802 277 2848 nou
301 2797 382 2848 esset
405 2796 505 2849 totum
528 2782 614 2868 quod
638 2795 684 2846 est
709 2781 814 2858 horno,
837 2781 890 2848 sed
904 2803 976 2868 pars
992 2782 1150 2868 ojns‚non
1238 2777 1240 2864 {

213 2873 444 2956 praedicaretur
466 2873 507 2937 de
529 2893 579 2949 eo,
601 2891 674 2936 oum
699 2870 782 2936 nulla
807 2889 877 2958 pars
891 2873 1048 2955 integratis
1061 2892 1153 2958 prae·
1238 2893 1239 2900 ¹

215 2961 337 3026 dicetur
360 2961 400 3024 de
422 2983 478 3025 sno
503 2975 575 3026 toto.

280 3050 344 3114 Hos
368 3064 471 3114 autem
496 3047 655 3136 quomodo
679 3048 835 3132 contingat
859 3048 956 3114 sideri
989 3061 1100 3134 potest,
1123 3051 1149 3115 si

221 3140 398 3226 inspiciatur
435 3159 548 3224 eorpus
584 3135 757 3202 secundnm
797 3137 880 3222 quod
916 3139 1040 3224 ponitur
1079 3158 1151 3222 pars

214 3229 358 3293 animalis
381 3244 412 3292 et
434 3227 609 3292 seeundum
634 3224 717 3310 quod
732 3226 976 3312 poniturgertus3
989 3225 1150 3290 nonenim

216 3331 316 3403 potest
339 3317 398 3380 dioi
424 3337 462 3383 eo
486 3316 580 3381 modo
603 3336 672 3380 esse
696 3335 794 3398 genus
817 3335 879 3402 quo
903 3328 949 3382 est
975 3336 1046 3402 pars
1069 3315 1151 3379 inte·
1237 3351 1238 3394 3

214 3406 319 3490 gratis.
346 3405 409 3468 Hae
437 3405 528 3489 igitur
552 3425 666 3469 nomon
691 3403 774 3490 quod
798 3419 843 3471 est
867 3425 976 3488 carptis
1003 3403 1150 3489 multipli·
1237 3449 1238 3452 κ

215 3495 290 3558 citer
316 3493 411 3580 accipi
438 3506 550 3580 potsse
573 3512 686 3580 corpus
710 3493 805 3573 enim,
820 3492 1086 3581 secundumquod
1103 3507 1152 3562 est
