2484 3975
248 272 304 316 uto.
329 270 366 316 n.
389 272 454 318 can
473 273 551 319 xciv.
576 274 612 318 aa
637 276 702 321 xcv.
881 256 940 321 dil

75 353 96 407 st
117 338 340 428 separationem
364 340 403 405 ad
427 341 647 409 beatitudinem
679 363 741 408 non
760 345 943 429 perueniunt

75 444 207 496 atamen
230 442 301 494 sunt
324 428 497 511 damnatae;
519 433 597 497 sicut
620 433 690 499 illae
716 451 796 517 quae
834 452 941 501 secum

75 519 140 606 puid
164 518 324 606 purgabile
348 517 499 598 delerant,
524 534 556 586 ut
580 522 758 588 dictumest
782 522 835 606 (c.
859 521 945 607 91),

76 609 252 675 endendum
277 619 321 671 est
345 607 428 690 quod
452 629 509 674 nec
544 611 638 675 etiarn
679 609 855 694 bujusmodi
880 613 945 676 ani·

75 718 107 775 e,
130 711 291 785 postquam
308 693 420 762 luerint
450 718 612 786 acorpore
629 712 800 787 separatae,
816 714 946 786 possunt

75 788 196 853 undum
220 787 407 852 voluntatem
431 788 553 853 mutari

94 876 258 941 beatorum
282 873 365 937 enim
389 886 418 939 et
442 878 659 942 damnatorum
682 878 803 941 animae
831 876 948 943 babent

75 964 221 1030 mobilem
246 966 433 1031 voluntatem
455 983 493 1028 er
516 964 578 1030 fine
600 966 649 1030 cui
673 965 889 1043 adhaeserunt,
913 982 948 1032 ut

91 1055 178 1119 dictis
200 1068 292 1141 patet
323 1055 383 1121 Sed
419 1053 540 1118 animae
578 1074 657 1142 quae
692 1074 797 1121 aecum
830 1054 946 1141 aliquid

75 1143 190 1227 rgabile
212 1142 385 1210 delerant
377 1164 407 1209 m
432 1141 493 1206 fine
517 1163 579 1208 non
609 1143 785 1228 discrepant
816 1142 856 1207 ab
879 1144 947 1208 aoi-

74 1231 141 1296 rbus
163 1232 270 1309 beatis3
293 1233 446 1299 decedunt
468 1231 551 1295 enirn
590 1251 660 1295 oum
695 1232 852 1308 charitate,
890 1252 946 1318 per

75 1341 123 1384 am
148 1321 345 1387 inhaeremus
369 1323 436 1387 Deo
461 1336 493 1384 ut
515 1320 776 1402 linillrgoetiam
800 1321 949 1406 ipsaemet

75 1408 221 1474 mobilem
244 1411 432 1478 uoluntatem
457 1408 623 1475 habebunt.

338 1573 509 1653 cleda
551 1586 639 1654 XCV.

75 1778 94 1827 e
117 1784 213 1829 causo
234 1764 497 1831 immutabilitatis
519 1766 720 1829 communiter
741 1765 774 1827 io
794 1764 940 1831 omnibus

128 1853 303 1934 uairnubua
322 1866 394 1939 post
415 1855 645 1939 separationem
669 1876 689 1918 o
712 1874 849 1937 corpore.

97 2030 189 2112 Quod
213 2045 315 2097 autem
340 2053 377 2098 ex
401 2034 462 2099 fine
485 2033 515 2096 in
540 2032 684 2097 omnibus
722 2031 883 2098 animabus
904 2054 952 2100 se·

76 2121 144 2184 ratis
159 2135 315 2207 sequatur
335 2121 533 2187 immobilitas
556 2120 735 2200 uoluntatis,
757 2122 801 2185 sic
823 2123 952 2189 manile-

76 2229 110 2272 m
136 2229 203 2274 esse
228 2223 335 2294 potest.

98 2297 181 2379 Finis
204 2300 298 2376 enim,
321 2299 489 2364 ut‘dictum
528 2309 574 2362 est
596 2297 652 2380 (c.
675 2299 757 2383 93),
789 2319 822 2363 se
854 2299 949 2368 babet

85 2386 255 2472 appetitivis
278 2388 356 2452 siout
379 2388 476 2472 prima
500 2388 648 2474 principia
678 2385 947 2456 demonstrationis

85 2475 286 2560 speculativis.
312 2475 493 2560 Huiusmodi
518 2489 621 2540 autem
651 2475 799 2562 principia
824 2491 946 2543 natura·

77 2583 99 2628 er
121 2578 358 2647 cognoscuntur,
380 2577 411 2630 et
448 2583 534 2628 error
567 2563 619 2648 qui
653 2564 734 2630 circa
768 2564 945 2650 hujusmodi

81 2653 179 2737 ncipia
204 2652 355 2718 accideret
376 2673 413 2718 et
436 2653 634 2740 corruptione
655 2666 783 2718 naturae
806 2656 947 2740 proveni-

80 2769 88 2817 3
110 2740 194 2804 unde
217 2761 278 2806 raon
303 2757 405 2825 posset
428 2742 521 2806 borno
546 2741 656 2806 mutari
680 2741 719 2806 de
757 2763 828 2806 vera
862 2763 948 2809 acce·

78 2848 137 2894 ono
159 2828 379 2916 principiorum
403 2831 433 2895 in
458 2829 564 2895 lalsam
581 2844 642 2896 ,aut
664 2849 681 2894 e
708 2850 867 2908 converso,
890 2833 948 2898 nisi
982 2868 984 2872 ·

79 2937 88 2981 r
117 2918 319 2983 mutationem
354 2934 493 2996 naturam
526 2939 588 2984 nun
624 2932 726 2983 tamen
761 2920 812 3004 qui
847 2935 952 2986 ercam

79 3027 112 3071 ca
137 3007 283 3091 principia
307 3008 445 3073 reuocari
469 3019 596 3094 possunt
620 3027 676 3092 per
700 3007 801 3091 aliqua
822 3010 952 3074 certiora

79 3110 111 3160 ut
134 3108 294 3160 revocatur
317 3097 412 3161 bomo
435 3096 474 3161 ab
497 3116 603 3161 errore
627 3095 679 3180 qui
709 3108 754 3159 est
777 3098 858 3161 eirca
881 3118 955 3162 con·

80 3184 199 3260 tsiones;
222 3197 252 3248 et
275 3185 415 3250 similiter
437 3205 493 3249 nec
517 3197 618 3271 posset
641 3183 750 3268 aliquis
773 3205 790 3248 a
812 3205 884 3248 uera
906 3205 955 3251 ac-

80 3274 175 3335 itione
199 3273 418 3375 pripeipiorum
444 3293 499 3358 per
523 3272 625 3357 aliqua
648 3272 747 3373 magis
776 3275 955 3357 apparentia

80 3360 151 3424 luci.
176 3361 256 3426 Sic
248 3363 342 3446 igitur
376 3373 461 3426 etse
500 3361 592 3427 babet
629 3361 709 3425 circa
742 3361 849 3437 tinem3
883 3363 954 3447 quia
986 3435 992 3448 x

81 3449 249 3534 usquisque
288 3449 465 3515 naturaliter
503 3451 595 3513 babet
632 3447 819 3514 desiderium
855 3450 954 3518 ultimi

80 3537 120 3617 is,
143 3549 173 3604 et
196 3539 255 3605 boc
278 3540 416 3626 sequitur
439 3539 470 3603 in
494 3537 659 3605 uniuersali
686 3552 828 3605 naturam
861 3539 962 3606 ratim
