2484 3975
392 341 449 426 nt
473 341 763 426 aestatuum
791 342 925 426 ddunt

452 530 588 586 CONTRA
611 531 875 586 munnunmtnns.

490 689 649 766 [opusc.
665 686 828 762 xxvit]

592 850 725 908 m
826 871 830 878 .

261 1131 437 1221 Supposim,
460 1132 631 1200 secundum
644 1131 737 1200 fidem
750 1133 942 1210 catholicam,
965 1133 1122 1202 mundum

195 1219 233 1286 ab
257 1236 383 1288 aeterno
406 1243 467 1288 non
491 1221 594 1302 inisse,
619 1225 698 1288 siout
720 1222 845 1308 quidam
871 1223 1048 1308 philosophi
1072 1245 1121 1289 er-

192 1323 294 1376 rantes
318 1326 496 1398 posuenuut,
520 1311 576 1376 sed
598 1311 683 1399 quod
705 1311 840 1377 mundus
868 1311 1038 1377 durationis
1062 1313 1120 1378 ini·

189 1399 266 1464 tium
290 1399 441 1478 habuerit,
464 1401 542 1466 sieut
564 1399 722 1487 Scriptura
744 1421 830 1466 saera
852 1421 932 1486 quae
963 1400 1025 1466 talti
1051 1421 1117 1466 non

189 1501 289 1572 potest
312 1503 450 1567 testatur,
474 1489 626 1556 dubitatio
648 1503 732 1556 muta
758 1503 804 1555 est
841 1504 945 1554 utrum
983 1492 1118 1576 potuerit
1229 1521 1234 1540 ι

190 1595 314 1661 semper
336 1577 440 1644 fuisse.

256 1665 349 1752 Cujus
373 1666 570 1733 dubitationis
605 1682 638 1734 ut
661 1668 772 1733 tenitas
810 1666 990 1753 explicetur,
1013 1666 1119 1752 primo

191 1752 443 1840 distinguendum
467 1769 514 1822 est
537 1757 612 1843 quid
636 1770 682 1822 est
704 1758 736 1822 in
758 1776 820 1843 quo
843 1776 914 1821 eum
941 1755 1117 1822 dicentibus

190 1845 378 1910 eontrarium
402 1847 614 1924 convenimus,
638 1860 668 1912 et
690 1845 764 1929 quid
787 1858 833 1910 est
855 1843 931 1909 iilud
946 1845 977 1910 in
995 1864 1057 1926 quo
1074 1845 1118 1910 ab
1218 1873 1223 1886 ·

189 1930 232 1995 eis
256 1931 434 2001 differimus.
458 1935 489 2001 Si
519 1936 602 2001 enim
641 1935 828 2019 intelligatur
863 1933 947 2019 quod
985 1933 1115 2020 aliquid,

189 2034 310 2105 praeter
332 2023 444 2101 Deum,
468 2025 600 2111 potuen't
623 2045 746 2111 semper
769 2024 873 2095 fuisse,
907 2023 993 2109 quasi
1016 2023 1114 2108 possit

188 2128 257 2175 esse
280 2111 394 2199 aliquid
418 2126 577 2178 aeternum
602 2125 723 2199 praeter
746 2133 830 2190 eum,
854 2111 893 2177 ab
914 2132 953 2177 eo
969 2132 1032 2176 non
1047 2110 1113 2176 iso-

188 2212 265 2274 tum‚
289 2220 375 2267 emor
397 2202 610 2269 abominabilis
636 2216 692 2281 est,
716 2223 778 2267 non
802 2201 902 2267 solum
925 2201 957 2265 in
969 2200 1041 2277 fide,
1054 2201 1112 2266 sed

188 2287 279 2353 etiam
304 2290 384 2376 apud
409 2290 618 2377 philosophos,
642 2292 694 2375 qui
718 2290 905 2357 confitentur
934 2304 963 2353 et
979 2288 1113 2373 probant

191 2376 274 2459 quod
298 2399 390 2443 omne
414 2379 497 2465 quod
521 2393 566 2444 est
600 2379 821 2465 quoquomodo
842 2398 910 2442 esse
933 2398 994 2442 non
1019 2379 1114 2463 possit

184 2465 242 2530 nisi
265 2482 424 2550 causatum
448 2469 487 2533 ab
510 2490 547 2533 eo
572 2468 623 2556 qui
647 2469 780 2533 maxime
796 2480 824 2531 et
839 2466 1000 2531 serissime
1017 2466 1112 2531 habet

183 2574 260 2619 esse.
285 2555 315 2619 Si
339 2570 442 2621 antem
467 2557 654 2643 intelligatur
677 2556 792 2641 aliquid
815 2576 938 2641 semper
962 2554 1066 2634 fuisse,
1080 2570 1112 2620 ει

183 2657 286 2709 tamen
308 2660 467 2733 causatum
491 2668 506 2711 a
531 2647 598 2711 Deo
620 2646 791 2711 seeundum
815 2656 914 2709 totum
952 2640 1047 2727 quod‘
1079 2644 1111 2709 in

182 2744 298 2807 suast,
322 2733 557 2800 videndumest
590 2750 694 2800 utrum
713 2736 777 2799 hoo
814 2733 909 2819 possit
943 2748 1034 2796 stare.
1075 2732 1109 2797 Si

181 2834 284 2885 autem
307 2822 425 2887 dicatur
449 2824 508 2889 hoe
531 2824 734 2911 impossibile,
750 2823 798 2887 vel
822 2823 881 2886 hoo
905 2819 1024 2885 dieetur
1036 2822 1109 2904 quia

180 2908 264 2973 Deus
288 2929 351 2975 non
376 2914 473 2996 potuit
497 2912 597 2978 iacere
621 2912 736 2998 aliquid
760 2909 842 2996 quod
866 2929 989 2995 semper
1005 2906 1111 2989 suerit,

179 2998 227 3063 vel
252 3000 321 3085 quia
346 3018 407 3064 non
432 3003 528 3087 potuit
552 3000 629 3081 fieri,
646 3001 764 3066 etiamsi
780 3002 864 3064 Deus
878 3011 980 3083 posset
993 2995 1107 3063 faeere.

178 3087 212 3151 ln
236 3089 334 3173 prima
357 3102 460 3153 autem
484 3106 569 3175 parte
595 3084 715 3155 ¹omnes
748 3089 954 3164 consentiunt,
987 3086 1111 3153 scilieet

177 3179 209 3240 iu
233 3176 291 3242 hoe
314 3177 397 3263 quod
420 3178 503 3242 Deus
527 3180 625 3263 potuit
646 3179 747 3244 iacere
770 3177 887 3263 aliquid
910 3174 994 3261 quod
1023 3195 1106 3241 sem·

177 3286 232 3351 per
255 3262 356 3344 suerit,
378 3266 601 3332 considerando
627 3267 797 3353 potentiam
821 3264 918 3355 ipsius
942 3262 1105 3331 infinitam.

177 3354 280 3421 Restat
303 3356 394 3440 igitur
418 3355 521 3420 videre
545 3372 648 3421 utrum
673 3356 818 3444 possibile
848 3355 887 3419 sit
903 3350 1020 3438 aiiquid
1037 3350 1105 3419 fieri

179 3442 262 3527 quod
286 3464 409 3530 semper
432 3443 533 3509 suerit.

243 3530 273 3595 Si
297 3546 399 3597 autem
423 3532 542 3598 dicatur
564 3532 648 3619 quod
672 3532 731 3601 hoo
754 3554 817 3601 nou
833 3542 934 3620 potest
949 3528 1026 3611 fieti,
1041 3530 1104 3598 hoe
