2484 3975
222 220 293 287 234
548 242 604 286 ιιι.
630 241 666 286 ιι.
690 240 753 286 ιιι.
778 241 824 287 ιι.

224 311 351 377 horrent
372 322 475 375 tamen
498 325 629 376 mortem
653 312 816 396 abreomm,
840 311 879 376 ad
921 331 1012 395 quam
1054 313 1156 378 etiam

222 399 481 464 contemnendam
521 400 673 465 Dominus
712 401 854 464 homines
892 401 1038 465 animavit
1072 423 1155 468 suae

223 489 330 554 mortis
356 487 509 574 exemplo.
919 529 921 536 ι
957 529 959 538 >

288 577 332 654 iit,
370 577 440 640 lieet
478 575 622 641 immines
657 576 696 641 ad
736 576 944 642 bumilitatem
987 575 1155 643 informari

221 666 377 752 potuerint
399 664 510 731 divinis
533 666 729 732 sermonibus
752 667 904 740 instructi,
943 678 977 730 ut
1011 666 1154 732 deeima-
1230 741 1231 748 ἵ

220 768 326 820 octava
350 755 428 818 ratio
452 755 655 841 proponebat,
678 767 782 820 tamen
800 756 847 826 „ad
871 755 1025 840 agendum
1050 755 1154 840 magia

220 857 387 931 proroeaut
409 842 486 907 saeta
511 863 604 927 quam
623 843 727 921 uerba3
750 857 780 908 et
801 857 885 908 tanto
901 843 1055 908 efficacius
1071 842 1154 908 saeta

153 976 158 998 .
220 947 345 996 mouent
369 946 484 1017 quanto
508 933 621 996 certior
644 934 749 1017 opinio
774 933 918 998 bonitatis
955 931 1085 997 habetur
1111 932 1153 998 de
1230 925 1231 934 ¹

220 1023 332 1106 coqui
357 1019 536 1104 hujusmodi
576 1034 730 1106 operatur.
771 1020 870 1098 Unde,
905 1021 972 1086 lieet
1013 1021 1164 1086 aiiorum‘

218 1109 384 1177 bominum
408 1110 503 1173 umba
527 1109 706 1174 humititatis
743 1111 884 1196 exempta
923 1110 1149 1188 invenirentur,

219 1211 323 1264 tamen
346 1197 651 1282 expedientiasimum
676 1197 732 1264 t'uit
756 1214 790 1263 ut
813 1201 914 1264 adtruo
939 1198 1148 1265 bominisDei

218 1298 462 1388 provocarentur·
486 1286 639 1371 exempto,
662 1308 756 1373 quem
779 1301 898 1380 eopstat
937 1306 1041 1352 errare
1079 1309 1147 1353 uon

219 1375 355 1461 potuisse
378 1389 409 1440 et
447 1377 535 1460 eujus
576 1377 733 1442 trumititas
768 1389 851 1440 tanto
889 1389 934 1441 est
974 1375 1150 1442 mirabilior

218 1477 335 1549 quanto
359 1479 503 1548 majestas
526 1464 699 1529 sublimior.

285 1551 478 1618 Manifestum
502 1568 548 1618 est
571 1554 664 1616 etiam
679 1573 715 1618 err
729 1552 892 1640 praedietis
910 1551 993 1639 quod
1007 1555 1147 1637 oportuit

218 1638 373 1707 Christum
397 1656 528 1706 mortem
553 1644 624 1727 pati,
662 1663 723 1706 non
758 1641 859 1706 sotum
894 1659 927 1707 ut
964 1640 1145 1726 exemptum

218 1730 379 1816 praeberet
391 1744 523 1794 mortem
535 1729 754 1796 contemnendi
768 1744 892 1816 propter
910 1729 1042 1795 ueritatis
1057 1749 1148 1794 arno·

217 1837 295 1896 rem,
307 1819 361 1882 sed
375 1832 408 1882 ut
419 1820 511 1884 etiam
525 1819 656 1883 aliorum
670 1834 791 1904 peooata
810 1833 965 1905 purgarem
977 1817 1059 1903 quud
1077 1819 1146 1904 qui·

217 1907 289 1972 dem
306 1906 419 1972 suetum
432 1923 477 1972 est
490 1907 563 1972 dum
576 1910 641 1995 ipse
655 1909 706 1994 qui
719 1907 835 1993 absque
848 1922 973 1995 peooato
986 1918 1050 1971 erat
1062 1926 1147 1971 mor-

218 2010 279 2061 tem
294 2010 419 2081 peooato
436 1998 571 2061 debitam
588 1998 650 2083 pati
669 1997 773 2075 uoluit,
784 2012 815 2061 ut
831 2000 860 2061 in
877 2018 911 2063 se
927 2016 1057 2083 poenam
1075 1997 1145 2063 aliis

216 2084 353 2149 debitam
379 2106 434 2170 pro
457 2086 524 2150 atiis
546 2086 762 2151 satisfaciendo
785 2086 963 2172 susciperet.
976 2086 1021 2162 Et,
1033 2104 1144 2171 quarn·

217 2174 262 2239 nir
286 2174 351 2239 sota
375 2174 430 2237 Dei
446 2176 543 2257 gratia
566 2175 748 2241 tuffioiatart
775 2175 993 2239 remittendum
1006 2188 1145 2260 peecata,

217 2273 250 2327 ut
273 2262 476 2343 deeimanoua
500 2264 577 2327 ratio
601 2264 802 2350 proponebat,
827 2277 930 2328 tamen
960 2264 990 2327 in
1032 2264 1145 2329 remis-

215 2351 303 2416 tione
327 2353 441 2435 peceati
464 2353 596 2435 exigitur
617 2355 711 2417 etiam
735 2352 849 2436 aliquid
873 2372 911 2417 ert
950 2366 1036 2438 parte
1071 2351 1141 2437 ejus

215 2443 264 2504 oui
289 2454 448 2525 peecatum
482 2440 658 2520 remittitur,
693 2456 725 2505 ut
762 2440 878 2505 seilicet
912 2439 1075 2505 satisiaoiat
1109 2443 1139 2507 ei

215 2528 633 2613 assumamusque
671 2529 722 2595 aiii
761 2530 903 2595 homines
939 2549 994 2615 pro
1029 2530 1141 2615 seipsis

209 2616 276 2682 ‚boo
311 2616 411 2681 facere
445 2637 507 2683 non
542 2631 694 2702 poterant,
728 2618 865 2683 Christus
900 2638 956 2704 pro
992 2618 1140 2688 omnibns

215 2703 275 2771 boe
300 2703 369 2769 feeit
394 2721 526 2770 mortem
544 2707 747 2771 uoluntariam
761 2726 799 2771 ert
816 2708 963 2771 eiraritate
980 2706 1138 2791 patiendo.

281 2793 326 2871 m,
348 2795 490 2879 quamvis
513 2796 543 2858 in
567 2795 733 2896 puniendo
750 2812 872 2880 pomata
896 2810 1036 2881 oporteat
1049 2794 1139 2861 ritum

215 2882 316 2969 puniri
341 2883 393 2982 qui
419 2884 564 2968 peccarit,
587 2899 620 2947 ut
642 2884 787 2968 vigesima
817 2885 893 2948 ratio
933 2882 1136 2971 proponebat,

214 2985 318 3036 tamen
343 2971 373 3035 in
397 2970 612 3041 satisfaciendo
636 2992 716 3037 unus
741 2986 839 3057 potest
855 2972 980 3037 alterius
1005 2992 1138 3056 proruam

214 3058 305 3135 terre,
329 3060 500 3144 quintium
524 3080 623 3146 poena
648 3081 704 3147 pro
729 3076 868 3161 peceato
882 3058 1039 3144 infligitur,
1063 3078 1137 3145 peu·

213 3163 299 3213 tatur
322 3148 389 3233 ejus
412 3150 465 3234 qui
506 3149 631 3235 punitur
668 3149 822 3235 iniquitas3
861 3150 891 3214 in
931 3147 1137 3214 satisfactione

212 3257 296 3313 reru,
320 3237 396 3301 dum
421 3236 500 3322 quis,
522 3237 562 3301 ad
585 3236 770 3323 placandum
795 3258 867 3303 eum
890 3236 1133 3324 quemoffendit,

213 3325 385 3391 voluntarie
409 3345 541 3409 poenam
578 3327 716 3403 assumit,
754 3325 968 3391 satisfacientis
1002 3324 1135 3391 ebaritas

211 3427 245 3478 et
267 3413 480 3477 benevolentia
505 3414 694 3490 aestimatur,
725 3435 805 3500 quae
841 3416 975 3479 maxime
1008 3426 1135 3499 apparet

214 3519 286 3567 eum
309 3500 379 3585 quis
402 3520 458 3586 pro
481 3500 542 3567 aiio
565 3521 697 3587 Poenam
721 3507 859 3580 assumit
883 3516 913 3567 et
947 3503 1016 3569 ideo
1051 3500 1135 3572 Dent
