2484 3975
133 282 135 286 .
428 232 484 277 mo.
509 231 549 276 iv.
573 230 637 275 oso.
661 230 700 275 u.
990 204 1035 270 25

119 302 245 377 Filium,
268 313 298 369 et
319 300 425 367 omnia
446 300 536 365 dedit
558 300 591 364 io
612 319 709 365 mauu
732 297 806 381 p'us,
820 298 919 375 loom,
934 292 1035 371 Uli.

121 390 249 457 Videtur
270 390 363 477 igitur
399 389 493 455 Filius
527 408 590 457 uon
624 407 692 454 esse
729 385 870 473 ejusdem
908 395 1037 451 naturae

120 500 192 547 oum
217 479 316 547 Patre.

187 568 334 655 Amplius,
358 566 467 633 Dooeri
485 578 516 631 et
531 564 670 651 adjuvari
686 563 854 651 indigentis
869 575 924 630 est.
941 558 1036 625 Filius

119 669 263 723 autema
297 656 387 722 Patre
410 654 538 722 docetur
560 667 590 721 et
620 653 757 739 juvatum
792 653 903 719 dicitur
941 648 1035 716 euim:

48 810 51 815 .
119 745 190 813 Nou
222 756 326 829 potest
361 744 461 809 Filius
495 764 514 811 o
548 764 581 809 oo
611 745 714 828 fouere
750 743 941 827 quidquam,
976 739 1039 805 uisi

119 835 203 919 quod
223 836 339 899 uiderit
360 832 484 899 Putrem
502 833 676 919 [uolentem
697 847 730 898 et
750 831 802 897 ito:
820 830 915 898 Pater
932 827 1037 913 ditipic

119 924 245 999 Filium,
270 934 300 991 el
320 922 426 989 omoio
448 923 642 989 demonstrat
679 921 708 985 ei
745 940 824 1006 quoe
845 922 911 1003 ipse
950 916 1039 1001 fucit,

118 1013 219 1087 loom,
242 1013 273 1088 ὅ,
298 1011 406 1090 tlt-203
430 1024 461 1075 et
483 1012 578 1077 Filius
608 1010 681 1078 dicit
718 1008 885 1097 discipulis:
923 1005 1037 1075 Omuio

120 1122 326 1186 quoecumque
348 1101 456 1166 osidiui
478 1101 617 1166 ul'utro
640 1121 717 1179 uteo,
750 1112 825 1167 uoto
860 1098 920 1184 soei
942 1093 1038 1168 uobis,

116 1191 216 1267 loon..
255 1190 307 1265 111,
342 1190 394 1256 ll.
417 1189 486 1255 Non
510 1189 602 1273 igitur
629 1189 750 1255 videtur
789 1207 858 1253 esso
895 1183 1035 1274 ejusdem

118 1292 246 1345 uatume
269 1279 361 1347 Filios
383 1298 455 1345 cum
478 1278 578 1345 Patre.

183 1368 356 1443 Praetereo,
380 1366 582 1454 Praeceptum
610 1366 758 1455 recipere,
780 1364 921 1440 obedire,
945 1386 1037 1435 oraro

117 1469 149 1521 ot
171 1458 248 1523 mitti
271 1456 422 1523 inferioris
447 1475 514 1523 esso
538 1456 668 1522 videtur.
691 1455 773 1523 lloeo
796 1467 900 1520 autem
924 1453 964 1521 do
987 1457 1034 1523 Fi·

117 1545 159 1611 lio
181 1546 338 1631 leguntur:
359 1544 432 1611 dicit
465 1546 548 1613 enim
588 1544 695 1625 Filium,
729 1542 814 1609 Sicut
851 1544 1037 1611 mandalum

116 1635 204 1699 dedu
224 1635 302 1700 milii
324 1636 430 1707 Potor,
443 1634 488 1700 sio
508 1634 602 1717 focio·
614 1635 702 1700 loon.
721 1632 772 1707 11,
788 1633 841 1707 om
857 1645 899 1697 et:
922 1632 1036 1701 Factus

118 1734 165 1789 est
185 1722 328 1789 obediens
352 1723 433 1789 Patri
456 1742 550 1808 usque
573 1723 617 1788 od
639 1729 779 1799 mortem,
803 1720 927 1809 Philip,
949 1721 982 1802 2,
1004 1723 1036 1803 8;

117 1824 157 1879 et:
180 1812 244 1899 Epo
266 1812 382 1898 ropobo
405 1812 531 1877 Putrem
554 1812 702 1877 stolium
730 1811 926 1877 Poroolitum
947 1811 1037 1878 dabit

118 1900 214 1978 uobis,
235 1903 337 1979 loom,
361 1902 412 1976 11,
438 1901 489 1979 16;
512 1914 542 1966 et
563 1901 636 1966 dicit
658 1899 830 1986 Apostolus:
858 1899 917 1965 uos·
953 1902 1037 1968 veuit

116 1991 276 2074 plenitudo
290 1993 447 2077 temporis,
469 1991 554 2076 misit
579 1991 662 2056 Deus
684 1990 800 2055 Filium
810 2010 910 2065 suum,
926 1989 1035 2068 Galat„

119 2079 152 2158 1,
175 2080 205 2145 1.
230 2080 281 2146 Est
303 2100 378 2165 ergo
400 2080 494 2145 Filius
517 2081 621 2146 minor
642 2079 732 2146 Potio
755 2092 786 2145 ot
816 2079 844 2145 oi
868 2078 1035 2165 subjectus.

187 2168 275 2243 ltem,
298 2168 391 2236 Filius
413 2169 599 2235 clarificatur
621 2189 639 2234 a
663 2168 765 2246 Patre,
781 2167 859 2233 siout
875 2168 1034 2255 ipsedioit:

118 2257 374 2346 Poter‚olorificu
395 2279 503 2323 nomeu
528 2269 623 2332 tuum,
637 2258 736 2333 loom,
757 2257 807 2330 11,
822 2256 876 2333 uu
889 2270 920 2322 ot
931 2259 1037 2342 sequi·

118 2361 180 2411 tur:
210 2346 295 2411 Venit
316 2366 376 2412 vom
398 2348 437 2411 de
460 2348 557 2412 coelo:
579 2347 618 2411 Et
642 2346 822 2431 olmificom',
855 2357 886 2410 ol
921 2347 1034 2412 ilerum
1161 2394 1164 2409 .

2 2469 13 2495 s
119 2433 306 2522 olomlicubo.
323 2436 486 2521 Apostolus
509 2435 601 2500 etiam
625 2433 796 2520 dicitquod
819 2433 904 2501 oeus
936 2437 1033 2502 susci·

119 2525 199 2588 tauit
218 2525 321 2588 losum
347 2523 502 2589 Christum
525 2544 545 2589 a
568 2523 712 2595 mortuis·
731 2523 831 2600 Rom,
853 2521 885 2599 8,
918 2524 970 2601 11;
1004 2538 1035 2590 et

119 2615 230 2680 Petrus
253 2611 326 2678 dioit
349 2612 433 2696 qood
455 2626 501 2678 ost
523 2612 652 2677 dexteru
682 2611 740 2676 Dei
773 2612 942 2691 exaltatus,
970 2613 1034 2682 lot.

118 2707 234 2855 Apost,
257 2701 289 2777 1,
313 2700 365 2768 55.
390 2701 432 2768 Ex
454 2700 567 2789 quibus
599 2699 720 2765 videtur
753 2699 836 2787 quod
872 2699 911 2768 sit
944 2701 1035 2768 Patre

117 2809 149 2855 in
163 2810 254 2856 orior.
1134 2806 1136 2810 ·

184 2878 359 2956 Praeterea,
384 2877 415 2944 ln
440 2891 548 2946 notum
571 2877 670 2944 Putris
693 2877 796 2944 nullus
812 2875 1034 2953 delectusesso

125 2981 235 3051 potest.
257 2966 291 3033 ln
314 2967 391 3033 Filio
415 2980 519 3035 sutem
543 2967 696 3033 invenitur
719 2965 855 3034 delectos
868 2970 1034 3053 potestatis:

120 3055 192 3121 dicit
216 3057 309 3122 enim:
336 3055 448 3122 Sedete
470 3059 514 3122 ool
528 3058 688 3120 deuterum
698 3077 802 3122 meum
816 3056 1037 3123 uolsioiotrom

119 3164 182 3209 ooo
204 3155 251 3209 eol
270 3164 373 3210 meum
395 3144 589 3220 dommim,
612 3145 668 3209 seo
688 3145 799 3230 quilius
818 3155 967 3228 paratum
989 3157 1037 3211 est

120 3254 142 3299 u
165 3233 260 3298 l'otro
283 3254 359 3312 meo,
382 3233 573 3313 uoith.,.20‚
595 3233 649 3299 23:
673 3231 810 3299 delectus
832 3233 1038 3300 etiamsoion·

122 3321 192 3397 tiue;
215 3321 288 3388 dicit
310 3323 392 3388 euim
417 3324 491 3409 ipse:
514 3323 560 3388 De
582 3323 633 3387 dio
648 3334 751 3387 autem
780 3320 837 3385 illo
872 3322 923 3386 ool
959 3323 1037 3389 loro

121 3430 210 3474 nomo
233 3413 301 3489 scit,
323 3432 418 3498 oeque
440 3412 551 3497 Aopeli
572 3411 604 3476 iu
627 3411 713 3476 coelo
734 3428 830 3494 neque
852 3409 961 3486 Filius,
978 3414 1039 3476 nisi

123 3498 227 3580 Pater,
248 3499 352 3582 Maro,
376 3500 428 3580 15,
451 3500 504 3581 51;
527 3499 680 3567 invenitur
695 3499 787 3565 etiam
807 3498 838 3564 in
851 3518 888 3564 eo
900 3498 1038 3569 dolestos
