2484 3975
213 218 278 282 lbd
590 233 762 278 orusouuuu

211 306 370 372 caelorum
396 303 513 379 animas
537 302 693 406 duplicem
718 301 859 365 ordinem
888 299 1148 366 immaterialium
1227 305 1228 314 ’

212 394 458 462 substantiarum
483 396 596 477 posuit,
632 391 746 457 scilieet
781 390 951 456 intellectus
984 403 1015 454 et
1056 390 1149 466 deos,

214 505 292 569 quos
316 483 392 547 deos
415 483 537 547 dicebat
560 502 627 546 esse
651 468 768 565 species
807 479 1016 563 intelligibiles
1056 500 1149 565 sepa-

212 588 306 645 ratas,
328 591 460 656 quarum
485 570 717 656 participatione
751 568 922 634 intellectus
957 568 1149 650 intelligunt.

213 661 389 726 Aristoteles
412 681 495 737 vero,
519 658 702 724 universalia
740 672 879 745 separata
916 679 983 723 non
1013 677 1147 742 ponens,

214 772 311 815 unum
334 750 435 813 solum
459 748 600 813 ordinem
626 767 729 812 rerum
755 751 855 832 posuit
878 768 970 834 supra
983 747 1147 811 caelorum

213 840 343 915 animas,
367 840 397 902 in
421 858 553 924 quarum
576 837 668 902 etiam
680 835 790 900 ordine
803 839 938 925 primum
954 855 1021 900 esse
1041 837 1149 920 posuit

214 949 371 993 sommum
395 927 507 1001 Deum,
528 927 607 990 sieut
630 941 659 989 et
684 925 768 990 Plato
785 947 942 994 summum
962 925 1064 989 Deum
1082 925 1149 1008 pri-

165 1045 168 1050 ·
215 1037 302 1081 mum
326 1035 395 1079 esse
419 1016 520 1098 posuit
533 1017 562 1079 in
580 1016 690 1079 ordine
701 1017 886 1099 specierum,
900 1015 985 1098 quasi
1001 1033 1148 1078 summus

215 1105 299 1170 Deus
322 1107 360 1168 sit
384 1107 481 1190 prima
506 1104 574 1168 idea
599 1104 690 1168 unius
725 1118 755 1168 et
789 1105 872 1170 boni.
913 1103 1000 1168 lluno
1038 1115 1148 1166 autem

216 1195 358 1259 ordinem
383 1193 558 1257 Aristoteles
582 1193 684 1278 posuit
707 1207 873 1280 utrumque
897 1192 1022 1267 babere,
1039 1205 1074 1254 ot
1090 1191 1149 1254 sei·

213 1283 285 1346 lieet
309 1295 389 1346 esset
414 1283 586 1366 intelligens
610 1297 641 1346 et
665 1282 916 1361 intellectum‚ita
933 1282 1046 1346 scilieet
1061 1281 1149 1364 quod

218 1391 359 1434 sommus
382 1370 465 1454 Deus
479 1370 674 1454 intelligeret,
687 1393 748 1436 non
766 1372 997 1456 participatione
1015 1369 1149 1454 alicujus

216 1460 383 1545 superioris
406 1459 490 1545 qood
513 1475 594 1524 esset
619 1460 685 1545 ejus
710 1461 867 1546 persentio,
890 1459 943 1524 sed
968 1480 1023 1544 per
1039 1477 1149 1523 essen-

214 1550 288 1614 tiam
312 1569 411 1623 suam3
435 1562 464 1611 et
489 1549 572 1612 idem
602 1551 774 1615 aestimavit
809 1572 876 1616 csse
910 1548 1080 1612 dicendum
1115 1547 1149 1611 in

217 1639 344 1702 caeteris
369 1637 458 1702 bonis
480 1639 627 1723 separatis
650 1640 837 1718 substantiis,
860 1638 918 1704 sub
942 1656 1066 1702 summo
1081 1636 1149 1700 Deo

216 1727 376 1803 ordinatis,
399 1727 456 1792 nisi
481 1727 584 1814 quod,
597 1727 781 1812 inquantum
806 1751 822 1794 a
846 1726 1041 1812 simplicitate
1054 1726 1148 1809 primi

216 1817 363 1880 deliciunt
385 1831 414 1881 et
437 1836 558 1880 summa
583 1816 800 1901 perlectione
793 1819 898 1904 ipsius,
922 1835 1030 1880 earum
1055 1815 1149 1879 intel·

216 1906 313 1989 ligere
337 1906 443 1991 perlici
468 1918 567 1991 potest
591 1925 646 2009 per
669 1907 864 1992 superiorum
904 1904 1150 1969 substantiarum

218 1996 497 2081 participationem
521 1994 571 2059 Sie
594 1996 697 2079 igitur,
730 1998 900 2061 seeundum
941 1988 1152 2071 Aristotelem,
1227 2048 1228 2051 ,

218 2084 395 2167 hujusmodi
420 2085 618 2160 substantiae,
642 2105 722 2170 quae
756 2098 827 2150 sunt
850 2084 925 2149 fines
964 2081 1150 2147 caelestium

218 2188 370 2246 motuum,
394 2188 465 2237 sont
488 2187 518 2237 et
542 2174 714 2239 intellectus
738 2175 945 2259 intelligentes
968 2184 998 2235 et
1036 2171 1151 2236 intelli-

217 2263 329 2347 gibiles
352 2263 480 2347 speeies
503 2283 565 2326 non
598 2276 700 2327 autem
737 2265 777 2328 ita
813 2262 894 2349 quod
934 2260 994 2325 sint
1028 2262 1153 2346 speeies

218 2352 266 2416 vel
291 2366 418 2415 iacturae
434 2352 628 2416 sensibilium
642 2352 895 2428 substantiarum,
911 2352 989 2415 sieut
1002 2349 1153 2435 platonici

218 2454 401 2527 posuerunt,
424 2441 479 2506 sed
504 2442 633 2505 omnino
659 2441 792 2505 altiores.

285 2530 429 2595 Secundo
453 2551 538 2607 vero,
560 2530 632 2616 quia
658 2530 743 2594 Plato
766 2550 829 2595 non
853 2527 1016 2593 coaretavit
1034 2547 1152 2592 nume·

221 2640 291 2685 rum
315 2620 528 2684 intellectuum
552 2607 766 2705 separatorum
803 2638 933 2684 numero
969 2615 1155 2681 caelestium

221 2724 374 2784 motuum,
398 2729 459 2772 non
484 2709 568 2772 euim
599 2728 638 2772 ex
677 2709 734 2772 bac
768 2728 860 2772 eausa
894 2704 1075 2770 movebatur
1113 2706 1156 2770 ad

218 2797 398 2883 ponendum
423 2797 595 2861 intellectus
618 2809 786 2883 separatos,
815 2796 900 2861 sed'
894 2816 991 2880 ipsam
1005 2807 1154 2857 naturam

222 2908 328 2951 rerum
356 2886 526 2950 seeundum
551 2906 584 2949 se
607 2885 817 2950 considerans.
854 2883 1027 2949 Aristoteles
1067 2902 1158 2960 vero,

221 2998 238 3041 a
261 2974 458 3040 sensibilibus
483 2974 629 3038 recedere
647 2974 766 3050 nolens,
778 2994 815 3037 ex
818 2974 893 3037 sola
906 2970 1158 3037 consideratione

223 3080 379 3139 motuum,
401 3077 435 3127 ut
458 3084 550 3148 snpra
575 3064 689 3127 dietum
714 3075 770 3141 est,
794 3062 933 3147 pervenit
971 3058 1009 3123 ad
1033 3079 1157 3153 ponen-

221 3155 294 3217 dum
336 3152 557 3217 intellectuales
595 3113 779 3216 substantias
813 3163 979 3237 separatae
1013 3160 1043 3211 et
1064 3146 1158 3213 ideo

224 3263 334 3307 earum
359 3261 524 3305 tremorum
548 3242 713 3305 coaretavit
735 3240 916 3321 caelestibus
941 3235 1085 3302 motibus

290 3331 395 3393 Tertio
420 3345 534 3402 autem,
558 3330 629 3413 quia
654 3315 828 3393 Aristoteles
842 3350 904 3392 non
921 3326 1022 3413 posuit
1035 3326 1157 3406 aliquas

222 3420 340 3481 animas
365 3418 512 3481 medias
506 3432 584 3481 mter
623 3418 778 3481 caelorum
818 3417 936 3481 animas
971 3428 1001 3477 ct
1034 3413 1158 3479 animas

219 3507 394 3583 bominum,
418 3507 495 3569 sieut
520 3506 621 3591 posuit
645 3505 743 3582 Plato;
768 3505 851 3570 unde
874 3504 912 3569 dc
929 3503 1063 3567 motibus
1082 3501 1154 3566 nul-
