2484 3975
330 214 368 258 ns
391 213 574 259 suosrtrtrus
598 205 754 259 sinistris
938 195 1004 262 l89

88 281 172 371 primi
196 294 226 346 ct
248 282 430 348 universalis
467 284 586 369 ogensis
608 281 759 369 procedit,
795 303 920 350 neccsse
958 299 1006 350 est

88 373 166 459 cuod
190 371 255 456 ipss
277 370 432 437 distinctio
453 386 484 438 et
506 372 585 439 ordo
607 372 740 458 portium
754 372 886 439 universi
910 373 1005 440 etism

86 464 117 528 iu
136 461 288 528 intellectu
313 460 403 544 primi
426 461 565 546 principii
589 461 781 548 praeexistat.
799 461 917 547 Ecquis
956 482 1006 528 res

86 550 253 639 procedunt
275 549 314 614 sb
336 570 375 614 eo
397 550 476 614 simt
497 551 538 614 cb
560 550 745 616 intellectivo
758 550 907 637 principio
920 551 1005 637 qucd

86 642 145 725 ogit
165 638 334 706 secondum
358 637 472 704 lormos
494 652 668 725 conceptos,
698 659 761 704 nou
795 653 916 726 oportet
949 660 1009 727 pc-

85 750 156 796 cero
177 727 260 814 qood
284 751 301 793 o
324 728 424 812 primo
447 727 612 814 principio,
635 728 691 792 etsi
707 729 739 792 in
778 729 909 794 essentis
949 748 1006 796 suo

85 820 122 885 sit
141 818 282 902 simplex,
304 815 456 901 procedot
473 837 572 882 uerunt
597 829 727 892 tontum,
743 828 774 881 et
785 815 868 904 quod
886 816 1007 895 abillo,

86 907 255 974 secuudum
277 904 407 970 modum
429 925 504 971 soso
542 904 775 989 compositionis
808 919 837 970 st
876 905 1006 985 uirtutis,

84 996 248 1083 procedant
277 995 375 1080 ploro,
389 1007 419 1058 ct
441 995 486 1060 sic
508 993 674 1072 indecltoc
698 993 781 1058 scint
798 1007 883 1060 esset
896 993 1008 1060 distin-

84 1086 215 1150 ctionem
237 1097 269 1149 et
291 1082 432 1162 ordinem
455 1084 548 1148 tolero
571 1083 603 1147 in
643 1082 736 1148 robur
769 1102 837 1150 osse
870 1103 934 1150 nou
967 1102 1006 1149 ex

83 1175 250 1239 intentione
273 1170 364 1258 primi
387 1172 517 1255 spontis,
552 1172 609 1237 sed
650 1189 686 1236 ot
726 1172 861 1258 qusdtrn
899 1191 1006 1238 rerum

83 1263 269 1328 nscerritste.
287 1260 390 1325 Potest
413 1276 517 1326 nmen
532 1260 688 1345 dieiuuod
711 1281 816 1327 rerum
851 1261 1005 1326 distinctio

83 1363 114 1415 et
133 1351 210 1416 ordo
233 1349 372 1436 procedit
394 1349 519 1435 quidem
543 1370 581 1415 cr
611 1350 780 1414 irttentione
809 1350 899 1438 primi
923 1349 1008 1437 prin·

81 1439 160 1525 cipli,
183 1438 270 1524 cujus
293 1439 424 1504 intentio
445 1453 492 1504 est
506 1459 568 1504 nou
585 1439 687 1505 solunt
712 1439 751 1505 sd
768 1438 1006 1525 producendum

82 1529 214 1613 primum
238 1539 408 1605 cousstum,
430 1527 488 1592 ssd
511 1527 550 1594 sd
574 1527 809 1614 producendum
848 1540 947 1594 totum
969 1547 1006 1592 u-

79 1618 244 1691 nirersum3
267 1629 371 1680 tomen
393 1615 529 1701 quodum
565 1617 685 1693 ordine,
724 1630 759 1682 ut
792 1617 858 1703 ipse
896 1617 1006 1682 imme-

79 1705 161 1770 diste
183 1704 333 1791 prodocst
372 1706 508 1791 primum
544 1717 714 1780 causatum
749 1724 812 1790 quo
849 1703 1005 1770 medianto
1038 1755 1042 1762 .

78 1795 137 1860 slis
159 1815 215 1880 per
248 1795 390 1860 ordinem
407 1794 556 1878 prodocet
578 1794 609 1858 in
648 1815 725 1861 esse.
748 1793 820 1873 Sed,
849 1813 929 1859 'curu
966 1794 1006 1860 sit

79 1883 192 1968 duplex
215 1883 327 1949 modus
350 1883 558 1969 productionis
580 1901 697 1959 rerum,
720 1902 801 1949 unus
816 1881 941 1967 quidum
957 1901 1006 1948 sc·

79 1972 218 2039 cundum
242 1972 443 2038 montionem
466 1988 498 2038 et
520 1983 651 2047 motum,
666 1971 742 2039 sliur
761 1984 865 2039 sutem
889 1972 1006 2059 ubsque

80 2063 252 2129 mutatione
274 2076 306 2127 et
339 2073 437 2139 motu,
460 2079 494 2130 ut
515 2082 609 2149 suprs
628 2060 694 2147 jum
732 2061 877 2136 diximus,
914 2062 944 2127 in
967 2081 1005 2127 eo

80 2150 208 2236 quidem
231 2149 444 2237 productionis
467 2150 561 2216 modo
577 2151 629 2236 qui
647 2170 703 2236 per
724 2163 842 2217 motum
867 2162 924 2227 est,
946 2150 1006 2217 ltoc

79 2238 247 2305 manifeste
270 2240 409 2304 ridemus
433 2240 572 2305 occidere
594 2239 720 2323 quods
758 2240 860 2327 primo
894 2240 1005 2326 princi·

76 2328 129 2413 pio
153 2328 210 2393 slis
254 2327 436 2415 procedunt,
469 2328 676 2394 mediocribus
717 2328 815 2394 causis
850 2326 1005 2393 secundis:

76 2416 222 2482 videmus
243 2418 328 2481 enirn
352 2431 382 2482 et
406 2419 524 2505 plantus
561 2431 596 2482 et
625 2417 770 2483 snitntlic
805 2417 934 2504 produci
972 2416 1004 2481 in

76 2524 147 2571 esse
182 2526 237 2592 per
273 2520 403 2585 motum,
439 2506 610 2573 secuudum
648 2506 774 2572 uirtutes
809 2507 1004 2593 superiorum

74 2613 243 2660 censorum
255 2594 466 2661 ordiostsrurn
478 2615 577 2679 usque
591 2596 632 2663 td
649 2596 783 2680 primurn
808 2596 1005 2683 principium,

74 2682 132 2748 sed
157 2684 189 2748 in
211 2702 250 2748 eo
272 2684 366 2749 modo
390 2683 580 2769 producendi
603 2686 656 2771 qui
679 2697 727 2749 ost
764 2683 882 2771 sbsque
919 2699 1006 2751 motu

73 2792 132 2857 per
156 2772 330 2858 simplicem
353 2771 506 2839 inllutum
530 2774 626 2861 ipsius
661 2792 729 2838 esse
768 2774 828 2838 ltoc
865 2774 1006 2841 occidere

72 2860 270 2947 impossibile
290 2875 347 2937 cst;
370 2862 542 2927 secundum
565 2864 649 2927 enirn
688 2862 772 2928 huuc
795 2862 1005 2950 productionis

68 2948 206 3014 modum
229 2948 312 3035 quod
337 2950 367 3015 ic
391 2970 461 3015 esse
485 2950 664 3036 producitur
685 2970 750 3017 non
774 2951 877 3017 solum
905 2952 937 3017 dt
951 2970 1007 3037 por
1022 3000 1044 3027 ,Ἴ

68 3056 106 3103 se
132 3038 194 3103 hoc
216 3057 283 3114 eos3
306 3038 360 3103 scd
384 3039 477 3105 etism
500 3060 556 3125 per
589 3060 624 3104 se
647 3038 681 3103 lit
724 3060 779 3105 ens
816 3040 1006 3127 simpliciter,

67 3138 106 3192 ut
129 3127 327 3192 dictumest.
350 3125 480 3213 Oportet
503 3142 611 3194 sutem
639 3127 767 3194 effectus
792 3129 1007 3216 proportionu-

68 3214 145 3280 liter
167 3216 269 3281 causis
292 3216 491 3303 respondere,
514 3216 687 3284 utscilicet
709 3217 834 3283 effectus
872 3217 1005 3305 porticu·

68 3299 147 3368 laris
171 3324 282 3369 causus
305 3305 478 3390 particulari
507 3306 704 3394 respondeat,
739 3304 863 3371 effectus
900 3320 1003 3373 tutent

67 3392 259 3463 universalis
281 3393 443 3459 uniterssli
465 3414 587 3462 cousus.
609 3393 661 3460 Sic
698 3394 802 3479 igitur,
840 3415 911 3462 curn
950 3415 1005 3481 per

66 3493 198 3545 motum
222 3481 337 3567 aliquid
361 3482 394 3547 lit
413 3503 473 3571 per
496 3503 530 3549 se
545 3484 605 3549 hcc
619 3503 687 3563 ens,
699 3483 826 3549 effectus
843 3482 1005 3570 hujusmo-

65 3568 102 3637 di
128 3569 163 3635 ic
186 3570 404 3657 particularem
427 3592 552 3640 causam
576 3572 732 3643 reducitur
768 3592 848 3662 quae
886 3572 925 3640 cd
948 3570 1004 3641 de·
