2484 3975
390 253 445 296 tra.
469 252 507 297 rr.
530 251 595 297 oar.
620 251 701 299 xxrr.
965 229 1030 297 11⁷

114 321 268 410 processio
292 319 367 385 duas
392 340 538 405 personas
562 322 793 398 constituerent,
816 319 871 386 sed
883 318 922 385 ad
934 340 1030 385 unam

116 412 312 495 pertinerent,
327 408 385 474 uisi
407 408 556 474 haberent
579 408 804 494 oppositionem
826 408 866 474 ad
888 409 1030 474 invicem.

114 503 182 569 Non
206 511 251 565 est
273 509 375 564 autem
399 497 473 562 dare
497 497 588 562 aliam
627 497 852 583 oppositionem
889 497 946 562 nisi
980 518 1030 562 se-

114 590 251 656 eundum
275 586 436 671 originem.
461 583 589 672 Oportet
612 586 704 669 igitur
726 587 810 672 quod
826 587 864 651 sit
879 586 1031 670 oppositio

113 679 240 764 originis
263 677 342 742 inter
365 674 476 740 Filium
499 687 529 740 et
552 674 698 762 Spiritum
711 673 869 750 Sanetum,
893 675 933 740 ita
946 674 1031 760 quod

106 790 196 834 -unus
218 768 256 832 sit
280 765 318 830 ab
342 763 413 828 alio.

183 856 301 932 Adhuc,
324 852 545 938 Quaecumque
561 852 753 918 conveniunt
775 851 806 916 in
828 850 933 936 aliquo
947 869 1032 917 oom-
1102 910 1105 925 ,

117 945 216 1024 muni,
238 945 262 1008 si
297 941 524 1025 distinguantur
555 933 772 1015 ad'intieem,
806 952 927 1026 oportet
948 938 1034 1026 quod

116 1035 342 1118 distinguantur
363 1028 532 1095 seeundum
555 1029 673 1116 aliquas
710 1029 899 1094 differentias
921 1049 976 1114 per
997 1042 1033 1095 te

117 1137 148 1188 et
170 1143 232 1187 non
257 1141 311 1208 per
333 1118 475 1184 aeeidens
499 1119 687 1205 pertinentes
702 1119 742 1184 ad
754 1117 828 1184 illud
852 1137 1032 1195 eommune3

19 1265 22 1272 .
118 1211 304 1276 sieuthomo
328 1221 357 1272 et
380 1225 477 1291 equus
500 1208 686 1274 conveniunt
720 1208 750 1273 in
784 1206 909 1272 animali
930 1219 963 1270 et
985 1206 1033 1271 di·

119 1301 314 1384 stinguuntur
336 1296 375 1360 ab
399 1295 541 1372 invieem,
558 1317 620 1360 non
644 1317 699 1384 per
721 1297 826 1362 album
850 1309 880 1360 et
894 1296 1031 1378 nigrum,

116 1409 195 1476 quae
218 1408 252 1451 se
275 1383 390 1452 hebent
413 1405 467 1470 per
488 1384 631 1452 assidens
666 1386 704 1452 ad
737 1385 862 1464 animal,
882 1385 938 1450 sed
975 1404 1032 1472 per

117 1476 265 1543 rationale
281 1487 311 1540 et
334 1473 522 1551 irrationale,
543 1493 621 1558 quae
634 1495 687 1560 per
710 1495 745 1539 se
767 1474 806 1539 ad
821 1474 936 1540 animal
964 1494 1033 1560 per·

118 1567 225 1642 tinent3
247 1564 331 1648 quia,
352 1583 424 1628 eum
448 1563 562 1628 animal
584 1564 623 1628 sit
638 1563 755 1629 habens
772 1565 919 1640 animam,
942 1583 1034 1646 opor·

119 1668 161 1720 tet
184 1655 267 1740 quod
293 1653 351 1717 hoo
375 1651 580 1735 distinguatur
603 1673 658 1738 per
674 1652 733 1716 ltoe
755 1652 839 1738 quod
862 1651 1036 1716 esthabere

119 1744 254 1808 animam
277 1741 369 1806 talem
393 1739 439 1804 vel
463 1741 566 1820 talem,
590 1754 696 1820 utputa
719 1741 901 1806 rationalem
923 1740 972 1806 rel
994 1742 1036 1807 ir·

118 1831 309 1898 rationalem.
333 1827 526 1894 Manifestum
559 1843 605 1894 est
642 1845 748 1896 autem
769 1829 854 1914 qood
888 1828 982 1894 Filius
1005 1844 1037 1894 et

119 1921 250 2008 Spiritus
273 1919 403 1984 Sanetus
426 1918 612 1984 conveniunt
636 1919 668 1982 in
703 1920 761 1984 hoe
785 1917 868 2004 quod
900 1931 947 1982 est
967 1938 1065 1983 esse-

119 2012 158 2076 ab
180 2010 251 2087 alio,
274 2009 344 2095 quia
369 2020 497 2093 uterque
518 2022 565 2073 est
587 2029 605 2075 a
629 2009 729 2086 Patre3
751 2022 781 2073 et
792 2007 963 2073 seeundum
976 2008 1037 2074 hoe

120 2100 210 2164 Pater
232 2096 450 2163 convenienter
474 2095 575 2163 dillert
612 2098 652 2163 ab
688 2111 819 2183 utroque
852 2099 1036 2183 inquantum

121 2202 168 2253 est
191 2186 387 2253 innascibilis.
417 2184 448 2251 Si
474 2185 564 2269 igitur
601 2185 731 2269 Spiritus
763 2188 895 2251 Sanetus
929 2186 1036 2252 distin-

121 2290 233 2361 guatur
254 2297 272 2340 a
294 2276 317 2339 F
320 2276 381 2350 ilio,
404 2286 525 2360 oportet
546 2276 631 2360 quoti
654 2276 773 2341 haesit
806 2295 862 2361 per
891 2274 1036 2340 dilleren-

122 2367 178 2431 tias
201 2385 280 2450 quae
304 2384 358 2450 per
383 2384 416 2429 se
440 2363 576 2429 dividant
600 2364 658 2431 hoe
671 2365 753 2451 quod
765 2378 812 2429 est
832 2384 899 2429 esse
912 2365 951 2429 ab
962 2363 1034 2440 alio;

123 2453 341 2539 quaequidem
364 2472 425 2517 non
450 2466 655 2537 possuntesse
672 2454 728 2517 nisi
751 2452 1034 2538 dilierentiaeejus·

123 2544 195 2608 dem
219 2540 351 2626 generis,
373 2541 487 2606 seilicet
520 2540 559 2605 ad
596 2541 748 2625 originem
772 2542 968 2627 pertinentes,
1000 2552 1036 2608 ut

123 2650 222 2705 unum
245 2650 353 2718 eorum
377 2630 415 2695 sit
437 2628 475 2694 ab
498 2628 567 2693 alio.
604 2629 796 2715 Relinquitur
831 2650 907 2716 ergo
939 2630 1035 2717 quod,

125 2721 165 2785 ad
190 2719 248 2783 hoe
272 2731 304 2783 nt
333 2717 463 2805 Spiritus
496 2717 626 2783 Sanetus
659 2719 863 2805 distinguatur
899 2740 917 2785 a
949 2722 1036 2801 Filio,

124 2828 250 2875 neeesse
273 2806 422 2893 estquod
446 2808 484 2873 sit
505 2828 523 2871 a
546 2808 632 2873 Filio.

193 2896 339 2999 Amplius,
361 2895 393 2961 Si
416 2896 484 2983 quis
514 2897 593 2964 dieat
629 2897 776 2984 Spiritum
813 2897 960 2965 Saneturu
996 2899 1041 2965 di-

125 2985 239 3069 stingui
260 3000 280 3060 'a
303 2985 389 3059 Filio,
413 3007 474 3051 non
498 2986 568 3071 quia
604 2988 682 3051 sita
717 2987 805 3066 Filio,
827 2988 884 3052 serl¹
916 3002 1042 3076 propter

127 3075 281 3153 diversam
304 3074 455 3158 originem
480 3076 638 3159 utriusque
660 3097 678 3141 a
701 3075 801 3154 Patre,
824 3077 854 3141 in
878 3077 961 3142 idem
985 3081 1044 3144 hoe

127 3163 252 3229 realiter
273 3162 374 3227 redire
398 3183 523 3229 neeesse
545 3176 600 3229 est.
624 3164 655 3229 Si
673 3166 755 3230 enim
768 3166 899 3252 Spiritus
915 3166 1044 3233 Sanetus

128 3264 174 3317 est
196 3251 272 3315 alius
296 3272 312 3315 a
336 3251 423 3329 Filio,
446 3265 566 3339 oportet
601 3254 684 3338 quod
719 3254 776 3319 alia
799 3257 838 3321 sit
871 3257 958 3340 origo
996 3258 1045 3324 vel

129 3340 283 3427 processio
300 3342 468 3426 utriusque.
492 3342 578 3408 Duae
599 3347 703 3407 autem
725 3345 859 3428 origines
889 3365 953 3410 non
976 3368 1045 3432 pos-

129 3441 202 3495 sunt
224 3429 367 3513 distingui
390 3430 447 3495 uisi
483 3451 537 3515 per
571 3434 738 3497 terminum
773 3434 819 3499 vel
857 3435 1044 3521 principium

131 3516 180 3583 rel
202 3516 384 3605 subjectum,
406 3519 484 3587 sieut
507 3520 593 3608 origo
617 3524 690 3609 equi
727 3521 829 3591 diflert
851 3522 890 3591 ab
922 3526 1041 3613 origine
