<?xml version="1.0" encoding="UTF-8"?>
<!DOCTYPE html PUBLIC "-//W3C//DTD XHTML 1.0 Transitional//EN"
    "http://www.w3.org/TR/xhtml1/DTD/xhtml1-transitional.dtd">
<html xmlns="http://www.w3.org/1999/xhtml" xml:lang="en" lang="en">
 <head>
  <title>
</title>
<meta http-equiv="Content-Type" content="text/html;charset=utf-8" />
  <meta name='ocr-system' content='tesseract 3.04.00' />
  <meta name='ocr-capabilities' content='ocr_page ocr_carea ocr_par ocr_line ocrx_word'/>
</head>
<body>
  <div class='ocr_page' id='page_1' title='image "./sanctithomaeaqu01thomgoog_0417.png"; bbox 0 0 2484 3975; ppageno 0'>
   <div class='ocr_carea' id='block_1_1' title="bbox 96 233 1024 1656">
    <p class='ocr_par' dir='ltr' id='par_1_1' title="bbox 99 233 1020 589">
     <span class='ocr_line' id='line_1_1' title="bbox 388 233 1019 300; baseline 0.002 -3"><span class='ocrx_word' id='word_1_1' title='bbox 388 252 426 297; x_wconf 85' lang='lat' dir='ltr'><strong>ua</strong></span> <span class='ocrx_word' id='word_1_2' title='bbox 450 254 522 300; x_wconf 81' lang='lat' dir='ltr'><strong>surr</strong></span> <span class='ocrx_word' id='word_1_3' title='bbox 544 255 580 299; x_wconf 78' lang='lat' dir='ltr'><strong>rr</strong></span> <span class='ocrx_word' id='word_1_4' title='bbox 604 252 737 299; x_wconf 79' lang='lat' dir='ltr'><strong>esseuttt</strong></span> <span class='ocrx_word' id='word_1_5' title='bbox 954 233 1019 299; x_wconf 79' lang='lat' dir='ltr'><strong>ll5</strong></span> 
     </span>
     <span class='ocr_line' id='line_1_2' title="bbox 99 315 1020 408; baseline 0.008 -28"><span class='ocrx_word' id='word_1_6' title='bbox 99 315 195 402; x_wconf 88' lang='lat' dir='ltr'><strong>ipsum</strong></span> <span class='ocrx_word' id='word_1_7' title='bbox 217 338 309 384; x_wconf 85' lang='lat' dir='ltr'><strong>suum</strong></span> <span class='ocrx_word' id='word_1_8' title='bbox 333 341 411 398; x_wconf 84' lang='lat' dir='ltr'><strong>ette;</strong></span> <span class='ocrx_word' id='word_1_9' title='bbox 435 340 465 387; x_wconf 87' lang='lat' dir='ltr'><strong>et</strong></span> <span class='ocrx_word' id='word_1_10' title='bbox 488 325 559 390; x_wconf 85' lang='lat' dir='ltr'><strong>ideo</strong></span> <span class='ocrx_word' id='word_1_11' title='bbox 581 325 779 389; x_wconf 89' lang='lat' dir='ltr'><strong>inveniuntur</strong></span> <span class='ocrx_word' id='word_1_12' title='bbox 801 319 894 406; x_wconf 81' lang='lat' dir='ltr'><strong>aliqui</strong></span> <span class='ocrx_word' id='word_1_13' title='bbox 919 323 1020 408; x_wconf 75' lang='lat' dir='ltr'><strong>pbilo-</strong></span> 
     </span>
     <span class='ocr_line' id='line_1_3' title="bbox 99 405 1018 497; baseline 0.005 -27"><span class='ocrx_word' id='word_1_14' title='bbox 99 407 183 491; x_wconf 81' lang='lat' dir='ltr'><strong>tophi</strong></span> <span class='ocrx_word' id='word_1_15' title='bbox 205 405 342 474; x_wconf 86' lang='lat' dir='ltr'><strong>dicentes</strong></span> <span class='ocrx_word' id='word_1_16' title='bbox 357 412 440 496; x_wconf 91' lang='lat' dir='ltr'><strong>quod</strong></span> <span class='ocrx_word' id='word_1_17' title='bbox 463 413 548 479; x_wconf 82' lang='lat' dir='ltr'><strong>[leus</strong></span> <span class='ocrx_word' id='word_1_18' title='bbox 570 434 633 478; x_wconf 90' lang='lat' dir='ltr'><strong>non</strong></span> <span class='ocrx_word' id='word_1_19' title='bbox 650 412 931 489; x_wconf 82' lang='lat' dir='ltr'><strong>babetesseutiam,</strong></span> <span class='ocrx_word' id='word_1_20' title='bbox 947 413 1018 497; x_wconf 83' lang='lat' dir='ltr'><strong>quia</strong></span> 
     </span>
     <span class='ocr_line' id='line_1_4' title="bbox 99 495 889 589; baseline 0.005 -30"><span class='ocrx_word' id='word_1_21' title='bbox 99 495 227 560; x_wconf 77' lang='lat' dir='ltr'><strong>essentia</strong></span> <span class='ocrx_word' id='word_1_22' title='bbox 248 498 316 582; x_wconf 87' lang='lat' dir='ltr'><strong>ejus</strong></span> <span class='ocrx_word' id='word_1_23' title='bbox 338 520 402 564; x_wconf 90' lang='lat' dir='ltr'><strong>non</strong></span> <span class='ocrx_word' id='word_1_24' title='bbox 425 515 471 566; x_wconf 81' lang='lat' dir='ltr'><strong>est</strong></span> <span class='ocrx_word' id='word_1_25' title='bbox 493 502 576 568; x_wconf 90' lang='lat' dir='ltr'><strong>aliud</strong></span> <span class='ocrx_word' id='word_1_26' title='bbox 600 522 693 589; x_wconf 88' lang='lat' dir='ltr'><strong>quam</strong></span> <span class='ocrx_word' id='word_1_27' title='bbox 717 518 787 564; x_wconf 87' lang='lat' dir='ltr'><strong>esve</strong></span> <span class='ocrx_word' id='word_1_28' title='bbox 811 497 889 582; x_wconf 83' lang='lat' dir='ltr'><strong>ejus.</strong></span> 
     </span>
    </p>

    <p class='ocr_par' dir='ltr' id='par_1_2' title="bbox 99 584 1024 1116">
     <span class='ocr_line' id='line_1_5' title="bbox 163 584 1024 678; baseline 0.003 -31"><span class='ocrx_word' id='word_1_29' title='bbox 163 584 196 648; x_wconf 80' lang='lat' dir='ltr'><strong>Et</strong></span> <span class='ocrx_word' id='word_1_30' title='bbox 227 605 266 650; x_wconf 87' lang='lat' dir='ltr'><strong>err</strong></span> <span class='ocrx_word' id='word_1_31' title='bbox 289 589 348 653; x_wconf 86' lang='lat' dir='ltr'><strong>boo</strong></span> <span class='ocrx_word' id='word_1_32' title='bbox 369 591 602 678; x_wconf 87' lang='lat' dir='ltr'><strong>sequiturquod</strong></span> <span class='ocrx_word' id='word_1_33' title='bbox 627 592 694 676; x_wconf 89' lang='lat' dir='ltr'><strong>lpse</strong></span> <span class='ocrx_word' id='word_1_34' title='bbox 721 608 784 652; x_wconf 90' lang='lat' dir='ltr'><strong>uon</strong></span> <span class='ocrx_word' id='word_1_35' title='bbox 799 589 837 651; x_wconf 84' lang='lat' dir='ltr'><strong>sit</strong></span> <span class='ocrx_word' id='word_1_36' title='bbox 853 590 884 651; x_wconf 91' lang='lat' dir='ltr'><strong>iu</strong></span> <span class='ocrx_word' id='word_1_37' title='bbox 898 606 1024 671; x_wconf 78' lang='lat' dir='ltr'>genere,</span> 
     </span>
     <span class='ocr_line' id='line_1_6' title="bbox 100 674 1024 767; baseline 0.003 -32"><span class='ocrx_word' id='word_1_38' title='bbox 100 674 167 759; x_wconf 89' lang='lat' dir='ltr'><strong>quia</strong></span> <span class='ocrx_word' id='word_1_39' title='bbox 191 692 284 741; x_wconf 87' lang='lat' dir='ltr'><strong>omne</strong></span> <span class='ocrx_word' id='word_1_40' title='bbox 307 677 390 761; x_wconf 91' lang='lat' dir='ltr'><strong>quod</strong></span> <span class='ocrx_word' id='word_1_41' title='bbox 414 680 513 745; x_wconf 88' lang='lat' dir='ltr'><strong>estin</strong></span> <span class='ocrx_word' id='word_1_42' title='bbox 537 699 652 767; x_wconf 78' lang='lat' dir='ltr'><strong>genere</strong></span> <span class='ocrx_word' id='word_1_43' title='bbox 676 688 797 763; x_wconf 81' lang='lat' dir='ltr'><strong>oportet</strong></span> <span class='ocrx_word' id='word_1_44' title='bbox 811 676 895 761; x_wconf 86' lang='lat' dir='ltr'><strong>quod</strong></span> <span class='ocrx_word' id='word_1_45' title='bbox 912 677 1024 741; x_wconf 86' lang='lat' dir='ltr'><strong>lrabeat</strong></span> 
     </span>
     <span class='ocr_line' id='line_1_7' title="bbox 99 762 1024 851; baseline 0.003 -27"><span class='ocrx_word' id='word_1_46' title='bbox 99 762 298 847; x_wconf 84' lang='lat' dir='ltr'><strong>quidditatem</strong></span> <span class='ocrx_word' id='word_1_47' title='bbox 323 780 662 851; x_wconf 71' lang='lat' dir='ltr'><strong>praetermissum,</strong></span> <span class='ocrx_word' id='word_1_48' title='bbox 685 786 755 831; x_wconf 83' lang='lat' dir='ltr'><strong>uum</strong></span> <span class='ocrx_word' id='word_1_49' title='bbox 794 764 948 849; x_wconf 81' lang='lat' dir='ltr'><strong>quidditas</strong></span> <span class='ocrx_word' id='word_1_50' title='bbox 972 780 1024 829; x_wconf 83' lang='lat' dir='ltr'><strong>aut</strong></span> 
     </span>
     <span class='ocr_line' id='line_1_8' title="bbox 99 856 1022 943; baseline 0.002 -28"><span class='ocrx_word' id='word_1_51' title='bbox 99 866 205 915; x_wconf 80' lang='lat' dir='ltr'><strong>natura</strong></span> <span class='ocrx_word' id='word_1_52' title='bbox 228 857 349 937; x_wconf 75' lang='lat' dir='ltr'><strong>generis</strong></span> <span class='ocrx_word' id='word_1_53' title='bbox 372 871 424 920; x_wconf 87' lang='lat' dir='ltr'><strong>aut</strong></span> <span class='ocrx_word' id='word_1_54' title='bbox 447 860 559 943; x_wconf 85' lang='lat' dir='ltr'><strong>speciei</strong></span> <span class='ocrx_word' id='word_1_55' title='bbox 594 879 656 923; x_wconf 93' lang='lat' dir='ltr'><strong>nou</strong></span> <span class='ocrx_word' id='word_1_56' title='bbox 682 856 887 939; x_wconf 79' lang='lat' dir='ltr'><strong>distinguatur·</strong></span> <span class='ocrx_word' id='word_1_57' title='bbox 911 874 1022 918; x_wconf 84' lang='lat' dir='ltr'><strong>seeun-</strong></span> 
     </span>
     <span class='ocr_line' id='line_1_9' title="bbox 100 938 1023 1031; baseline 0.005 -29"><span class='ocrx_word' id='word_1_58' title='bbox 100 938 172 1003; x_wconf 89' lang='lat' dir='ltr'><strong>dum</strong></span> <span class='ocrx_word' id='word_1_59' title='bbox 196 943 347 1009; x_wconf 89' lang='lat' dir='ltr'><strong>rationem</strong></span> <span class='ocrx_word' id='word_1_60' title='bbox 371 961 497 1011; x_wconf 90' lang='lat' dir='ltr'><strong>naturae</strong></span> <span class='ocrx_word' id='word_1_61' title='bbox 520 949 550 1015; x_wconf 94' lang='lat' dir='ltr'><strong>iu</strong></span> <span class='ocrx_word' id='word_1_62' title='bbox 574 947 633 1012; x_wconf 88' lang='lat' dir='ltr'><strong>illis</strong></span> <span class='ocrx_word' id='word_1_63' title='bbox 656 965 787 1031; x_wconf 87' lang='lat' dir='ltr'><strong>quorum</strong></span> <span class='ocrx_word' id='word_1_64' title='bbox 805 958 850 1007; x_wconf 85' lang='lat' dir='ltr'><strong>est</strong></span> <span class='ocrx_word' id='word_1_65' title='bbox 864 963 961 1026; x_wconf 77' lang='lat' dir='ltr'><strong>genus</strong></span> <span class='ocrx_word' id='word_1_66' title='bbox 976 942 1023 1007; x_wconf 90' lang='lat' dir='ltr'><strong>vel</strong></span> 
     </span>
     <span class='ocr_line' id='line_1_10' title="bbox 99 1028 985 1116; baseline 0.002 -23"><span class='ocrx_word' id='word_1_67' title='bbox 99 1028 226 1114; x_wconf 63' lang='lat' dir='ltr'><strong>speeiem</strong></span> <span class='ocrx_word' id='word_1_68' title='bbox 247 1031 303 1096; x_wconf 90' lang='lat' dir='ltr'><strong>sed</strong></span> <span class='ocrx_word' id='word_1_69' title='bbox 325 1052 393 1099; x_wconf 88' lang='lat' dir='ltr'><strong>esse</strong></span> <span class='ocrx_word' id='word_1_70' title='bbox 416 1049 460 1099; x_wconf 88' lang='lat' dir='ltr'><strong>est</strong></span> <span class='ocrx_word' id='word_1_71' title='bbox 484 1035 515 1100; x_wconf 96' lang='lat' dir='ltr'><strong>in</strong></span> <span class='ocrx_word' id='word_1_72' title='bbox 538 1035 668 1101; x_wconf 84' lang='lat' dir='ltr'><strong>diversis</strong></span> <span class='ocrx_word' id='word_1_73' title='bbox 691 1033 900 1098; x_wconf 81' lang='lat' dir='ltr'><strong>diversimode</strong></span> <span class='ocrx_word' id='word_1_74' title='bbox 923 1030 985 1116; x_wconf 84' lang='lat' dir='ltr'><strong>(l).</strong></span> 
     </span>
    </p>

    <p class='ocr_par' dir='ltr' id='par_1_3' title="bbox 96 1116 1024 1656">
     <span class='ocr_line' id='line_1_11' title="bbox 163 1116 1024 1210; baseline 0.001 -29"><span class='ocrx_word' id='word_1_75' title='bbox 163 1116 225 1182; x_wconf 86' lang='lat' dir='ltr'><strong>Nee</strong></span> <span class='ocrx_word' id='word_1_76' title='bbox 248 1137 378 1204; x_wconf 84' lang='lat' dir='ltr'><strong>oportet,</strong></span> <span class='ocrx_word' id='word_1_77' title='bbox 400 1124 426 1187; x_wconf 87' lang='lat' dir='ltr'><strong>si</strong></span> <span class='ocrx_word' id='word_1_78' title='bbox 449 1125 580 1191; x_wconf 81' lang='lat' dir='ltr'><strong>dicimus</strong></span> <span class='ocrx_word' id='word_1_79' title='bbox 603 1124 686 1210; x_wconf 88' lang='lat' dir='ltr'><strong>quod</strong></span> <span class='ocrx_word' id='word_1_80' title='bbox 711 1123 795 1186; x_wconf 86' lang='lat' dir='ltr'><strong>Deus</strong></span> <span class='ocrx_word' id='word_1_81' title='bbox 817 1138 863 1185; x_wconf 83' lang='lat' dir='ltr'><strong>est</strong></span> <span class='ocrx_word' id='word_1_82' title='bbox 876 1140 944 1185; x_wconf 87' lang='lat' dir='ltr'><strong>esse</strong></span> <span class='ocrx_word' id='word_1_83' title='bbox 956 1135 1024 1183; x_wconf 89' lang='lat' dir='ltr'><strong>tau·</strong></span> 
     </span>
     <span class='ocr_line' id='line_1_12' title="bbox 100 1208 1022 1295; baseline 0.003 -27"><span class='ocrx_word' id='word_1_84' title='bbox 100 1218 177 1285; x_wconf 85' lang='lat' dir='ltr'><strong>tum,</strong></span> <span class='ocrx_word' id='word_1_85' title='bbox 196 1221 229 1271; x_wconf 93' lang='lat' dir='ltr'><strong>ut</strong></span> <span class='ocrx_word' id='word_1_86' title='bbox 250 1210 280 1273; x_wconf 91' lang='lat' dir='ltr'><strong>iu</strong></span> <span class='ocrx_word' id='word_1_87' title='bbox 304 1230 443 1277; x_wconf 85' lang='lat' dir='ltr'><strong>errorem</strong></span> <span class='ocrx_word' id='word_1_88' title='bbox 473 1234 582 1279; x_wconf 87' lang='lat' dir='ltr'><strong>eorum</strong></span> <span class='ocrx_word' id='word_1_89' title='bbox 623 1212 795 1278; x_wconf 84' lang='lat' dir='ltr'><strong>incidamus</strong></span> <span class='ocrx_word' id='word_1_90' title='bbox 832 1211 884 1295; x_wconf 91' lang='lat' dir='ltr'><strong>qui</strong></span> <span class='ocrx_word' id='word_1_91' title='bbox 922 1208 1022 1273; x_wconf 86' lang='lat' dir='ltr'><strong>ileum</strong></span> 
     </span>
     <span class='ocr_line' id='line_1_13' title="bbox 99 1292 1024 1384; baseline 0.003 -27"><span class='ocrx_word' id='word_1_92' title='bbox 99 1292 240 1360; x_wconf 81' lang='lat' dir='ltr'><strong>dixerunt</strong></span> <span class='ocrx_word' id='word_1_93' title='bbox 270 1318 337 1364; x_wconf 84' lang='lat' dir='ltr'><strong>esse</strong></span> <span class='ocrx_word' id='word_1_94' title='bbox 361 1301 435 1366; x_wconf 91' lang='lat' dir='ltr'><strong>illud</strong></span> <span class='ocrx_word' id='word_1_95' title='bbox 458 1322 526 1368; x_wconf 86' lang='lat' dir='ltr'><strong>esse</strong></span> <span class='ocrx_word' id='word_1_96' title='bbox 564 1301 737 1367; x_wconf 89' lang='lat' dir='ltr'><strong>universale</strong></span> <span class='ocrx_word' id='word_1_97' title='bbox 771 1318 832 1384; x_wconf 85' lang='lat' dir='ltr'><strong>quo</strong></span> <span class='ocrx_word' id='word_1_98' title='bbox 870 1296 1024 1384; x_wconf 89' lang='lat' dir='ltr'><strong>quaelibet</strong></span> 
     </span>
     <span class='ocr_line' id='line_1_14' title="bbox 96 1382 1022 1474; baseline 0 -27"><span class='ocrx_word' id='word_1_99' title='bbox 96 1399 145 1448; x_wconf 86' lang='lat' dir='ltr'><strong>res</strong></span> <span class='ocrx_word' id='word_1_100' title='bbox 166 1382 336 1453; x_wconf 75' lang='lat' dir='ltr'><strong>formaliter</strong></span> <span class='ocrx_word' id='word_1_101' title='bbox 356 1404 412 1454; x_wconf 86' lang='lat' dir='ltr'><strong>est.</strong></span> <span class='ocrx_word' id='word_1_102' title='bbox 445 1391 509 1457; x_wconf 84' lang='lat' dir='ltr'><strong>llou</strong></span> <span class='ocrx_word' id='word_1_103' title='bbox 530 1393 613 1457; x_wconf 87' lang='lat' dir='ltr'><strong>enim</strong></span> <span class='ocrx_word' id='word_1_104' title='bbox 638 1412 715 1467; x_wconf 84' lang='lat' dir='ltr'><strong>esse,</strong></span> <span class='ocrx_word' id='word_1_105' title='bbox 739 1386 823 1474; x_wconf 84' lang='lat' dir='ltr'><strong>quod</strong></span> <span class='ocrx_word' id='word_1_106' title='bbox 861 1387 945 1451; x_wconf 84' lang='lat' dir='ltr'><strong>Deus</strong></span> <span class='ocrx_word' id='word_1_107' title='bbox 967 1400 1022 1462; x_wconf 67' lang='lat' dir='ltr'><strong>est,</strong></span> 
     </span>
     <span class='ocr_line' id='line_1_15' title="bbox 96 1469 1023 1560; baseline 0.002 -24"><span class='ocrx_word' id='word_1_108' title='bbox 96 1469 187 1557; x_wconf 86' lang='lat' dir='ltr'><strong>bujtts</strong></span> <span class='ocrx_word' id='word_1_109' title='bbox 210 1476 392 1543; x_wconf 81' lang='lat' dir='ltr'><strong>conditionis</strong></span> <span class='ocrx_word' id='word_1_110' title='bbox 414 1496 461 1545; x_wconf 86' lang='lat' dir='ltr'><strong>est</strong></span> <span class='ocrx_word' id='word_1_111' title='bbox 484 1495 516 1545; x_wconf 94' lang='lat' dir='ltr'><strong>ut</strong></span> <span class='ocrx_word' id='word_1_112' title='bbox 539 1482 623 1547; x_wconf 86' lang='lat' dir='ltr'><strong>nulla</strong></span> <span class='ocrx_word' id='word_1_113' title='bbox 647 1480 704 1545; x_wconf 88' lang='lat' dir='ltr'><strong>sibi</strong></span> <span class='ocrx_word' id='word_1_114' title='bbox 722 1476 837 1542; x_wconf 90' lang='lat' dir='ltr'><strong>additio</strong></span> <span class='ocrx_word' id='word_1_115' title='bbox 861 1476 926 1540; x_wconf 90' lang='lat' dir='ltr'><strong>lieri</strong></span> <span class='ocrx_word' id='word_1_116' title='bbox 951 1496 1023 1560; x_wconf 89' lang='lat' dir='ltr'><strong>pos·</strong></span> 
     </span>
     <span class='ocr_line' id='line_1_16' title="bbox 96 1560 1024 1656; baseline 0.004 -33"><span class='ocrx_word' id='word_1_117' title='bbox 96 1560 143 1624; x_wconf 87' lang='lat' dir='ltr'><strong>sit:</strong></span> <span class='ocrx_word' id='word_1_118' title='bbox 167 1564 250 1629; x_wconf 88' lang='lat' dir='ltr'><strong>unde</strong></span> <span class='ocrx_word' id='word_1_119' title='bbox 273 1586 328 1651; x_wconf 88' lang='lat' dir='ltr'><strong>per</strong></span> <span class='ocrx_word' id='word_1_120' title='bbox 350 1568 447 1653; x_wconf 85' lang='lat' dir='ltr'><strong>ipsam</strong></span> <span class='ocrx_word' id='word_1_121' title='bbox 471 1590 559 1633; x_wconf 83' lang='lat' dir='ltr'><strong>suoru</strong></span> <span class='ocrx_word' id='word_1_122' title='bbox 595 1572 761 1656; x_wconf 85' lang='lat' dir='ltr'><strong>puritatem</strong></span> <span class='ocrx_word' id='word_1_123' title='bbox 795 1578 841 1629; x_wconf 88' lang='lat' dir='ltr'><strong>est</strong></span> <span class='ocrx_word' id='word_1_124' title='bbox 876 1584 944 1628; x_wconf 85' lang='lat' dir='ltr'><strong>esse</strong></span> <span class='ocrx_word' id='word_1_125' title='bbox 978 1565 1024 1627; x_wconf 90' lang='lat' dir='ltr'><strong>di-</strong></span> 
     </span>
    </p>
   </div>
   <div class='ocr_carea' id='block_1_2' title="bbox 95 1651 1120 1744">
    <p class='ocr_par' dir='ltr' id='par_1_4' title="bbox 95 1651 1120 1744">
     <span class='ocr_line' id='line_1_17' title="bbox 95 1651 1120 1744; baseline 0.005 -31"><span class='ocrx_word' id='word_1_126' title='bbox 95 1651 238 1717; x_wconf 87' lang='lat' dir='ltr'><strong>stinctum</strong></span> <span class='ocrx_word' id='word_1_127' title='bbox 262 1656 302 1719; x_wconf 90' lang='lat' dir='ltr'><strong>ab</strong></span> <span class='ocrx_word' id='word_1_128' title='bbox 324 1657 410 1720; x_wconf 89' lang='lat' dir='ltr'><strong>omui</strong></span> <span class='ocrx_word' id='word_1_129' title='bbox 433 1678 512 1734; x_wconf 90' lang='lat' dir='ltr'><strong>esse;</strong></span> <span class='ocrx_word' id='word_1_130' title='bbox 536 1656 776 1744; x_wconf 88' lang='lat' dir='ltr'><strong>propterquod,</strong></span> <span class='ocrx_word' id='word_1_131' title='bbox 799 1655 829 1717; x_wconf 91' lang='lat' dir='ltr'><strong>in</strong></span> <span class='ocrx_word' id='word_1_132' title='bbox 844 1668 1024 1717; x_wconf 79' lang='lat' dir='ltr'><strong>commento</strong></span> <span class='ocrx_word' id='word_1_133' title='bbox 1114 1690 1120 1697; x_wconf 89' lang='lat'><em>·</em></span> 
     </span>
    </p>
   </div>
   <div class='ocr_carea' id='block_1_3' title="bbox 89 1742 1028 3252">
    <p class='ocr_par' dir='ltr' id='par_1_5' title="bbox 92 1742 1028 2429">
     <span class='ocr_line' id='line_1_18' title="bbox 96 1742 1023 1829; baseline 0.002 -27"><span class='ocrx_word' id='word_1_134' title='bbox 96 1758 198 1820; x_wconf 80' lang='lat' dir='ltr'><strong>nonae</strong></span> <span class='ocrx_word' id='word_1_135' title='bbox 220 1746 437 1829; x_wconf 80' lang='lat' dir='ltr'><strong>propositionis</strong></span> <span class='ocrx_word' id='word_1_136' title='bbox 474 1747 542 1812; x_wconf 86' lang='lat' dir='ltr'><strong>libri</strong></span> <span class='ocrx_word' id='word_1_137' title='bbox 567 1746 607 1811; x_wconf 92' lang='lat' dir='ltr'><strong>de</strong></span> <span class='ocrx_word' id='word_1_138' title='bbox 642 1745 758 1822; x_wconf 79' lang='lat' dir='ltr'><strong>Gensis,</strong></span> <span class='ocrx_word' id='word_1_139' title='bbox 793 1742 903 1807; x_wconf 84' lang='lat' dir='ltr'><strong>dieitur</strong></span> <span class='ocrx_word' id='word_1_140' title='bbox 937 1743 1023 1826; x_wconf 83' lang='lat' dir='ltr'><strong>quod</strong></span> 
     </span>
     <span class='ocr_line' id='line_1_19' title="bbox 96 1826 1024 1922; baseline 0.005 -32"><span class='ocrx_word' id='word_1_141' title='bbox 96 1826 299 1896; x_wconf 89' lang='lat' dir='ltr'><strong>individuatio</strong></span> <span class='ocrx_word' id='word_1_142' title='bbox 322 1835 441 1919; x_wconf 85' lang='lat' dir='ltr'><strong>primae</strong></span> <span class='ocrx_word' id='word_1_143' title='bbox 464 1856 588 1915; x_wconf 74' lang='lat' dir='ltr'><strong>causae,</strong></span> <span class='ocrx_word' id='word_1_144' title='bbox 608 1855 689 1922; x_wconf 88' lang='lat' dir='ltr'><strong>quae</strong></span> <span class='ocrx_word' id='word_1_145' title='bbox 723 1846 770 1898; x_wconf 87' lang='lat' dir='ltr'><strong>est</strong></span> <span class='ocrx_word' id='word_1_146' title='bbox 803 1850 870 1897; x_wconf 87' lang='lat' dir='ltr'><strong>esse</strong></span> <span class='ocrx_word' id='word_1_147' title='bbox 893 1844 1024 1907; x_wconf 89' lang='lat' dir='ltr'><strong>tautum,</strong></span> 
     </span>
     <span class='ocr_line' id='line_1_20' title="bbox 97 1922 1028 2011; baseline 0.003 -31"><span class='ocrx_word' id='word_1_148' title='bbox 97 1933 144 1980; x_wconf 89' lang='lat' dir='ltr'><strong>est</strong></span> <span class='ocrx_word' id='word_1_149' title='bbox 168 1939 356 2006; x_wconf 80' lang='lat' dir='ltr'><strong>perpurum</strong></span> <span class='ocrx_word' id='word_1_150' title='bbox 381 1923 549 1990; x_wconf 90' lang='lat' dir='ltr'><strong>bonitatem</strong></span> <span class='ocrx_word' id='word_1_151' title='bbox 588 1925 665 2011; x_wconf 86' lang='lat' dir='ltr'><strong>ejus.</strong></span> <span class='ocrx_word' id='word_1_152' title='bbox 691 1922 762 1989; x_wconf 81' lang='lat' dir='ltr'><strong>Esse</strong></span> <span class='ocrx_word' id='word_1_153' title='bbox 801 1932 903 1983; x_wconf 87' lang='lat' dir='ltr'><strong>auteur</strong></span> <span class='ocrx_word' id='word_1_154' title='bbox 939 1939 1028 1983; x_wconf 79' lang='lat' dir='ltr'><strong>eorm·</strong></span> 
     </span>
     <span class='ocr_line' id='line_1_21' title="bbox 94 2007 1022 2094; baseline 0.001 -24"><span class='ocrx_word' id='word_1_155' title='bbox 94 2025 205 2086; x_wconf 85' lang='lat' dir='ltr'><strong>mune,</strong></span> <span class='ocrx_word' id='word_1_156' title='bbox 226 2011 305 2074; x_wconf 87' lang='lat' dir='ltr'><strong>sieut</strong></span> <span class='ocrx_word' id='word_1_157' title='bbox 327 2013 357 2075; x_wconf 92' lang='lat' dir='ltr'><strong>iu</strong></span> <span class='ocrx_word' id='word_1_158' title='bbox 382 2013 538 2079; x_wconf 77' lang='lat' dir='ltr'><strong>intellectu</strong></span> <span class='ocrx_word' id='word_1_159' title='bbox 561 2035 620 2079; x_wconf 81' lang='lat' dir='ltr'><strong>suo</strong></span> <span class='ocrx_word' id='word_1_160' title='bbox 644 2033 706 2078; x_wconf 92' lang='lat' dir='ltr'><strong>non</strong></span> <span class='ocrx_word' id='word_1_161' title='bbox 739 2009 865 2076; x_wconf 83' lang='lat' dir='ltr'><strong>includit</strong></span> <span class='ocrx_word' id='word_1_162' title='bbox 888 2007 1022 2094; x_wconf 82' lang='lat' dir='ltr'><strong>aliquam</strong></span> 
     </span>
     <span class='ocr_line' id='line_1_22' title="bbox 93 2095 1023 2177; baseline 0.004 -19"><span class='ocrx_word' id='word_1_163' title='bbox 93 2095 297 2177; x_wconf 77' lang='lat' dir='ltr'><strong>additionem,</strong></span> <span class='ocrx_word' id='word_1_164' title='bbox 319 2101 360 2164; x_wconf 89' lang='lat' dir='ltr'><strong>ita</strong></span> <span class='ocrx_word' id='word_1_165' title='bbox 384 2123 441 2167; x_wconf 85' lang='lat' dir='ltr'><strong>uee</strong></span> <span class='ocrx_word' id='word_1_166' title='bbox 463 2102 592 2168; x_wconf 83' lang='lat' dir='ltr'><strong>includit</strong></span> <span class='ocrx_word' id='word_1_167' title='bbox 615 2105 646 2167; x_wconf 90' lang='lat' dir='ltr'><strong>in</strong></span> <span class='ocrx_word' id='word_1_168' title='bbox 682 2101 838 2166; x_wconf 86' lang='lat' dir='ltr'><strong>iutelleotu</strong></span> <span class='ocrx_word' id='word_1_169' title='bbox 877 2119 934 2162; x_wconf 89' lang='lat' dir='ltr'><strong>suo</strong></span> <span class='ocrx_word' id='word_1_170' title='bbox 969 2097 1023 2162; x_wconf 90' lang='lat' dir='ltr'><strong>uli·</strong></span> 
     </span>
     <span class='ocr_line' id='line_1_23' title="bbox 93 2189 1022 2276; baseline 0.002 -28"><span class='ocrx_word' id='word_1_171' title='bbox 93 2204 188 2270; x_wconf 87' lang='lat' dir='ltr'><strong>quam</strong></span> <span class='ocrx_word' id='word_1_172' title='bbox 212 2190 433 2272; x_wconf 84' lang='lat' dir='ltr'><strong>praecisionem</strong></span> <span class='ocrx_word' id='word_1_173' title='bbox 457 2192 633 2268; x_wconf 88' lang='lat' dir='ltr'><strong>additionis;</strong></span> <span class='ocrx_word' id='word_1_174' title='bbox 655 2193 738 2276; x_wconf 86' lang='lat' dir='ltr'><strong>quia,</strong></span> <span class='ocrx_word' id='word_1_175' title='bbox 776 2190 802 2253; x_wconf 88' lang='lat' dir='ltr'><strong>si</strong></span> <span class='ocrx_word' id='word_1_176' title='bbox 837 2189 897 2252; x_wconf 85' lang='lat' dir='ltr'><strong>boe</strong></span> <span class='ocrx_word' id='word_1_177' title='bbox 931 2201 1022 2264; x_wconf 85' lang='lat' dir='ltr'><strong>esset,</strong></span> 
     </span>
     <span class='ocr_line' id='line_1_24' title="bbox 92 2273 1021 2368; baseline 0.002 -30"><span class='ocrx_word' id='word_1_178' title='bbox 92 2273 171 2338; x_wconf 91' lang='lat' dir='ltr'><strong>nibil</strong></span> <span class='ocrx_word' id='word_1_179' title='bbox 194 2290 296 2360; x_wconf 86' lang='lat' dir='ltr'><strong>posset</strong></span> <span class='ocrx_word' id='word_1_180' title='bbox 319 2278 445 2364; x_wconf 76' lang='lat' dir='ltr'><strong>intelligi</strong></span> <span class='ocrx_word' id='word_1_181' title='bbox 469 2299 537 2346; x_wconf 88' lang='lat' dir='ltr'><strong>esse</strong></span> <span class='ocrx_word' id='word_1_182' title='bbox 560 2281 591 2344; x_wconf 93' lang='lat' dir='ltr'><strong>iu</strong></span> <span class='ocrx_word' id='word_1_183' title='bbox 614 2301 678 2368; x_wconf 88' lang='lat' dir='ltr'><strong>quo</strong></span> <span class='ocrx_word' id='word_1_184' title='bbox 701 2298 795 2366; x_wconf 86' lang='lat' dir='ltr'><strong>super</strong></span> <span class='ocrx_word' id='word_1_185' title='bbox 822 2295 890 2342; x_wconf 83' lang='lat' dir='ltr'><strong>esse</strong></span> <span class='ocrx_word' id='word_1_186' title='bbox 906 2274 1021 2360; x_wconf 85' lang='lat' dir='ltr'><strong>aliquid</strong></span> 
     </span>
     <span class='ocr_line' id='line_1_25' title="bbox 93 2362 272 2429; baseline 0.017 -3"><span class='ocrx_word' id='word_1_187' title='bbox 93 2362 272 2429; x_wconf 88' lang='lat' dir='ltr'><strong>adderetur.</strong></span> 
     </span>
    </p>

    <p class='ocr_par' dir='ltr' id='par_1_6' title="bbox 89 2451 1024 3252">
     <span class='ocr_line' id='line_1_26' title="bbox 161 2451 1021 2542; baseline 0.001 -27"><span class='ocrx_word' id='word_1_188' title='bbox 161 2451 310 2539; x_wconf 82' lang='lat' dir='ltr'><strong>Similiter</strong></span> <span class='ocrx_word' id='word_1_189' title='bbox 331 2455 436 2534; x_wconf 86' lang='lat' dir='ltr'><strong>etiam,</strong></span> <span class='ocrx_word' id='word_1_190' title='bbox 458 2457 600 2542; x_wconf 83' lang='lat' dir='ltr'><strong>quamvis</strong></span> <span class='ocrx_word' id='word_1_191' title='bbox 623 2458 663 2521; x_wconf 88' lang='lat' dir='ltr'><strong>sit</strong></span> <span class='ocrx_word' id='word_1_192' title='bbox 700 2474 769 2522; x_wconf 84' lang='lat' dir='ltr'><strong>esse</strong></span> <span class='ocrx_word' id='word_1_193' title='bbox 804 2465 934 2531; x_wconf 88' lang='lat' dir='ltr'><strong>tautum,</strong></span> <span class='ocrx_word' id='word_1_194' title='bbox 957 2471 1021 2518; x_wconf 90' lang='lat' dir='ltr'><strong>uun</strong></span> 
     </span>
     <span class='ocr_line' id='line_1_27' title="bbox 92 2540 1022 2634; baseline 0.004 -32"><span class='ocrx_word' id='word_1_195' title='bbox 92 2555 217 2625; x_wconf 89' lang='lat' dir='ltr'><strong>oportet</strong></span> <span class='ocrx_word' id='word_1_196' title='bbox 238 2542 321 2628; x_wconf 88' lang='lat' dir='ltr'><strong>quod</strong></span> <span class='ocrx_word' id='word_1_197' title='bbox 343 2543 488 2610; x_wconf 78' lang='lat' dir='ltr'><strong>deliniant</strong></span> <span class='ocrx_word' id='word_1_198' title='bbox 510 2546 538 2610; x_wconf 89' lang='lat' dir='ltr'><strong>ei</strong></span> <span class='ocrx_word' id='word_1_199' title='bbox 574 2545 712 2634; x_wconf 81' lang='lat' dir='ltr'><strong>reliquae</strong></span> <span class='ocrx_word' id='word_1_200' title='bbox 746 2540 949 2630; x_wconf 81' lang='lat' dir='ltr'><strong>perfectiones</strong></span> <span class='ocrx_word' id='word_1_201' title='bbox 974 2542 1022 2606; x_wconf 86' lang='lat' dir='ltr'><strong>vel</strong></span> 
     </span>
     <span class='ocr_line' id='line_1_28' title="bbox 91 2628 1023 2721; baseline 0.003 -29"><span class='ocrx_word' id='word_1_202' title='bbox 91 2628 280 2708; x_wconf 64' lang='lat' dir='ltr'><strong>nobilitatem</strong></span> <span class='ocrx_word' id='word_1_203' title='bbox 301 2633 365 2697; x_wconf 87' lang='lat' dir='ltr'><strong>imo</strong></span> <span class='ocrx_word' id='word_1_204' title='bbox 389 2634 482 2699; x_wconf 89' lang='lat' dir='ltr'><strong>babet</strong></span> <span class='ocrx_word' id='word_1_205' title='bbox 504 2653 614 2699; x_wconf 87' lang='lat' dir='ltr'><strong>omnes</strong></span> <span class='ocrx_word' id='word_1_206' title='bbox 638 2633 843 2721; x_wconf 78' lang='lat' dir='ltr'><strong>perfectiones</strong></span> <span class='ocrx_word' id='word_1_207' title='bbox 855 2651 935 2714; x_wconf 85' lang='lat' dir='ltr'><strong>quae</strong></span> <span class='ocrx_word' id='word_1_208' title='bbox 951 2645 1023 2695; x_wconf 88' lang='lat' dir='ltr'><strong>sunt</strong></span> 
     </span>
     <span class='ocr_line' id='line_1_29' title="bbox 90 2715 1024 2810; baseline 0.001 -29"><span class='ocrx_word' id='word_1_209' title='bbox 90 2715 125 2781; x_wconf 90' lang='lat' dir='ltr'><strong>iu</strong></span> <span class='ocrx_word' id='word_1_210' title='bbox 149 2719 295 2787; x_wconf 84' lang='lat' dir='ltr'><strong>omuibus</strong></span> <span class='ocrx_word' id='word_1_211' title='bbox 316 2723 493 2804; x_wconf 73' lang='lat' dir='ltr'><strong>generibus,</strong></span> <span class='ocrx_word' id='word_1_212' title='bbox 516 2721 745 2810; x_wconf 84' lang='lat' dir='ltr'><strong>propterquod</strong></span> <span class='ocrx_word' id='word_1_213' title='bbox 770 2718 939 2807; x_wconf 80' lang='lat' dir='ltr'><strong>perfeetum</strong></span> <span class='ocrx_word' id='word_1_214' title='bbox 950 2723 1024 2782; x_wconf 87' lang='lat' dir='ltr'><strong>sim·</strong></span> 
     </span>
     <span class='ocr_line' id='line_1_30' title="bbox 92 2806 1024 2899; baseline 0.003 -30"><span class='ocrx_word' id='word_1_215' title='bbox 92 2806 216 2891; x_wconf 89' lang='lat' dir='ltr'><strong>plieiter</strong></span> <span class='ocrx_word' id='word_1_216' title='bbox 252 2809 372 2888; x_wconf 82' lang='lat' dir='ltr'><strong>dieitur,</strong></span> <span class='ocrx_word' id='word_1_217' title='bbox 411 2826 444 2876; x_wconf 91' lang='lat' dir='ltr'><strong>ut</strong></span> <span class='ocrx_word' id='word_1_218' title='bbox 477 2810 687 2899; x_wconf 81' lang='lat' dir='ltr'><strong>Philosophus</strong></span> <span class='ocrx_word' id='word_1_219' title='bbox 724 2823 755 2874; x_wconf 85' lang='lat' dir='ltr'><strong>et</strong></span> <span class='ocrx_word' id='word_1_220' title='bbox 790 2807 1024 2872; x_wconf 83' lang='lat' dir='ltr'><strong>Commentatnr</strong></span> 
     </span>
     <span class='ocr_line' id='line_1_31' title="bbox 93 2893 1023 2985; baseline 0.003 -27"><span class='ocrx_word' id='word_1_221' title='bbox 93 2893 304 2983; x_wconf 84' lang='lat' dir='ltr'><strong>(Metapbys.‚</strong></span> <span class='ocrx_word' id='word_1_222' title='bbox 327 2898 374 2985; x_wconf 79' lang='lat'><strong>5)</strong></span> <span class='ocrx_word' id='word_1_223' title='bbox 396 2899 512 2976; x_wconf 81' lang='lat' dir='ltr'><strong>dieunt3</strong></span> <span class='ocrx_word' id='word_1_224' title='bbox 535 2900 589 2964; x_wconf 88' lang='lat' dir='ltr'><strong>sed</strong></span> <span class='ocrx_word' id='word_1_225' title='bbox 615 2901 708 2966; x_wconf 87' lang='lat' dir='ltr'><strong>babet</strong></span> <span class='ocrx_word' id='word_1_226' title='bbox 730 2919 783 2964; x_wconf 83' lang='lat' dir='ltr'><strong>eus</strong></span> <span class='ocrx_word' id='word_1_227' title='bbox 806 2897 900 2962; x_wconf 87' lang='lat' dir='ltr'><strong>modo</strong></span> <span class='ocrx_word' id='word_1_228' title='bbox 924 2894 1023 2961; x_wconf 80' lang='lat' dir='ltr'><strong>excel·</strong></span> 
     </span>
     <span class='ocr_line' id='line_1_32' title="bbox 90 2978 1021 3074; baseline 0.005 -31"><span class='ocrx_word' id='word_1_229' title='bbox 90 2978 384 3054; x_wconf 79' lang='lat' dir='ltr'><strong>lentioriomnibus</strong></span> <span class='ocrx_word' id='word_1_230' title='bbox 406 2989 510 3062; x_wconf 90' lang='lat' dir='ltr'><strong>rebus,</strong></span> <span class='ocrx_word' id='word_1_231' title='bbox 534 2990 606 3074; x_wconf 85' lang='lat' dir='ltr'><strong>quia</strong></span> <span class='ocrx_word' id='word_1_232' title='bbox 640 2991 671 3054; x_wconf 93' lang='lat' dir='ltr'><strong>iu</strong></span> <span class='ocrx_word' id='word_1_233' title='bbox 705 3009 744 3052; x_wconf 92' lang='lat' dir='ltr'><strong>eo</strong></span> <span class='ocrx_word' id='word_1_234' title='bbox 781 3005 891 3051; x_wconf 88' lang='lat' dir='ltr'><strong>omnes</strong></span> <span class='ocrx_word' id='word_1_235' title='bbox 925 3005 1021 3050; x_wconf 88' lang='lat' dir='ltr'><strong>unum</strong></span> 
     </span>
     <span class='ocr_line' id='line_1_33' title="bbox 89 3075 1023 3151; baseline 0.002 -15"><span class='ocrx_word' id='word_1_236' title='bbox 89 3086 176 3151; x_wconf 88' lang='lat' dir='ltr'><strong>suut,</strong></span> <span class='ocrx_word' id='word_1_237' title='bbox 198 3075 253 3139; x_wconf 88' lang='lat' dir='ltr'><strong>sed</strong></span> <span class='ocrx_word' id='word_1_238' title='bbox 276 3077 308 3139; x_wconf 91' lang='lat' dir='ltr'><strong>iu</strong></span> <span class='ocrx_word' id='word_1_239' title='bbox 332 3075 400 3142; x_wconf 90' lang='lat' dir='ltr'><strong>aliis</strong></span> <span class='ocrx_word' id='word_1_240' title='bbox 422 3077 630 3142; x_wconf 85' lang='lat' dir='ltr'><strong>diversitatem</strong></span> <span class='ocrx_word' id='word_1_241' title='bbox 669 3077 796 3151; x_wconf 84' lang='lat' dir='ltr'><strong>babent;</strong></span> <span class='ocrx_word' id='word_1_242' title='bbox 819 3088 849 3139; x_wconf 88' lang='lat' dir='ltr'><strong>et</strong></span> <span class='ocrx_word' id='word_1_243' title='bbox 887 3075 946 3138; x_wconf 87' lang='lat' dir='ltr'><strong>boe</strong></span> <span class='ocrx_word' id='word_1_244' title='bbox 976 3089 1023 3138; x_wconf 85' lang='lat' dir='ltr'><strong>est</strong></span> 
     </span>
     <span class='ocr_line' id='line_1_34' title="bbox 89 3161 1022 3252; baseline 0.001 -27"><span class='ocrx_word' id='word_1_245' title='bbox 89 3161 166 3246; x_wconf 80' lang='lat' dir='ltr'><strong>quio</strong></span> <span class='ocrx_word' id='word_1_246' title='bbox 190 3182 300 3230; x_wconf 88' lang='lat' dir='ltr'><strong>omues</strong></span> <span class='ocrx_word' id='word_1_247' title='bbox 320 3164 392 3230; x_wconf 81' lang='lat' dir='ltr'><strong>illae</strong></span> <span class='ocrx_word' id='word_1_248' title='bbox 416 3165 620 3252; x_wconf 73' lang='lat' dir='ltr'><strong>perles-tiones</strong></span> <span class='ocrx_word' id='word_1_249' title='bbox 657 3165 846 3232; x_wconf 80' lang='lat' dir='ltr'><strong>conveniunt</strong></span> <span class='ocrx_word' id='word_1_250' title='bbox 883 3165 939 3228; x_wconf 87' lang='lat' dir='ltr'><strong>sibi</strong></span> <span class='ocrx_word' id='word_1_251' title='bbox 975 3183 1022 3227; x_wconf 80' lang='lat' dir='ltr'><strong>se-</strong></span> 
     </span>
    </p>
   </div>
   <div class='ocr_carea' id='block_1_4' title="bbox 143 3297 1020 3374">
    <p class='ocr_par' dir='ltr' id='par_1_7' title="bbox 143 3297 1020 3374">
     <span class='ocr_line' id='line_1_35' title="bbox 143 3297 1020 3374; baseline 0.005 -24"><span class='ocrx_word' id='word_1_252' title='bbox 143 3297 183 3366; x_wconf 76' lang='lat' dir='ltr'><strong>(lJ</strong></span> <span class='ocrx_word' id='word_1_253' title='bbox 202 3299 300 3354; x_wconf 89' lang='lat' dir='ltr'><strong>Sensus</strong></span> <span class='ocrx_word' id='word_1_254' title='bbox 317 3308 366 3357; x_wconf 88' lang='lat' dir='ltr'><strong>est:</strong></span> <span class='ocrx_word' id='word_1_255' title='bbox 385 3298 415 3357; x_wconf 93' lang='lat' dir='ltr'><strong>ln</strong></span> <span class='ocrx_word' id='word_1_256' title='bbox 435 3302 574 3370; x_wconf 80' lang='lat' dir='ltr'><strong>generibus</strong></span> <span class='ocrx_word' id='word_1_257' title='bbox 592 3309 618 3354; x_wconf 86' lang='lat' dir='ltr'><strong>et</strong></span> <span class='ocrx_word' id='word_1_258' title='bbox 637 3304 785 3374; x_wconf 88' lang='lat' dir='ltr'><strong>speciebus,</strong></span> <span class='ocrx_word' id='word_1_259' title='bbox 812 3317 882 3371; x_wconf 85' lang='lat' dir='ltr'><strong>quae</strong></span> <span class='ocrx_word' id='word_1_260' title='bbox 911 3299 1020 3354; x_wconf 78' lang='lat' dir='ltr'><strong>uuturn&#39;s</strong></span> 
     </span>
    </p>
   </div>
   <div class='ocr_carea' id='block_1_5' title="bbox 87 3369 1133 3463">
    <p class='ocr_par' dir='ltr' id='par_1_8' title="bbox 87 3369 1133 3463">
     <span class='ocr_line' id='line_1_36' title="bbox 87 3369 1133 3463; baseline 0.002 -42"><span class='ocrx_word' id='word_1_261' title='bbox 87 3370 254 3425; x_wconf 79' lang='lat' dir='ltr'><strong>universales</strong></span> <span class='ocrx_word' id='word_1_262' title='bbox 270 3376 434 3442; x_wconf 81' lang='lat' dir='ltr'><strong>exprimunt,</strong></span> <span class='ocrx_word' id='word_1_263' title='bbox 453 3375 585 3426; x_wconf 83' lang='lat' dir='ltr'><strong>distinctio</strong></span> <span class='ocrx_word' id='word_1_264' title='bbox 604 3389 656 3426; x_wconf 94' lang='lat' dir='ltr'><strong>non</strong></span> <span class='ocrx_word' id='word_1_265' title='bbox 675 3376 790 3426; x_wconf 87' lang='lat' dir='ltr'><strong>sumitur·</strong></span> <span class='ocrx_word' id='word_1_266' title='bbox 808 3389 823 3426; x_wconf 87' lang='lat' dir='ltr'><strong>tt</strong></span> <span class='ocrx_word' id='word_1_267' title='bbox 841 3375 1021 3463; x_wconf 25' lang='lat' dir='ltr'><strong>uaturrskipsrs</strong></span> <span class='ocrx_word' id='word_1_268' title='bbox 1119 3369 1133 3382; x_wconf 62' lang='lat'><strong>&#39;‘</strong></span> 
     </span>
    </p>
   </div>
   <div class='ocr_carea' id='block_1_6' title="bbox 85 3444 1021 3602">
    <p class='ocr_par' dir='ltr' id='par_1_9' title="bbox 85 3444 1021 3602">
     <span class='ocr_line' id='line_1_37' title="bbox 85 3444 1021 3534; baseline -0.003 -24"><span class='ocrx_word' id='word_1_269' title='bbox 85 3474 160 3528; x_wconf 87' lang='lat' dir='ltr'><strong>quae</strong></span> <span class='ocrx_word' id='word_1_270' title='bbox 169 3461 340 3512; x_wconf 87' lang='lat' dir='ltr'><strong>sunteaedem</strong></span> <span class='ocrx_word' id='word_1_271' title='bbox 348 3461 501 3514; x_wconf 89' lang='lat' dir='ltr'><strong>inomuibus</strong></span> <span class='ocrx_word' id='word_1_272' title='bbox 511 3461 643 3530; x_wconf 86' lang='lat' dir='ltr'><strong>inquibus</strong></span> <span class='ocrx_word' id='word_1_273' title='bbox 652 3444 949 3534; x_wconf 78' lang='lat' dir='ltr'><strong>repertuutnr‚sedrirro</strong></span> <span class='ocrx_word' id='word_1_274' title='bbox 968 3471 1021 3509; x_wconf 82' lang='lat' dir='ltr'><strong>roo</strong></span> 
     </span>
     <span class='ocr_line' id='line_1_38' title="bbox 86 3532 957 3602; baseline 0.008 -21"><span class='ocrx_word' id='word_1_275' title='bbox 86 3547 158 3595; x_wconf 79' lang='lat' dir='ltr'><strong>erse,</strong></span> <span class='ocrx_word' id='word_1_276' title='bbox 176 3532 249 3601; x_wconf 87' lang='lat' dir='ltr'><strong>quod</strong></span> <span class='ocrx_word' id='word_1_277' title='bbox 267 3547 310 3586; x_wconf 83' lang='lat' dir='ltr'><strong>eas</strong></span> <span class='ocrx_word' id='word_1_278' title='bbox 328 3538 420 3586; x_wconf 73' lang='lat' dir='ltr'><strong>retunt</strong></span> <span class='ocrx_word' id='word_1_279' title='bbox 437 3538 464 3586; x_wconf 83' lang='lat' dir='ltr'><strong>ot</strong></span> <span class='ocrx_word' id='word_1_280' title='bbox 481 3539 521 3586; x_wconf 84' lang='lat' dir='ltr'><strong>est</strong></span> <span class='ocrx_word' id='word_1_281' title='bbox 536 3532 714 3602; x_wconf 77' lang='lat' dir='ltr'><strong>diversimode</strong></span> <span class='ocrx_word' id='word_1_282' title='bbox 730 3535 758 3588; x_wconf 90' lang='lat' dir='ltr'><strong>in</strong></span> <span class='ocrx_word' id='word_1_283' title='bbox 777 3535 896 3591; x_wconf 65' lang='lat' dir='ltr'><strong>brutus.</strong></span> <span class='ocrx_word' id='word_1_284' title='bbox 928 3581 929 3586; x_wconf 70' lang='grc'>,</span> <span class='ocrx_word' id='word_1_285' title='bbox 953 3593 957 3602; x_wconf 60' lang='grc'><em>,</em></span> 
     </span>
    </p>
   </div>
   <div class='ocr_carea' id='block_1_7' title="bbox 0 0 1246 3975">
    <p class='ocr_par' dir='ltr' id='par_1_10' title="bbox 0 0 1246 3975">
     <span class='ocr_line' id='line_1_39' title="bbox 0 0 1246 3975; baseline 0 2"><span class='ocrx_word' id='word_1_286' title='bbox 0 0 1246 3975; x_wconf 95' lang='lat' dir='ltr'><strong> </strong></span> 
     </span>
    </p>
   </div>
  </div>
 </body>
</html>
