2484 3975
445 243 502 287 eru.
526 243 564 286 rr.
589 240 653 286 etr.
677 239 752 284 ntra.
989 222 1053 289 165

121 309 271 394 paschae,
293 310 446 376 Dominus
468 331 540 378 com
553 309 710 396 discipulis
728 329 857 374 coenam
875 309 1052 386 celebrarit,

123 399 225 477 loen,
249 399 301 477 15,
327 400 341 466 1
368 413 398 463 et
420 419 519 487 seqq,
542 401 573 466 iu
598 420 658 484 qua
682 417 793 482 corpus
826 419 918 462 suum
942 418 1052 466 course-

125 488 233 566 rrarit,
254 490 332 554 sicut
355 488 517 573 Apostolus
540 489 641 566 tradit,
666 487 680 551 l
708 486 789 565 Con,
813 487 865 565 ll,
889 487 943 564 aa
967 488 1052 554 unde

125 576 247 642 videtur
268 576 351 662 quod
375 577 513 642 Christus
535 597 664 643 coenam
689 571 855 640 celebravit
878 575 1047 642 antediem

123 685 317 751 azymorum,
345 678 376 730 et
411 667 454 730 sie
492 667 523 731 in
561 664 792 732 consecratione
825 665 871 730 sui
910 666 1051 751 corporis

122 774 199 819 usos
222 753 278 819 luit
302 774 381 840 pane
404 753 599 820 sermentato.
638 753 702 818 Hoc
737 754 829 818 etiam
864 753 1051 819 confirmare

121 843 232 908 volunt
255 861 309 929 per
332 844 391 907 boc
414 842 497 928 quod
522 845 654 910 babetur
677 841 760 927 quod
785 854 868 908 sexta
887 841 973 920 laria,
990 863 1052 927 qna

122 931 263 1002 Christus
285 944 331 996 est
353 931 535 1010 crucifixus,
548 931 657 998 ludaei
673 950 733 994 aon
757 931 943 996 introierunt
955 951 1051 1016 proe-

124 1022 237 1084 tortum
259 1020 369 1088 Pilati,
393 1032 429 1084 nt
449 1039 511 1084 aon
544 1020 840 1098 contaminarentur,
849 1020 903 1084 scd
916 1032 949 1086 ut
963 1039 1051 1084 stort-

122 1113 274 1172 dueurcnt
292 1109 424 1193 pusello,
446 1109 569 1187 loann,
609 1110 661 1185 18,
700 1107 754 1182 ⁶2&
793 1109 905 1196 pascha
946 1123 1049 1175 autem

122 1197 269 1263 dicuntur
291 1217 409 1284 azyma,
432 1217 507 1282 ergo
530 1198 720 1264 concludunt
743 1198 827 1282 quod
858 1216 955 1262 coena
994 1196 1051 1264 luit

123 1285 278 1352 celebrata
301 1301 373 1351 ante
395 1306 515 1371 azyma.
1138 1299 1140 1306 ’

191 1374 236 1439 lu
259 1374 319 1440 hoc
341 1388 444 1440 nutem
468 1375 673 1462 respondetur
695 1371 880 1460 quod,sicut
898 1373 1049 1440 Dominus

122 1462 251 1529 mandat
273 1463 367 1528 Exodi
391 1463 588 1542 duodecimo,
600 1463 714 1528 lestum
731 1483 912 1548 azymorum
929 1477 1049 1550 septem

121 1549 233 1618 diebus
255 1551 478 1629 celebrabatur,
505 1553 585 1618 inter
623 1572 699 1637 quas
738 1551 804 1617 dies
845 1552 943 1638 prima
984 1559 1050 1616 erat

120 1657 227 1704 torreta
250 1654 341 1726 atque
363 1640 511 1707 solemnis
535 1643 702 1728 praecipue
726 1639 806 1704 inter
845 1639 931 1717 alias,
966 1640 1050 1725 quod

121 1742 188 1795 erat
202 1729 429 1815 quintadecima
446 1730 496 1795 die
513 1730 639 1805 mensis;
655 1727 720 1804 sed,
734 1730 806 1814 qnia
821 1726 904 1813 apud
915 1727 1049 1794 ludaeos

119 1816 331 1884 solemnitates
354 1839 370 1882 a
395 1817 592 1902 praecedenti
616 1837 744 1903 vespere
761 1816 962 1902 incipiebant,
979 1816 1049 1882 ideo

119 1906 350 1992 quartadecima
374 1905 425 1972 die
449 1907 487 1971 ad
504 1926 664 1993 uesperam
679 1905 866 1993 incipiebant
881 1905 1049 1970 comedere

120 2014 227 2080 azyma
241 2009 271 2061 et
295 1996 499 2061 comedebant
523 2017 578 2083 per
600 2010 718 2081 septem
731 1996 955 2080 subsequentes
972 1994 1049 2073 dies3

120 2097 155 2149 et·
175 2083 245 2149 ideo
269 2084 380 2150 dicitur
405 2087 435 2149 in
463 2086 574 2150 eodem
612 2084 757 2170 capitulo:
794 2083 901 2147 Primo
937 2104 1050 2163 menae,
1166 2136 1167 2141 ,
1234 2128 1237 2139 ,

120 2174 359 2256 quartodecimo
380 2175 432 2237 die
454 2175 569 2239 mensis
592 2174 636 2238 nd
673 2192 846 2256 vesperam,
884 2173 1052 2239 comedetis

121 2281 249 2346 azymo,
270 2284 366 2347 arsque
388 2264 432 2327 nd
453 2263 537 2327 diem
559 2261 738 2347 nipesr'mnm
749 2262 888 2345 primum
911 2262 1050 2344 ejusdcm

119 2351 236 2415 mensis
257 2354 301 2414 nd
324 2370 494 2434 uesperam.
521 2350 644 2435 Septem
658 2348 766 2415 diebus
790 2350 974 2433 sementum
988 2370 1050 2413 non

120 2439 293 2503 invenietur
314 2440 346 2505 ia
369 2440 512 2504 domibus
533 2441 654 2517 uestris,
679 2438 783 2515 Erod,
808 2438 859 2514 tz,
887 2436 995 2513 l8·l9;
1019 2452 1050 2503 et

123 2526 237 2593 eadem
257 2528 486 2613 quartadecima
511 2527 626 2592 dicad
663 2546 804 2611 vesperas
830 2525 1051 2591 immolabatur

122 2634 223 2698 agnus
246 2617 406 2700 paschalis.
432 2616 535 2681 Prima
559 2636 634 2700 ergo
658 2614 708 2678 die
723 2632 902 2699 azymorum
919 2634 935 2677 a
953 2613 1051 2680 tribus

122 2703 332 2788 Evangelistis,
355 2705 522 2781 llatthaeo,
540 2704 652 2780 Marco,
677 2701 769 2780 Luca,
793 2701 906 2765 dieitur
923 2716 1049 2787 quarta-

120 2791 241 2857 decima
265 2793 331 2857 dies
354 2794 479 2871 mensis,
502 2794 573 2877 quia
598 2792 637 2857 nd
662 2810 821 2877 vesperam
838 2791 1047 2857 comedebant

121 2889 229 2965 azyma
254 2895 284 2945 et
308 2894 381 2947 tune
417 2882 637 2949 immolabatur
672 2881 797 2965 pasclra,
833 2878 912 2943 idest
949 2900 1049 2965 agnus

122 2969 286 3055 paschalia
309 2983 339 3035 et
361 2972 420 3038 boc
458 2984 533 3049 crat,
571 2969 743 3034 secondum
774 2967 942 3046 loannem,
977 2982 1050 3035 ante
1138 2992 1141 2997 ’

121 3058 208 3122 diem
231 3058 343 3123 festum
366 3059 508 3145 paschae,
534 3058 612 3125 idest
646 3070 716 3121 ante
751 3056 1047 3141 quintamdecimam

120 3146 207 3211 diem
231 3148 355 3225 mensis,
378 3168 459 3234 quae
481 3161 548 3213 erat
569 3146 739 3211 solemnior
762 3148 840 3209 inter
872 3164 992 3222 omnes,
1017 3146 1048 3209 in

120 3253 183 3321 qua
205 3233 313 3300 ludaei
339 3235 481 3301 volebant
504 3233 670 3301 comedere
696 3234 819 3319 pasclm,
850 3230 928 3296 idest
954 3254 1050 3318 panes

120 3341 247 3407 azymos
271 3324 439 3409 paschales,
463 3344 526 3388 non
564 3338 668 3388 autem
707 3340 822 3405 agnum
859 3321 1049 3408 paschalem.

120 3409 158 3475 Et
179 3411 235 3484 sic,
259 3411 342 3477 nulla
366 3404 622 3478 discordia'inter
646 3409 853 3493 Evangelistas
886 3410 1048 3489 existente,

118 3497 249 3587 planum
272 3501 425 3591 estquod
448 3500 585 3569 Christus
608 3519 646 3567 ex
669 3519 777 3587 azymo
817 3519 896 3586 pane
935 3518 1051 3600 corpus
