2484 3975
352 247 390 292 or
415 246 600 294 sussrsurus
624 245 780 293 sensatus
965 224 1026 291 tut

99 334 215 382 seruus
238 317 400 382 consentit.
424 315 486 384 Sed
510 331 540 381 et
564 317 780 402 Hieronymus,
793 313 940 402 praedicti
957 313 1033 380 Gre-

101 406 182 490 gorii
205 405 382 470 nazianzeni
404 403 584 489 discipulus,
603 406 746 471 eamdem
776 402 962 470 sententiam
985 423 1033 469 se·

99 495 218 580 quitur;
241 494 315 560 dicit
335 494 430 559 enim:
460 521 475 552 ι
496 495 556 560 Sex
580 494 676 560 millia
699 492 832 558 necdum
847 492 942 558 nostri
956 505 1032 556 tetu-

100 583 187 670 poris
209 582 377 669 implentur
398 603 563 659 annorum3
586 598 617 649 et
640 597 769 669 quantas
792 583 878 667 prius
901 577 1033 647 aeterni·

99 685 191 751 tates,
212 685 325 758 quanta
349 686 500 757 tempora,
523 687 655 759 quantas
678 670 874 737 speculorum
898 669 1034 755 origines

100 759 199 826 luisse
222 761 434 826 arbitrandum
458 775 514 838 est,
538 763 569 826 in
594 761 707 847 quibus
730 758 980 843 Angelillrroni
1003 772 1034 825 et

99 848 351 922 Dominetioness
386 852 561 934 caeterique
594 851 719 916 ordines
756 850 929 916 servierunt
964 848 1033 916 Deo

100 939 221 1025 ubsque
245 952 420 1025 temporum
443 939 562 1005 uicibus
584 953 677 1026 atque
702 938 864 1016 mensuris,
902 951 944 1014 st,
966 937 1034 1006 uso

98 1026 231 1111 jubente
253 1025 480 1096 substiterunt!
503 1056 518 1090 s
549 1028 678 1115 (Super
714 1027 806 1112 Epist.
831 1027 869 1092 ad
893 1023 1034 1110 Titum).

62 1178 67 1204 ¹
100 1116 253 1184 Neutrum
277 1130 381 1182 sutem
404 1117 516 1182 luorum
539 1119 670 1187 aestimo
685 1136 860 1182 cssesanse
875 1115 1034 1180 doctrinas

101 1206 306 1284 contrarium,
327 1206 400 1291 quia
423 1206 515 1272 nimis
549 1221 840 1294 praesumptuosum
877 1204 1034 1271 rideretur

101 1314 242 1360 esserere
265 1308 366 1359 tentos
389 1293 541 1360 Ecclesiae
563 1295 706 1361 doctores
730 1316 746 1364 a
785 1301 860 1360 sana
895 1293 1034 1359 doctrina

101 1384 226 1472 pietatis
248 1383 399 1448 deviasse.
433 1382 510 1450 llam
549 1385 702 1450 sententia
737 1383 899 1468 Augustini
935 1382 1035 1468 magis

103 1471 227 1537 ridetur
248 1484 426 1558 competere
447 1476 617 1539 sententiae
640 1492 749 1538 eorum
784 1473 835 1557 qui
860 1485 980 1559 ponunt
1003 1472 1034 1538 in

103 1581 210 1626 rerum
235 1559 437 1647 productione
475 1581 537 1626 non
574 1561 668 1627 luisse
707 1559 854 1647 temporis
892 1560 1034 1626 ordinem

104 1649 278 1716 secundum
300 1669 465 1714 numerum
488 1649 609 1716 dierum
633 1650 801 1727 senarium,
838 1669 916 1734 quos
950 1648 1034 1716 Seri·

104 1751 196 1826 ptura
219 1753 454 1812 commemoratu
477 1737 531 1803 sed
556 1740 624 1806 illos
647 1759 699 1804 ser
723 1737 789 1803 dies
811 1737 905 1803 relsrt
931 1740 1035 1822 durgu-

103 1831 204 1892 stinus
226 1827 265 1892 sd
289 1825 521 1910 intelligentiam
544 1828 727 1912 angelicam,
750 1847 803 1893 sex
839 1847 943 1892 rerum
983 1847 1038 1912 qe·

104 1915 231 1982 neribus
244 1929 478 2001 praesentatam.
497 1918 654 1984 Sententia
668 1937 742 1982 uero
758 1915 897 2003 Gregorii
913 1915 1036 1982 nazian·

107 2005 190 2084 zeni,
213 2006 392 2091 Hieronymi
432 2020 463 2071 et
499 2007 684 2073 Damasceni
723 2007 954 2072 convenientior
992 2020 1038 2072 est

104 2094 278 2161 seeundum
302 2114 412 2160 eorum
436 2097 623 2180 positionem
646 2096 699 2181 qui
723 2110 842 2181 ponunt
877 2097 907 2161 in
932 2111 1037 2162 rerum

105 2182 312 2270 productione
335 2184 562 2249 successionem
587 2186 734 2272 temporis
771 2184 944 2251 seeundum
984 2203 1037 2249 sex

105 2272 174 2338 dies
197 2272 378 2357 praedictos:
401 2272 426 2337 si
449 2274 534 2337 enim
556 2288 717 2339 creaturae
741 2295 803 2340 nou
823 2274 948 2339 luerunt
970 2293 1037 2337 enr-

106 2380 164 2425 nes
185 2360 277 2425 simul
302 2360 480 2446 productae,
501 2363 575 2427 satis
609 2362 769 2447 probabile
803 2378 849 2429 est
881 2374 1037 2429 creaturas

106 2448 281 2537 spirituales
303 2448 408 2514 omniu
430 2470 560 2537 corpora
584 2454 797 2537 praecessisse.

173 2538 205 2603 Si
230 2535 304 2603 tero
325 2553 494 2623 quaeratur
516 2540 568 2604 ubi
590 2542 684 2605 eremi
708 2552 780 2605 sunt
818 2538 935 2624 Angeli.
975 2558 1039 2603 rna-

107 2625 253 2694 ttiiestum
276 2627 428 2712 estquod
452 2629 591 2715 quaestio
614 2629 669 2695 ista
693 2629 795 2694 locum
832 2648 894 2693 non
934 2625 1039 2706 habet,

105 2716 131 2781 si
154 2728 257 2805 ereata
279 2728 326 2780 est
347 2717 514 2799 spiritualis
536 2718 706 2784 substantia
723 2730 794 2781 unte
811 2736 936 2783 omnem
950 2734 1036 2779 erea-

107 2817 210 2870 turam
233 2823 426 2892 eorpoream
448 2827 520 2873 curn
544 2806 630 2872 locus
652 2808 691 2871 sit
714 2804 829 2891 aliquid
866 2802 1038 2888 corporale:

106 2894 167 2961 nisi
189 2891 269 2959 lortc
291 2913 347 2978 pro
369 2891 439 2959 loeo
452 2896 639 2981 recipiemus
656 2892 847 2977 spiritualem
869 2894 1039 2959 claritatem

107 2981 386 3067 quaillustraotur
408 3003 425 3047 a
449 2984 526 3050 Deo.
552 2984 638 3048 Unde
669 2982 799 3049 Basilius
834 2982 915 3047 dicit:
946 2983 1039 3047 rur·

105 3071 260 3139 bitramur
283 3070 378 3155 quod,
399 3073 425 3137 si
449 3072 505 3138 luit
526 3071 685 3158 quippiam
710 3085 780 3136 unta
815 3071 1038 3137 institutionem

106 3160 260 3227 sensibilis
284 3159 377 3244 hujus
397 3174 429 3226 ct
451 3160 660 3247 corruptibilis
689 3160 809 3236 mundi,
847 3158 984 3243 prolecto
1007 3159 1038 3225 in

106 3248 179 3317 luce
200 3249 267 3315 tuis.
290 3249 398 3333 Neque
434 3253 517 3315 enim
555 3249 720 3333 dignitates
758 3247 945 3331 Angelorum
979 3260 1057 3313 nc'c·

108 3338 252 3404 omnium
275 3339 454 3405 caelestium
478 3337 615 3414 militiae,
638 3337 687 3403 rel
710 3337 832 3424 siquid
856 3350 901 3403 est
940 3334 1039 3401 nomi·

107 3440 216 3499 natum
241 3442 292 3492 sut
316 3426 663 3514 etismioeppellalsile,
680 3439 733 3491 aut
756 3426 857 3512 eliqua
881 3424 1038 3489 rationalis

108 3516 208 3602 uirtus
229 3516 278 3583 sel
300 3518 489 3585 ministrator
524 3515 660 3606 spiritus,
695 3514 809 3602 degere
843 3527 969 3605 possent
1005 3512 1038 3581 in
