<?xml version="1.0" encoding="UTF-8"?>
<!DOCTYPE html PUBLIC "-//W3C//DTD XHTML 1.0 Transitional//EN"
    "http://www.w3.org/TR/xhtml1/DTD/xhtml1-transitional.dtd">
<html xmlns="http://www.w3.org/1999/xhtml" xml:lang="en" lang="en">
 <head>
  <title>
</title>
<meta http-equiv="Content-Type" content="text/html;charset=utf-8" />
  <meta name='ocr-system' content='tesseract 3.04.00' />
  <meta name='ocr-capabilities' content='ocr_page ocr_carea ocr_par ocr_line ocrx_word'/>
</head>
<body>
  <div class='ocr_page' id='page_1' title='image "./sanctithomaeaqu01thomgoog_0188.png"; bbox 0 0 2484 3975; ppageno 0'>
   <div class='ocr_carea' id='block_1_1' title="bbox 209 225 1238 468">
    <p class='ocr_par' dir='ltr' id='par_1_1' title="bbox 209 103 1238 468">
     <span class='ocr_line' id='line_1_1' title="bbox 212 225 905 294; baseline -0.002 -4"><span class='ocrx_word' id='word_1_1' title='bbox 212 225 276 290; x_wconf 83' lang='lat' dir='ltr'><strong>t8t</strong></span> <span class='ocrx_word' id='word_1_2' title='bbox 446 247 503 291; x_wconf 76' lang='lat' dir='ltr'><strong>orn.</strong></span> <span class='ocrx_word' id='word_1_3' title='bbox 527 247 565 294; x_wconf 82' lang='grc' dir='ltr'><strong>ιν.</strong></span> <span class='ocrx_word' id='word_1_4' title='bbox 589 245 652 292; x_wconf 83' lang='lat' dir='ltr'><strong>mr.</strong></span> <span class='ocrx_word' id='word_1_5' title='bbox 676 245 743 290; x_wconf 76' lang='lat' dir='ltr'><strong>sarr.</strong></span> <span class='ocrx_word' id='word_1_6' title='bbox 769 245 803 290; x_wconf 80' lang='lat' dir='ltr'><strong>ar</strong></span> <span class='ocrx_word' id='word_1_7' title='bbox 826 245 905 294; x_wconf 83' lang='grc' dir='ltr'><strong>ιιιιι.</strong></span> 
     </span>
     <span class='ocr_line' id='line_1_2' title="bbox 209 313 1238 468; baseline 0.002 -90"><span class='ocrx_word' id='word_1_8' title='bbox 209 313 345 380; x_wconf 81' lang='lat' dir='ltr'>Verbum</span> <span class='ocrx_word' id='word_1_9' title='bbox 369 313 508 380; x_wconf 72' lang='lat' dir='ltr'><strong>rationali</strong></span> <span class='ocrx_word' id='word_1_10' title='bbox 532 328 664 380; x_wconf 89' lang='lat' dir='ltr'><strong>naturae</strong></span> <span class='ocrx_word' id='word_1_11' title='bbox 688 315 807 379; x_wconf 90' lang='lat' dir='ltr'><strong>unitum</strong></span> <span class='ocrx_word' id='word_1_12' title='bbox 824 327 879 391; x_wconf 89' lang='lat' dir='ltr'><strong>est,</strong></span> <span class='ocrx_word' id='word_1_13' title='bbox 907 333 979 380; x_wconf 92' lang='lat' dir='ltr'><strong>narn</strong></span> <span class='ocrx_word' id='word_1_14' title='bbox 1004 328 1034 379; x_wconf 89' lang='lat' dir='ltr'><strong>ct</strong></span> <span class='ocrx_word' id='word_1_15' title='bbox 1057 333 1139 399; x_wconf 90' lang='lat' dir='ltr'><strong>pro·</strong></span> <span class='ocrx_word' id='word_1_16' title='bbox 1234 313 1238 468; x_wconf 61' lang='lat' dir='ltr'><strong>p</strong></span> 
     </span>
    </p>
   </div>
   <div class='ocr_carea' id='block_1_2' title="bbox 74 401 1238 1897">
    <p class='ocr_par' dir='ltr' id='par_1_2' title="bbox 74 401 1238 1897">
     <span class='ocr_line' id='line_1_3' title="bbox 209 401 1238 490; baseline 0 -23"><span class='ocrx_word' id='word_1_17' title='bbox 209 416 277 486; x_wconf 88' lang='lat' dir='ltr'><strong>pter</strong></span> <span class='ocrx_word' id='word_1_18' title='bbox 299 401 478 469; x_wconf 85' lang='lat' dir='ltr'><strong>allinitatem</strong></span> <span class='ocrx_word' id='word_1_19' title='bbox 503 403 691 490; x_wconf 79' lang='lat' dir='ltr'><strong>praedictam</strong></span> <span class='ocrx_word' id='word_1_20' title='bbox 715 401 816 468; x_wconf 90' lang='lat' dir='ltr'><strong>divina</strong></span> <span class='ocrx_word' id='word_1_21' title='bbox 832 402 989 490; x_wconf 73' lang='lat' dir='ltr'><strong>Scriptura</strong></span> <span class='ocrx_word' id='word_1_22' title='bbox 1013 423 1137 468; x_wconf 90' lang='lat' dir='ltr'><strong>nomen</strong></span> <span class='ocrx_word' id='word_1_23' title='bbox 1237 469 1238 490; x_wconf 52' lang='lat'><strong>,</strong></span> 
     </span>
     <span class='ocr_line' id='line_1_4' title="bbox 208 491 1137 576; baseline -0.001 -20"><span class='ocrx_word' id='word_1_24' title='bbox 208 491 349 576; x_wconf 79' lang='lat' dir='ltr'><strong>imaginis</strong></span> <span class='ocrx_word' id='word_1_25' title='bbox 371 505 402 558; x_wconf 92' lang='lat' dir='ltr'><strong>et</strong></span> <span class='ocrx_word' id='word_1_26' title='bbox 425 491 526 558; x_wconf 88' lang='lat' dir='ltr'><strong>Verbo</strong></span> <span class='ocrx_word' id='word_1_27' title='bbox 549 491 687 557; x_wconf 73' lang='lat' dir='ltr'><strong>attribuit</strong></span> <span class='ocrx_word' id='word_1_28' title='bbox 710 505 740 556; x_wconf 86' lang='lat' dir='ltr'><strong>et</strong></span> <span class='ocrx_word' id='word_1_29' title='bbox 774 491 903 562; x_wconf 71' lang='lat' dir='ltr'><strong>hominia</strong></span> <span class='ocrx_word' id='word_1_30' title='bbox 939 491 1012 558; x_wconf 90' lang='lat' dir='ltr'><strong>dicit</strong></span> <span class='ocrx_word' id='word_1_31' title='bbox 1045 491 1137 556; x_wconf 86' lang='lat' dir='ltr'><strong>enirn</strong></span> 
     </span>
     <span class='ocr_line' id='line_1_5' title="bbox 208 579 1137 666; baseline 0 -22"><span class='ocrx_word' id='word_1_32' title='bbox 208 581 369 665; x_wconf 80' lang='lat' dir='ltr'><strong>Apostolus</strong></span> <span class='ocrx_word' id='word_1_33' title='bbox 392 580 432 646; x_wconf 92' lang='lat' dir='ltr'><strong>de</strong></span> <span class='ocrx_word' id='word_1_34' title='bbox 454 581 556 646; x_wconf 85' lang='lat' dir='ltr'><strong>Verbo</strong></span> <span class='ocrx_word' id='word_1_35' title='bbox 578 580 662 666; x_wconf 89' lang='lat' dir='ltr'><strong>quod</strong></span> <span class='ocrx_word' id='word_1_36' title='bbox 686 594 732 644; x_wconf 86' lang='lat' dir='ltr'><strong>est</strong></span> <span class='ocrx_word' id='word_1_37' title='bbox 755 581 856 665; x_wconf 81' lang='lat' dir='ltr'><strong>imupo</strong></span> <span class='ocrx_word' id='word_1_38' title='bbox 881 580 940 644; x_wconf 89' lang='lat' dir='ltr'><strong>Dei</strong></span> <span class='ocrx_word' id='word_1_39' title='bbox 955 579 1137 657; x_wconf 83' lang='lat' dir='ltr'><strong>invisibilis,</strong></span> 
     </span>
     <span class='ocr_line' id='line_1_6' title="bbox 209 668 1134 756; baseline -0.001 -23"><span class='ocrx_word' id='word_1_40' title='bbox 209 668 335 748; x_wconf 79' lang='lat' dir='ltr'><strong>Coloss,</strong></span> <span class='ocrx_word' id='word_1_41' title='bbox 361 670 390 744; x_wconf 84' lang='lat' dir='ltr'><strong>l,</strong></span> <span class='ocrx_word' id='word_1_42' title='bbox 415 669 467 745; x_wconf 83' lang='lat' dir='ltr'><strong>lli,</strong></span> <span class='ocrx_word' id='word_1_43' title='bbox 489 683 519 734; x_wconf 89' lang='lat' dir='ltr'><strong>et</strong></span> <span class='ocrx_word' id='word_1_44' title='bbox 543 669 627 734; x_wconf 89' lang='lat' dir='ltr'><strong>idem</strong></span> <span class='ocrx_word' id='word_1_45' title='bbox 651 668 690 734; x_wconf 90' lang='lat' dir='ltr'><strong>de</strong></span> <span class='ocrx_word' id='word_1_46' title='bbox 715 669 842 734; x_wconf 88' lang='lat' dir='ltr'><strong>bomine</strong></span> <span class='ocrx_word' id='word_1_47' title='bbox 872 668 945 734; x_wconf 89' lang='lat' dir='ltr'><strong>dicit</strong></span> <span class='ocrx_word' id='word_1_48' title='bbox 970 668 1054 756; x_wconf 90' lang='lat' dir='ltr'><strong>quod</strong></span> <span class='ocrx_word' id='word_1_49' title='bbox 1082 671 1134 734; x_wconf 85' lang='lat' dir='ltr'><strong>nir</strong></span> 
     </span>
     <span class='ocr_line' id='line_1_7' title="bbox 207 757 930 844; baseline 0.001 -23"><span class='ocrx_word' id='word_1_50' title='bbox 207 758 310 837; x_wconf 84' lang='lat' dir='ltr'><strong>imooo</strong></span> <span class='ocrx_word' id='word_1_51' title='bbox 333 769 364 824; x_wconf 92' lang='lat' dir='ltr'><strong>et</strong></span> <span class='ocrx_word' id='word_1_52' title='bbox 384 759 486 844; x_wconf 86' lang='lat' dir='ltr'><strong>pierio</strong></span> <span class='ocrx_word' id='word_1_53' title='bbox 513 758 571 822; x_wconf 86' lang='lat' dir='ltr'><strong>Dei</strong></span> <span class='ocrx_word' id='word_1_54' title='bbox 594 768 650 834; x_wconf 86' lang='lat' dir='ltr'><strong>est,</strong></span> <span class='ocrx_word' id='word_1_55' title='bbox 675 757 689 822; x_wconf 92' lang='lat' dir='ltr'><strong>l</strong></span> <span class='ocrx_word' id='word_1_56' title='bbox 727 757 796 823; x_wconf 84' lang='lat' dir='ltr'><strong>Cor.</strong></span> <span class='ocrx_word' id='word_1_57' title='bbox 822 757 875 830; x_wconf 87' lang='lat' dir='ltr'><strong>ll,</strong></span> <span class='ocrx_word' id='word_1_58' title='bbox 898 757 930 822; x_wconf 90' lang='grc'><strong>7.</strong></span> 
     </span>
     <span class='ocr_line' id='line_1_8' title="bbox 274 845 1127 922; baseline -0.002 -10"><span class='ocrx_word' id='word_1_59' title='bbox 274 846 372 912; x_wconf 89' lang='lat' dir='ltr'><strong>llabet</strong></span> <span class='ocrx_word' id='word_1_60' title='bbox 394 848 487 913; x_wconf 90' lang='lat' dir='ltr'><strong>etiam</strong></span> <span class='ocrx_word' id='word_1_61' title='bbox 509 846 658 922; x_wconf 87' lang='lat' dir='ltr'><strong>Verbum,</strong></span> <span class='ocrx_word' id='word_1_62' title='bbox 682 867 744 912; x_wconf 93' lang='lat' dir='ltr'><strong>uun</strong></span> <span class='ocrx_word' id='word_1_63' title='bbox 767 845 868 911; x_wconf 90' lang='lat' dir='ltr'><strong>solum</strong></span> <span class='ocrx_word' id='word_1_64' title='bbox 882 845 920 911; x_wconf 93' lang='lat' dir='ltr'><strong>ad</strong></span> <span class='ocrx_word' id='word_1_65' title='bbox 945 846 1127 911; x_wconf 79' lang='lat' dir='ltr'><strong>rationalem</strong></span> 
     </span>
     <span class='ocr_line' id='line_1_9' title="bbox 208 934 1128 1010; baseline -0.004 -10"><span class='ocrx_word' id='word_1_66' title='bbox 208 948 361 1010; x_wconf 87' lang='lat' dir='ltr'><strong>naturam,</strong></span> <span class='ocrx_word' id='word_1_67' title='bbox 386 934 555 1000; x_wconf 89' lang='lat' dir='ltr'><strong>sedetiam</strong></span> <span class='ocrx_word' id='word_1_68' title='bbox 581 935 795 1000; x_wconf 84' lang='lat' dir='ltr'><strong>universaliter</strong></span> <span class='ocrx_word' id='word_1_69' title='bbox 818 934 855 1000; x_wconf 87' lang='lat' dir='ltr'><strong>ad</strong></span> <span class='ocrx_word' id='word_1_70' title='bbox 891 954 1019 1000; x_wconf 89' lang='lat' dir='ltr'><strong>ornnem</strong></span> <span class='ocrx_word' id='word_1_71' title='bbox 1043 953 1128 1000; x_wconf 85' lang='lat' dir='ltr'><strong>orer·</strong></span> 
     </span>
     <span class='ocr_line' id='line_1_10' title="bbox 209 1021 1126 1110; baseline -0.002 -22"><span class='ocrx_word' id='word_1_72' title='bbox 209 1040 321 1102; x_wconf 88' lang='lat' dir='ltr'><strong>turam,</strong></span> <span class='ocrx_word' id='word_1_73' title='bbox 336 1023 503 1110; x_wconf 82' lang='lat' dir='ltr'><strong>qnamdam</strong></span> <span class='ocrx_word' id='word_1_74' title='bbox 527 1021 680 1088; x_wconf 83' lang='lat' dir='ltr'><strong>affinitatis</strong></span> <span class='ocrx_word' id='word_1_75' title='bbox 704 1024 864 1101; x_wconf 87' lang='lat' dir='ltr'><strong>rationem,</strong></span> <span class='ocrx_word' id='word_1_76' title='bbox 888 1043 958 1088; x_wconf 86' lang='lat' dir='ltr'><strong>oum</strong></span> <span class='ocrx_word' id='word_1_77' title='bbox 990 1022 1126 1088; x_wconf 83' lang='lat' dir='ltr'><strong>Verbum</strong></span> 
     </span>
     <span class='ocr_line' id='line_1_11' title="bbox 74 1111 1238 1192; baseline 0 -16"><span class='ocrx_word' id='word_1_78' title='bbox 74 1178 80 1192; x_wconf 61' lang='grc'><em>,</em></span> <span class='ocrx_word' id='word_1_79' title='bbox 206 1114 361 1178; x_wconf 88' lang='lat' dir='ltr'><strong>contineat</strong></span> <span class='ocrx_word' id='word_1_80' title='bbox 383 1112 516 1177; x_wconf 89' lang='lat' dir='ltr'><strong>rationes</strong></span> <span class='ocrx_word' id='word_1_81' title='bbox 531 1112 673 1177; x_wconf 88' lang='lat' dir='ltr'><strong>omnium</strong></span> <span class='ocrx_word' id='word_1_82' title='bbox 695 1125 870 1178; x_wconf 88' lang='lat' dir='ltr'><strong>creatorum</strong></span> <span class='ocrx_word' id='word_1_83' title='bbox 909 1112 1027 1186; x_wconf 75' lang='lat' dir='ltr'><strong>allec,</strong></span> <span class='ocrx_word' id='word_1_84' title='bbox 1050 1111 1128 1176; x_wconf 88' lang='lat' dir='ltr'><strong>sicut</strong></span> <span class='ocrx_word' id='word_1_85' title='bbox 1237 1163 1238 1176; x_wconf 51' lang='lat'>2</span> 
     </span>
     <span class='ocr_line' id='line_1_12' title="bbox 135 1200 1128 1286; baseline -0.003 -20"><span class='ocrx_word' id='word_1_86' title='bbox 135 1252 138 1258; x_wconf 77' lang='lat'><strong>,</strong></span> <span class='ocrx_word' id='word_1_87' title='bbox 207 1201 313 1266; x_wconf 82' lang='lat' dir='ltr'><strong>artilex</strong></span> <span class='ocrx_word' id='word_1_88' title='bbox 337 1201 433 1266; x_wconf 90' lang='lat' dir='ltr'><strong>bomo</strong></span> <span class='ocrx_word' id='word_1_89' title='bbox 462 1201 663 1286; x_wconf 83' lang='lat' dir='ltr'><strong>conceptione</strong></span> <span class='ocrx_word' id='word_1_90' title='bbox 700 1200 747 1266; x_wconf 87' lang='lat' dir='ltr'><strong>sui</strong></span> <span class='ocrx_word' id='word_1_91' title='bbox 788 1201 959 1266; x_wconf 84' lang='lat' dir='ltr'><strong>intellectus</strong></span> <span class='ocrx_word' id='word_1_92' title='bbox 994 1200 1128 1264; x_wconf 87' lang='lat' dir='ltr'><strong>rationes</strong></span> 
     </span>
     <span class='ocr_line' id='line_1_13' title="bbox 208 1289 1129 1374; baseline -0.001 -21"><span class='ocrx_word' id='word_1_93' title='bbox 208 1289 438 1355; x_wconf 86' lang='lat' dir='ltr'><strong>artifieiatorum</strong></span> <span class='ocrx_word' id='word_1_94' title='bbox 461 1289 708 1374; x_wconf 85' lang='lat' dir='ltr'><strong>comprehendit.</strong></span> <span class='ocrx_word' id='word_1_95' title='bbox 732 1289 782 1355; x_wconf 87' lang='lat' dir='ltr'><strong>Sic</strong></span> <span class='ocrx_word' id='word_1_96' title='bbox 810 1289 903 1372; x_wconf 78' lang='lat' dir='ltr'><strong>igitur</strong></span> <span class='ocrx_word' id='word_1_97' title='bbox 913 1308 1022 1354; x_wconf 89' lang='lat' dir='ltr'><strong>omues</strong></span> <span class='ocrx_word' id='word_1_98' title='bbox 1046 1307 1129 1360; x_wconf 90' lang='lat' dir='ltr'><strong>crea-</strong></span> 
     </span>
     <span class='ocr_line' id='line_1_14' title="bbox 207 1376 1128 1481; baseline -0.002 -39"><span class='ocrx_word' id='word_1_99' title='bbox 207 1391 293 1443; x_wconf 86' lang='lat' dir='ltr'><strong>turae</strong></span> <span class='ocrx_word' id='word_1_100' title='bbox 316 1378 392 1443; x_wconf 92' lang='lat' dir='ltr'><strong>nibil</strong></span> <span class='ocrx_word' id='word_1_101' title='bbox 416 1377 499 1444; x_wconf 89' lang='lat' dir='ltr'><strong>aliud</strong></span> <span class='ocrx_word' id='word_1_102' title='bbox 522 1391 593 1443; x_wconf 86' lang='lat' dir='ltr'><strong>sunt</strong></span> <span class='ocrx_word' id='word_1_103' title='bbox 627 1399 725 1481; x_wconf 34' lang='lat' dir='ltr'><strong>,quam</strong></span> <span class='ocrx_word' id='word_1_104' title='bbox 760 1378 850 1444; x_wconf 87' lang='lat' dir='ltr'><strong>realis</strong></span> <span class='ocrx_word' id='word_1_105' title='bbox 885 1376 1040 1480; x_wconf 78' lang='lat' dir='ltr'><strong>quaedam</strong></span> <span class='ocrx_word' id='word_1_106' title='bbox 1072 1394 1128 1440; x_wconf 86' lang='lat' dir='ltr'><strong>er·</strong></span> 
     </span>
     <span class='ocr_line' id='line_1_15' title="bbox 207 1466 1127 1552; baseline -0.004 -20"><span class='ocrx_word' id='word_1_107' title='bbox 207 1467 324 1551; x_wconf 80' lang='lat' dir='ltr'><strong>pressio</strong></span> <span class='ocrx_word' id='word_1_108' title='bbox 348 1481 378 1532; x_wconf 92' lang='lat' dir='ltr'><strong>et</strong></span> <span class='ocrx_word' id='word_1_109' title='bbox 411 1467 655 1552; x_wconf 84' lang='lat' dir='ltr'><strong>repraesentatio</strong></span> <span class='ocrx_word' id='word_1_110' title='bbox 689 1487 799 1532; x_wconf 90' lang='lat' dir='ltr'><strong>eorum</strong></span> <span class='ocrx_word' id='word_1_111' title='bbox 839 1487 919 1551; x_wconf 83' lang='lat' dir='ltr'><strong>quae</strong></span> <span class='ocrx_word' id='word_1_112' title='bbox 952 1466 983 1530; x_wconf 91' lang='lat' dir='ltr'><strong>in</strong></span> <span class='ocrx_word' id='word_1_113' title='bbox 1016 1485 1127 1530; x_wconf 86' lang='lat' dir='ltr'><strong>conee-</strong></span> 
     </span>
     <span class='ocr_line' id='line_1_16' title="bbox 206 1553 1127 1642; baseline 0 -24"><span class='ocrx_word' id='word_1_114' title='bbox 206 1557 310 1640; x_wconf 91' lang='lat' dir='ltr'><strong>ptiooe</strong></span> <span class='ocrx_word' id='word_1_115' title='bbox 332 1555 426 1620; x_wconf 85' lang='lat' dir='ltr'><strong>divini</strong></span> <span class='ocrx_word' id='word_1_116' title='bbox 452 1554 542 1620; x_wconf 88' lang='lat' dir='ltr'><strong>Verbi</strong></span> <span class='ocrx_word' id='word_1_117' title='bbox 566 1555 873 1641; x_wconf 87' lang='lat' dir='ltr'><strong>comprehenduntur</strong></span> <span class='ocrx_word' id='word_1_118' title='bbox 895 1566 1021 1642; x_wconf 88' lang='lat' dir='ltr'><strong>propter</strong></span> <span class='ocrx_word' id='word_1_119' title='bbox 1043 1553 1127 1638; x_wconf 85' lang='lat' dir='ltr'><strong>quod</strong></span> 
     </span>
     <span class='ocr_line' id='line_1_17' title="bbox 205 1640 1129 1731; baseline -0.002 -24"><span class='ocrx_word' id='word_1_120' title='bbox 205 1658 235 1707; x_wconf 89' lang='lat' dir='ltr'><strong>et</strong></span> <span class='ocrx_word' id='word_1_121' title='bbox 257 1646 360 1710; x_wconf 87' lang='lat' dir='ltr'><strong>omnia</strong></span> <span class='ocrx_word' id='word_1_122' title='bbox 385 1665 441 1731; x_wconf 90' lang='lat' dir='ltr'><strong>per</strong></span> <span class='ocrx_word' id='word_1_123' title='bbox 463 1642 598 1709; x_wconf 85' lang='lat' dir='ltr'><strong>Verbum</strong></span> <span class='ocrx_word' id='word_1_124' title='bbox 621 1643 700 1709; x_wconf 86' lang='lat' dir='ltr'><strong>iacta</strong></span> <span class='ocrx_word' id='word_1_125' title='bbox 723 1664 790 1709; x_wconf 88' lang='lat' dir='ltr'><strong>esse</strong></span> <span class='ocrx_word' id='word_1_126' title='bbox 819 1643 973 1709; x_wconf 89' lang='lat' dir='ltr'><strong>dicuntur.</strong></span> <span class='ocrx_word' id='word_1_127' title='bbox 1009 1640 1129 1707; x_wconf 76' lang='lat' dir='ltr'><strong>(lonve-</strong></span> 
     </span>
     <span class='ocr_line' id='line_1_18' title="bbox 206 1731 1129 1836; baseline -0.001 -39"><span class='ocrx_word' id='word_1_128' title='bbox 206 1735 326 1798; x_wconf 91' lang='lat' dir='ltr'><strong>nienter</strong></span> <span class='ocrx_word' id='word_1_129' title='bbox 340 1734 434 1836; x_wconf 74' lang='lat' dir='ltr'><strong>igitur</strong></span> <span class='ocrx_word' id='word_1_130' title='bbox 455 1731 593 1798; x_wconf 88' lang='lat' dir='ltr'><strong>Verbum</strong></span> <span class='ocrx_word' id='word_1_131' title='bbox 616 1745 787 1812; x_wconf 87' lang='lat' dir='ltr'><strong>creatorae,</strong></span> <span class='ocrx_word' id='word_1_132' title='bbox 821 1733 937 1798; x_wconf 89' lang='lat' dir='ltr'><strong>scilieet</strong></span> <span class='ocrx_word' id='word_1_133' title='bbox 971 1732 1129 1798; x_wconf 88' lang='lat' dir='ltr'><strong>bumauae</strong></span> 
     </span>
     <span class='ocr_line' id='line_1_19' title="bbox 206 1822 557 1897; baseline -0.009 -11"><span class='ocrx_word' id='word_1_134' title='bbox 206 1835 345 1897; x_wconf 83' lang='lat' dir='ltr'><strong>naturae,</strong></span> <span class='ocrx_word' id='word_1_135' title='bbox 358 1822 478 1888; x_wconf 85' lang='lat' dir='ltr'><strong>unitum</strong></span> <span class='ocrx_word' id='word_1_136' title='bbox 501 1832 557 1884; x_wconf 89' lang='lat' dir='ltr'><strong>est.</strong></span> 
     </span>
    </p>
   </div>
   <div class='ocr_carea' id='block_1_3' title="bbox 517 1958 815 2047">
    <p class='ocr_par' dir='ltr' id='par_1_3' title="bbox 517 1958 815 2047">
     <span class='ocr_line' id='line_1_20' title="bbox 517 1958 815 2047; baseline 0 -21"><span class='ocrx_word' id='word_1_137' title='bbox 517 1958 689 2026; x_wconf 79' lang='lat' dir='ltr'><strong>creor</strong></span> <span class='ocrx_word' id='word_1_138' title='bbox 712 1959 815 2047; x_wconf 72' lang='lat' dir='ltr'><strong>narn.</strong></span> 
     </span>
    </p>
   </div>
   <div class='ocr_carea' id='block_1_4' title="bbox 170 2136 1134 2400">
    <p class='ocr_par' dir='ltr' id='par_1_4' title="bbox 170 2136 1134 2400">
     <span class='ocr_line' id='line_1_21' title="bbox 251 2136 1133 2224; baseline 0.002 -21"><span class='ocrx_word' id='word_1_139' title='bbox 251 2137 341 2219; x_wconf 83' lang='lat' dir='ltr'><strong>Qned</strong></span> <span class='ocrx_word' id='word_1_140' title='bbox 363 2138 499 2203; x_wconf 76' lang='lat' dir='ltr'><strong>bermone</strong></span> <span class='ocrx_word' id='word_1_141' title='bbox 510 2148 625 2202; x_wconf 86' lang='lat' dir='ltr'><strong>notnro</strong></span> <span class='ocrx_word' id='word_1_142' title='bbox 638 2148 799 2223; x_wconf 87' lang='lat' dir='ltr'><strong>oasnrnpto</strong></span> <span class='ocrx_word' id='word_1_143' title='bbox 815 2158 836 2203; x_wconf 90' lang='lat' dir='ltr'><strong>o</strong></span> <span class='ocrx_word' id='word_1_144' title='bbox 857 2136 950 2205; x_wconf 86' lang='lat' dir='ltr'><strong>Verbo</strong></span> <span class='ocrx_word' id='word_1_145' title='bbox 965 2160 1026 2205; x_wconf 79' lang='lat' dir='ltr'><strong>aton</strong></span> <span class='ocrx_word' id='word_1_146' title='bbox 1035 2158 1133 2224; x_wconf 86' lang='lat' dir='ltr'><strong>prue-</strong></span> 
     </span>
     <span class='ocr_line' id='line_1_22' title="bbox 170 2226 1134 2313; baseline 0.004 -24"><span class='ocrx_word' id='word_1_147' title='bbox 170 2264 178 2269; x_wconf 66' lang='lat'><em>›</em></span> <span class='ocrx_word' id='word_1_148' title='bbox 292 2227 394 2293; x_wconf 77' lang='lat' dir='ltr'><strong>estitit</strong></span> <span class='ocrx_word' id='word_1_149' title='bbox 416 2227 632 2311; x_wconf 81' lang='lat' dir='ltr'><strong>assumptioni,</strong></span> <span class='ocrx_word' id='word_1_150' title='bbox 647 2226 702 2291; x_wconf 87' lang='lat' dir='ltr'><strong>sed</strong></span> <span class='ocrx_word' id='word_1_151' title='bbox 724 2227 836 2313; x_wconf 79' lang='lat' dir='ltr'><strong>inipso</strong></span> <span class='ocrx_word' id='word_1_152' title='bbox 853 2232 1045 2313; x_wconf 81' lang='lat' dir='ltr'><strong>conceptione</strong></span> <span class='ocrx_word' id='word_1_153' title='bbox 1066 2229 1134 2313; x_wconf 73' lang='lat' dir='ltr'><strong>fnit</strong></span> 
     </span>
     <span class='ocr_line' id='line_1_23' title="bbox 291 2314 707 2400; baseline -0.002 -20"><span class='ocrx_word' id='word_1_154' title='bbox 291 2327 454 2400; x_wconf 87' lang='lat' dir='ltr'><strong>osanmpto</strong></span> <span class='ocrx_word' id='word_1_155' title='bbox 477 2335 498 2380; x_wconf 91' lang='lat' dir='ltr'><strong>o</strong></span> <span class='ocrx_word' id='word_1_156' title='bbox 519 2314 614 2379; x_wconf 83' lang='lat' dir='ltr'><strong>Verbo</strong></span> <span class='ocrx_word' id='word_1_157' title='bbox 639 2315 707 2379; x_wconf 89' lang='lat' dir='ltr'><strong>Dei.</strong></span> 
     </span>
    </p>
   </div>
   <div class='ocr_carea' id='block_1_5' title="bbox 201 2435 1236 3499">
    <p class='ocr_par' dir='ltr' id='par_1_5' title="bbox 204 2435 1132 2788">
     <span class='ocr_line' id='line_1_24' title="bbox 270 2435 1132 2503; baseline 0 0"><span class='ocrx_word' id='word_1_158' title='bbox 270 2437 348 2503; x_wconf 90' lang='lat' dir='ltr'><strong>Cum</strong></span> <span class='ocrx_word' id='word_1_159' title='bbox 370 2449 475 2502; x_wconf 85' lang='lat' dir='ltr'><strong>autem</strong></span> <span class='ocrx_word' id='word_1_160' title='bbox 497 2435 633 2503; x_wconf 84' lang='lat' dir='ltr'><strong>Verbum</strong></span> <span class='ocrx_word' id='word_1_161' title='bbox 657 2436 824 2503; x_wconf 88' lang='lat' dir='ltr'><strong>humanam</strong></span> <span class='ocrx_word' id='word_1_162' title='bbox 842 2450 982 2503; x_wconf 87' lang='lat' dir='ltr'><strong>naturam</strong></span> <span class='ocrx_word' id='word_1_163' title='bbox 1006 2456 1132 2503; x_wconf 87' lang='lat' dir='ltr'><strong>assum-</strong></span> 
     </span>
     <span class='ocr_line' id='line_1_25' title="bbox 204 2525 1131 2614; baseline 0 -21"><span class='ocrx_word' id='word_1_164' title='bbox 204 2527 298 2614; x_wconf 88' lang='lat' dir='ltr'><strong>pserit</strong></span> <span class='ocrx_word' id='word_1_165' title='bbox 311 2526 342 2591; x_wconf 92' lang='lat' dir='ltr'><strong>in</strong></span> <span class='ocrx_word' id='word_1_166' title='bbox 356 2528 504 2590; x_wconf 87' lang='lat' dir='ltr'><strong>unitatem</strong></span> <span class='ocrx_word' id='word_1_167' title='bbox 529 2544 691 2611; x_wconf 87' lang='lat' dir='ltr'><strong>personae,</strong></span> <span class='ocrx_word' id='word_1_168' title='bbox 715 2540 749 2591; x_wconf 91' lang='lat' dir='ltr'><strong>ut</strong></span> <span class='ocrx_word' id='word_1_169' title='bbox 768 2546 806 2590; x_wconf 85' lang='lat' dir='ltr'><strong>ex</strong></span> <span class='ocrx_word' id='word_1_170' title='bbox 829 2525 916 2591; x_wconf 89' lang='lat' dir='ltr'><strong>dictis</strong></span> <span class='ocrx_word' id='word_1_171' title='bbox 935 2525 999 2611; x_wconf 80' lang='lat' dir='ltr'><strong>jam</strong></span> <span class='ocrx_word' id='word_1_172' title='bbox 1013 2526 1054 2611; x_wconf 90' lang='lat' dir='ltr'><strong>(c.</strong></span> <span class='ocrx_word' id='word_1_173' title='bbox 1067 2526 1131 2611; x_wconf 77' lang='lat' dir='ltr'><strong>lt)</strong></span> 
     </span>
     <span class='ocr_line' id='line_1_26' title="bbox 204 2614 1132 2702; baseline 0.001 -22"><span class='ocrx_word' id='word_1_174' title='bbox 204 2632 298 2701; x_wconf 86' lang='lat' dir='ltr'><strong>patet,</strong></span> <span class='ocrx_word' id='word_1_175' title='bbox 320 2614 456 2701; x_wconf 90' lang='lat' dir='ltr'><strong>oportuit</strong></span> <span class='ocrx_word' id='word_1_176' title='bbox 478 2614 646 2678; x_wconf 83' lang='lat' dir='ltr'><strong>humanam</strong></span> <span class='ocrx_word' id='word_1_177' title='bbox 671 2629 812 2679; x_wconf 87' lang='lat' dir='ltr'><strong>naturam</strong></span> <span class='ocrx_word' id='word_1_178' title='bbox 836 2634 898 2680; x_wconf 93' lang='lat' dir='ltr'><strong>non</strong></span> <span class='ocrx_word' id='word_1_179' title='bbox 923 2616 1132 2702; x_wconf 84' lang='lat' dir='ltr'><strong>praeexistere</strong></span> 
     </span>
     <span class='ocr_line' id='line_1_27' title="bbox 204 2702 666 2804; baseline -0.007 -35"><span class='ocrx_word' id='word_1_180' title='bbox 204 2719 369 2804; x_wconf 83' lang='lat' dir='ltr'><strong>antequam</strong></span> <span class='ocrx_word' id='word_1_181' title='bbox 392 2702 495 2769; x_wconf 90' lang='lat' dir='ltr'><strong>Vcrbo</strong></span> <span class='ocrx_word' id='word_1_182' title='bbox 519 2704 666 2767; x_wconf 89' lang='lat' dir='ltr'><strong>uniretur.</strong></span> 
     </span>
    </p>

    <p class='ocr_par' dir='ltr' id='par_1_6' title="bbox 201 2791 1236 3499">
     <span class='ocr_line' id='line_1_28' title="bbox 268 2791 1131 2878; baseline 0.003 -21"><span class='ocrx_word' id='word_1_183' title='bbox 268 2791 299 2857; x_wconf 87' lang='lat' dir='ltr'><strong>Si</strong></span> <span class='ocrx_word' id='word_1_184' title='bbox 317 2791 400 2857; x_wconf 89' lang='lat' dir='ltr'><strong>enim</strong></span> <span class='ocrx_word' id='word_1_185' title='bbox 426 2791 654 2878; x_wconf 75' lang='lat' dir='ltr'><strong>praemineret,</strong></span> <span class='ocrx_word' id='word_1_186' title='bbox 681 2810 752 2857; x_wconf 91' lang='lat' dir='ltr'><strong>cum</strong></span> <span class='ocrx_word' id='word_1_187' title='bbox 776 2804 884 2857; x_wconf 89' lang='lat' dir='ltr'><strong>natura</strong></span> <span class='ocrx_word' id='word_1_188' title='bbox 920 2792 1131 2878; x_wconf 85' lang='lat' dir='ltr'><strong>praeexistere</strong></span> 
     </span>
     <span class='ocr_line' id='line_1_29' title="bbox 204 2878 1131 2984; baseline 0.001 -38"><span class='ocrx_word' id='word_1_189' title='bbox 204 2902 266 2946; x_wconf 93' lang='lat' dir='ltr'><strong>non</strong></span> <span class='ocrx_word' id='word_1_190' title='bbox 282 2878 376 2964; x_wconf 90' lang='lat' dir='ltr'><strong>possit</strong></span> <span class='ocrx_word' id='word_1_191' title='bbox 398 2879 455 2943; x_wconf 83' lang='lat' dir='ltr'><strong>nisi</strong></span> <span class='ocrx_word' id='word_1_192' title='bbox 479 2880 510 2944; x_wconf 94' lang='lat' dir='ltr'><strong>in</strong></span> <span class='ocrx_word' id='word_1_193' title='bbox 524 2878 691 2956; x_wconf 78' lang='lat' dir='ltr'><strong>individuo,</strong></span> <span class='ocrx_word' id='word_1_194' title='bbox 713 2881 898 2963; x_wconf 80' lang='lat' dir='ltr'><strong>oportuisset</strong></span> <span class='ocrx_word' id='word_1_195' title='bbox 911 2902 978 2947; x_wconf 88' lang='lat' dir='ltr'><strong>esse</strong></span> <span class='ocrx_word' id='word_1_196' title='bbox 1001 2881 1131 2984; x_wconf 86' lang='lat' dir='ltr'><strong>aliquod</strong></span> 
     </span>
     <span class='ocr_line' id='line_1_30' title="bbox 203 2968 1130 3057; baseline 0.002 -24"><span class='ocrx_word' id='word_1_197' title='bbox 203 2968 394 3034; x_wconf 82' lang='lat' dir='ltr'><strong>individuum</strong></span> <span class='ocrx_word' id='word_1_198' title='bbox 433 2968 514 3033; x_wconf 91' lang='lat' dir='ltr'><strong>illius</strong></span> <span class='ocrx_word' id='word_1_199' title='bbox 542 2968 697 3033; x_wconf 84' lang='lat' dir='ltr'><strong>humanae</strong></span> <span class='ocrx_word' id='word_1_200' title='bbox 731 2983 858 3034; x_wconf 85' lang='lat' dir='ltr'><strong>naturae</strong></span> <span class='ocrx_word' id='word_1_201' title='bbox 894 2970 1130 3057; x_wconf 82' lang='lat' dir='ltr'><strong>praeexistentia</strong></span> 
     </span>
     <span class='ocr_line' id='line_1_31' title="bbox 202 3055 1131 3125; baseline 0.001 -4"><span class='ocrx_word' id='word_1_202' title='bbox 202 3071 275 3125; x_wconf 91' lang='lat' dir='ltr'><strong>ante</strong></span> <span class='ocrx_word' id='word_1_203' title='bbox 298 3058 455 3122; x_wconf 89' lang='lat' dir='ltr'><strong>unionem</strong></span> <span class='ocrx_word' id='word_1_204' title='bbox 480 3055 676 3121; x_wconf 87' lang='lat' dir='ltr'><strong>individuum</strong></span> <span class='ocrx_word' id='word_1_205' title='bbox 701 3070 803 3123; x_wconf 88' lang='lat' dir='ltr'><strong>autem</strong></span> <span class='ocrx_word' id='word_1_206' title='bbox 820 3057 975 3123; x_wconf 88' lang='lat' dir='ltr'><strong>humanae</strong></span> <span class='ocrx_word' id='word_1_207' title='bbox 998 3072 1131 3123; x_wconf 86' lang='lat' dir='ltr'><strong>naturae</strong></span> 
     </span>
     <span class='ocr_line' id='line_1_32' title="bbox 203 3144 1130 3232; baseline 0 -21"><span class='ocrx_word' id='word_1_208' title='bbox 203 3160 248 3211; x_wconf 91' lang='lat' dir='ltr'><strong>cst</strong></span> <span class='ocrx_word' id='word_1_209' title='bbox 271 3146 443 3232; x_wconf 79' lang='lat' dir='ltr'><strong>hypostasis</strong></span> <span class='ocrx_word' id='word_1_210' title='bbox 470 3159 653 3230; x_wconf 89' lang='lat' dir='ltr'><strong>etpersena</strong></span> <span class='ocrx_word' id='word_1_211' title='bbox 678 3144 740 3211; x_wconf 83' lang='lat' dir='ltr'><strong>Erit</strong></span> <span class='ocrx_word' id='word_1_212' title='bbox 773 3146 866 3230; x_wconf 77' lang='lat' dir='ltr'><strong>igitur</strong></span> <span class='ocrx_word' id='word_1_213' title='bbox 901 3146 1005 3212; x_wconf 87' lang='lat' dir='ltr'><strong>dicere</strong></span> <span class='ocrx_word' id='word_1_214' title='bbox 1041 3146 1130 3232; x_wconf 89' lang='lat' dir='ltr'><strong>quud</strong></span> 
     </span>
     <span class='ocr_line' id='line_1_33' title="bbox 203 3233 1236 3322; baseline -0.003 -21"><span class='ocrx_word' id='word_1_215' title='bbox 203 3235 339 3301; x_wconf 87' lang='lat' dir='ltr'><strong>bumana</strong></span> <span class='ocrx_word' id='word_1_216' title='bbox 363 3248 471 3299; x_wconf 89' lang='lat' dir='ltr'><strong>natura</strong></span> <span class='ocrx_word' id='word_1_217' title='bbox 495 3233 681 3299; x_wconf 81' lang='lat' dir='ltr'><strong>assumenda</strong></span> <span class='ocrx_word' id='word_1_218' title='bbox 705 3254 722 3298; x_wconf 90' lang='lat' dir='ltr'><strong>a</strong></span> <span class='ocrx_word' id='word_1_219' title='bbox 761 3234 893 3301; x_wconf 89' lang='lat' dir='ltr'><strong>Verbo</strong></span> <span class='ocrx_word' id='word_1_220' title='bbox 886 3256 918 3301; x_wconf 92' lang='lat' dir='ltr'><strong>ru</strong></span> <span class='ocrx_word' id='word_1_221' title='bbox 942 3236 1045 3322; x_wconf 89' lang='lat' dir='ltr'><strong>aliqua</strong></span> <span class='ocrx_word' id='word_1_222' title='bbox 1070 3234 1134 3319; x_wconf 86' lang='lat' dir='ltr'><strong>by·</strong></span> <span class='ocrx_word' id='word_1_223' title='bbox 1235 3272 1236 3291; x_wconf 52' lang='lat' dir='ltr'><strong>r</strong></span> 
     </span>
     <span class='ocr_line' id='line_1_34' title="bbox 203 3322 1128 3408; baseline 0.003 -22"><span class='ocrx_word' id='word_1_224' title='bbox 203 3324 315 3407; x_wconf 89' lang='lat' dir='ltr'><strong>postasi</strong></span> <span class='ocrx_word' id='word_1_225' title='bbox 331 3322 378 3389; x_wconf 86' lang='lat' dir='ltr'><strong>rel</strong></span> <span class='ocrx_word' id='word_1_226' title='bbox 402 3342 533 3408; x_wconf 77' lang='lat' dir='ltr'><strong>persona</strong></span> <span class='ocrx_word' id='word_1_227' title='bbox 557 3322 789 3407; x_wconf 81' lang='lat' dir='ltr'><strong>praecatitisset.</strong></span> <span class='ocrx_word' id='word_1_228' title='bbox 828 3323 906 3388; x_wconf 90' lang='lat' dir='ltr'><strong>Si</strong></span> <span class='ocrx_word' id='word_1_229' title='bbox 900 3325 991 3408; x_wconf 78' lang='lat' dir='ltr'><strong>igitur</strong></span> <span class='ocrx_word' id='word_1_230' title='bbox 1015 3337 1128 3389; x_wconf 87' lang='lat' dir='ltr'><strong>natura</strong></span> 
     </span>
     <span class='ocr_line' id='line_1_35' title="bbox 201 3408 1135 3499; baseline 0.004 -24"><span class='ocrx_word' id='word_1_231' title='bbox 201 3412 252 3475; x_wconf 89' lang='lat' dir='ltr'><strong>illa</strong></span> <span class='ocrx_word' id='word_1_232' title='bbox 278 3424 433 3495; x_wconf 88' lang='lat' dir='ltr'><strong>assumpta</strong></span> <span class='ocrx_word' id='word_1_233' title='bbox 456 3408 575 3484; x_wconf 85' lang='lat' dir='ltr'><strong>inisset,</strong></span> <span class='ocrx_word' id='word_1_234' title='bbox 597 3423 742 3475; x_wconf 87' lang='lat' dir='ltr'><strong>manente</strong></span> <span class='ocrx_word' id='word_1_235' title='bbox 766 3412 860 3497; x_wconf 91' lang='lat' dir='ltr'><strong>priori</strong></span> <span class='ocrx_word' id='word_1_236' title='bbox 884 3411 1044 3499; x_wconf 84' lang='lat' dir='ltr'><strong>hypostasi</strong></span> <span class='ocrx_word' id='word_1_237' title='bbox 1076 3413 1135 3479; x_wconf 85' lang='lat' dir='ltr'><strong>rel</strong></span> 
     </span>
    </p>
   </div>
   <div class='ocr_carea' id='block_1_6' title="bbox 203 3498 1234 3613">
    <p class='ocr_par' dir='ltr' id='par_1_7' title="bbox 203 3498 1234 3613">
     <span class='ocr_line' id='line_1_36' title="bbox 203 3498 1234 3613; baseline 0.002 -49"><span class='ocrx_word' id='word_1_238' title='bbox 203 3518 345 3585; x_wconf 83' lang='lat' dir='ltr'><strong>persona,</strong></span> <span class='ocrx_word' id='word_1_239' title='bbox 369 3498 588 3563; x_wconf 83' lang='lat' dir='ltr'><strong>remansissent</strong></span> <span class='ocrx_word' id='word_1_240' title='bbox 610 3511 682 3564; x_wconf 90' lang='lat' dir='ltr'><strong>tunc</strong></span> <span class='ocrx_word' id='word_1_241' title='bbox 705 3513 774 3587; x_wconf 89' lang='lat' dir='ltr'><strong>post</strong></span> <span class='ocrx_word' id='word_1_242' title='bbox 804 3498 951 3567; x_wconf 88' lang='lat' dir='ltr'><strong>unionem</strong></span> <span class='ocrx_word' id='word_1_243' title='bbox 967 3501 1048 3567; x_wconf 86' lang='lat' dir='ltr'><strong>duae</strong></span> <span class='ocrx_word' id='word_1_244' title='bbox 1070 3499 1132 3587; x_wconf 86' lang='lat' dir='ltr'><strong>by·</strong></span> <span class='ocrx_word' id='word_1_245' title='bbox 1233 3580 1234 3613; x_wconf 25' lang='grc'>1</span> 
     </span>
    </p>
   </div>
   <div class='ocr_carea' id='block_1_7' title="bbox 0 0 1246 3975">
    <p class='ocr_par' dir='ltr' id='par_1_8' title="bbox 0 0 1246 3975">
     <span class='ocr_line' id='line_1_37' title="bbox 0 0 1246 3975; baseline 0 1"><span class='ocrx_word' id='word_1_246' title='bbox 0 0 1246 3975; x_wconf 95' lang='lat' dir='ltr'><strong> </strong></span> 
     </span>
    </p>
   </div>
  </div>
 </body>
</html>
