2484 3975
386 259 443 303 nra.
467 258 506 305 iv.
529 257 593 304 cir.
617 257 698 301 xxix.
958 237 1021 302 1⁰29

97 327 310 413 assumpsisse:
334 327 416 391 unde
440 346 611 392 nectarus
635 327 731 390 homo
753 345 822 392 esse
843 326 953 413 potuit,
964 327 1020 392 sed

96 435 261 500 apparens3
283 435 387 500 neque
411 436 448 480 ea
472 435 551 501 quae
573 413 746 480 secundnm
769 416 930 479 hominem
952 436 1021 500 ges·

95 503 147 577 sit,
170 505 248 569 sicut
271 504 353 589 quod
378 517 548 582 natusest,
572 501 656 588 quod
679 502 826 579 comedit,
850 502 938 580 bibit,
955 525 1021 569 anr-

96 592 225 672 bulavit,
249 613 357 679 passus
380 605 427 656 est
450 605 481 657 et
503 592 651 678 sepultus,
685 591 717 656 in
751 591 877 656 veritate
916 591 1021 671 luisse,

94 680 203 746 sedin
227 681 362 768 quadarn
398 681 628 760 assimilatione,
665 681 874 766 consequitur.
909 681 944 746 Et
976 683 1021 746 sic

95 783 181 855 patet
203 770 286 855 quod
310 782 408 835 totum
426 769 645 834 incarnationis
661 769 843 855 mysterium
854 767 894 832 ad
909 789 1020 855 quam-

94 857 168 922 darn
192 857 349 923 fictionem
373 856 541 924 deducunt.

162 945 244 1011 llaec
266 961 368 1012 autem
394 948 502 1032 positio
537 945 638 1032 primo
675 945 804 1033 quidem
841 944 1019 1031 Scripturas

95 1037 308 1100 auctoritatem
332 1049 469 1101 evacuat.
492 1034 571 1101 Cum
595 1034 679 1100 enim
708 1035 811 1100 carnis
847 1035 1018 1102 similitudo

95 1143 167 1187 caro
191 1143 252 1188 non
275 1124 323 1200 sit,
346 1143 447 1209 neque
470 1123 641 1189 similitudo
663 1122 882 1188 ambulationis
909 1125 1018 1190 ambu-

94 1210 179 1287 latio,
207 1227 238 1276 et
260 1211 291 1276 in
327 1214 457 1277 caeteris
489 1212 641 1286 similiter,
678 1214 827 1278 mentitur
859 1212 1018 1298 Scriptura

94 1299 210 1364 dicens:
239 1300 369 1366 Verbum
391 1321 464 1366 curo
486 1302 603 1386 sactum
626 1312 683 1376 eat,
703 1301 730 1366 si
752 1301 856 1368 solum
885 1303 1017 1388 phanta-

94 1388 168 1453 stica
193 1409 264 1454 caro
287 1389 354 1467 luit;
377 1392 525 1456 mentitur
548 1390 642 1455 etiam
663 1389 771 1455 dicens
798 1391 905 1456 lesum
927 1390 1015 1456 Chri-

89 1490 173 1542 stum
195 1478 381 1556 ambulasse,
403 1480 586 1556 comedisse,
608 1490 767 1544 mortuum
790 1479 887 1546 luisse
913 1494 944 1545 et
966 1501 1015 1546 se·

91 1566 223 1652 pultum,
245 1570 271 1632 si
310 1568 387 1633 haec
424 1568 455 1632 in
492 1566 556 1633 sola
593 1567 786 1654 phantastica
821 1569 1015 1654 apparitione

91 1655 296 1738 contigerunt.
320 1656 353 1720 Si
388 1669 492 1720 autem
527 1655 576 1720 vel
615 1657 646 1720 in
682 1655 806 1722 modico
841 1659 1015 1723 auctoritati

91 1741 204 1808 Sacrae
227 1744 402 1831 Scripturas
426 1744 602 1829 derogetur,
637 1742 704 1829 jam
742 1743 819 1809 nihil
852 1744 948 1810 lixum
984 1749 1015 1812 in

90 1830 153 1896 lide
176 1847 279 1898 nostra
302 1852 370 1898 esse
393 1833 513 1919 poterit,
536 1854 616 1920 quae
639 1832 741 1898 Sacris
778 1832 943 1919 Scripturis
966 1835 1013 1900 in·

90 1920 209 2001 nititur,
230 1921 402 1988 secundum
427 1922 512 1988 illud:
535 1923 623 1989 Haec
643 1922 763 2008 scriptu
784 1932 867 2002 ararat,
894 1934 928 1988 ut
949 1943 1015 1989 cre·

91 2008 187 2087 dotia,
208 2011 307 2091 toan,
330 2012 384 2090 10,
411 2012 464 2077 al.

156 2098 260 2164 Potest
282 2112 386 2165 autern
409 2098 519 2186 aliquis
542 2100 646 2167 dicere
669 2099 847 2185 Scripturae
883 2099 1011 2186 quidem

89 2184 203 2252 Sacrae
228 2189 386 2253 veritatem
410 2209 473 2254 non
496 2189 604 2255 deesse
625 2190 703 2255 dum
720 2191 751 2255 id
766 2189 850 2275 quod
873 2192 1016 2276 apparuit

88 2274 184 2341 refert
207 2296 242 2342 ac
262 2277 287 2342 si
311 2277 425 2342 lactum
448 2277 564 2357 luisset,
587 2279 659 2364 quia
676 2298 780 2343 rerum
797 2278 1014 2345 similitudines

89 2366 257 2450 aequivoce
287 2386 322 2430 ac
355 2366 486 2451 figurate
520 2366 657 2453 ipsarum
691 2386 797 2431 rerum
835 2368 1013 2433 nominibus

89 2466 319 2539 nuncupantur,
342 2455 421 2519 sicut
443 2454 538 2519 homo
562 2456 660 2541 pictus
696 2456 865 2540 aequivoce
903 2455 1014 2521 dicitur

91 2542 200 2619 homo;
223 2557 254 2608 et
277 2544 342 2629 ipsa
366 2542 458 2607 Sacra
481 2542 639 2628 Scriptura
661 2544 822 2611 consuerit
844 2544 904 2608 lroc
919 2543 1015 2611 modo

88 2630 238 2716 loquendi
261 2633 315 2707 uti,
338 2646 371 2696 ut
393 2644 440 2695 est
476 2631 561 2696 illud:
600 2632 697 2696 Petro
731 2642 837 2697 ouum
873 2631 1016 2697 curatas

88 2730 169 2799 erut,
193 2721 207 2785 1
235 2719 319 2799 Con,
344 2721 396 2794 10,
412 2720 444 2796 l,
460 2719 599 2805 plurima
629 2735 734 2786 autem
775 2720 948 2807 corporalia
981 2723 1013 2787 in

87 2808 256 2895 Scripturis
279 2810 318 2875 de
340 2810 407 2874 Deo
431 2810 630 2875 inveniuntur
651 2810 712 2875 dici
746 2825 872 2896 propter
906 2810 1013 2875 simili·

88 2896 228 2962 tudinem
252 2897 361 2975 solam,
384 2899 463 2964 sicut
485 2899 569 2985 quod
608 2897 786 2965 nominatur
820 2918 930 2984 agnus,
965 2901 1013 2967 vel

89 2985 153 3064 leo,
175 2986 225 3051 uel
248 2987 363 3071 aliquid
388 2988 576 3072 hujusmodi.
660 3042 666 3059 ,

155 3073 228 3152 Sed,
251 3075 322 3141 licet
347 3096 451 3141 rerum
475 3074 693 3141 similitudines
716 3076 884 3163 aequivoce
905 3095 1012 3141 rerum

87 3161 147 3229 sibi
171 3166 296 3229 nomina
319 3165 474 3230 interdum
497 3178 666 3243 assumant,
688 3186 751 3231 non
786 3178 889 3231 tamen
928 3184 1013 3228 conr·

87 3252 163 3337 petit
186 3252 298 3319 Sacrae
321 3254 497 3339 Scripturae
520 3266 553 3319 ut
576 3254 787 3319 narrationem
825 3254 916 3319 unius
939 3252 1011 3319 lacti

87 3354 184 3407 totam
207 3342 266 3408 sub
289 3342 340 3407 tali
375 3342 628 3427 aequivocatione
661 3355 814 3430 proponat
848 3342 890 3407 ita
926 3342 1011 3426 quod

88 3448 125 3493 er
148 3429 215 3495 aliis
237 3430 414 3517 Scripturae
447 3430 522 3497 locis
559 3430 722 3497 manifesta
759 3431 870 3498 veritas
903 3431 1011 3496 haberi

88 3536 151 3582 uon
174 3520 279 3605 possit,
303 3521 374 3606 quia
398 3538 435 3585 ex
460 3519 527 3621 hoc
565 3540 628 3585 non
666 3520 800 3589 eruditio
836 3520 1012 3601 hominum,

133 3605 165 3673 S.
194 3608 252 3674 Tlt.
278 3608 422 3675 Summae
444 3608 528 3675 Plul.
552 3607 587 3677 V.
612 3610 643 3676 5.
945 3608 966 3672 9
