2484 3975
426 242 483 286 ur.
508 240 547 285 rr.
572 239 636 287 cra.
659 240 706 286 rc.
963 223 1030 287 551·

108 308 211 377 damni
236 306 400 394 respondet
422 312 530 397 eulpae
554 322 703 394 quantum
723 309 762 374 ad
779 309 970 375 aversionem
987 313 1029 375 ab

109 398 353 465 incommutabili
390 398 483 463 bono.
507 400 652 464 Creaturrr
676 412 781 465 autem
805 398 977 472 rationalis,
998 413 1030 465 ct

110 487 274 574 praecipue
298 487 432 550 humana
458 488 571 563 anima,
594 498 713 572 peceat,
734 486 909 551 inordinate
931 508 966 552 se
988 486 1029 552 ad

109 574 278 662 corporalia
303 576 520 641 convertendo.
545 576 624 659 llrgo
647 576 835 641 conveniens
859 595 958 661 poena
982 588 1030 641 est

110 678 143 731 ut
165 684 221 752 per
242 664 413 747 corporalia
437 664 598 749 affligatur

178 754 351 831 Praeterea,
374 752 405 817 Si
429 772 527 837 poena
552 753 691 821 alllictira
729 766 853 839 peccato
887 751 1030 827 debetur,

109 862 202 927 quam
227 839 358 905 dicimus
381 860 513 927 poenam
536 862 656 921 sensus,
680 855 712 908 ut
736 855 893 908 ostensum
917 852 963 905 ert
993 841 1030 924 (l.

112 932 143 1009 5
165 952 191 995 c.
216 930 306 1013 teti),
329 942 450 1015 oportet
473 932 556 1015 quud
581 952 617 995 en
643 934 696 997 illo
721 931 797 996 lracc
820 950 918 1016 poena
958 949 1030 1015 pro·

110 1021 211 1084 teniat
234 1019 317 1105 quiid
341 1031 440 1103 potest
463 1019 659 1085 afflictionem
684 1020 808 1085 inlerre.
832 1018 1029 1083 llilrilsutem

111 1108 310 1173 afflictionem
336 1106 437 1183 insert,
461 1108 517 1171 nisi
543 1111 573 1172 in
598 1124 748 1195 quamtum
772 1122 817 1172 est
840 1108 1029 1171 contrarium

112 1197 268 1261 voluntati.
293 1194 359 1259 Non
384 1209 546 1259 estautem
585 1199 772 1263 eontrarium
809 1196 938 1260 naturali
976 1217 1029 1259 vo·

111 1286 220 1350 luctati
245 1283 400 1349 rationalis
425 1300 552 1349 naturae
576 1285 821 1372 quodspirituali
841 1285 1030 1349 substantiae

110 1374 327 1457 oonjrrngatur3
350 1374 454 1457 quin
448 1393 509 1437 rmo
534 1372 592 1439 hcc
609 1390 655 1439 est
678 1375 860 1440 delectabile
883 1375 911 1437 ei
935 1387 966 1437 et
989 1374 1028 1437 ad

111 1462 179 1547 ejus
200 1462 420 1546 perfectionem
446 1462 612 1545 pertinens
648 1477 694 1528 est
728 1467 811 1527 enirn
852 1461 1028 1546 conjunctio

110 1551 219 1615 similis
243 1551 281 1615 ad
314 1550 414 1615 simile
451 1563 481 1613 et
515 1551 715 1635 intelligibilis
749 1550 786 1616 ad
827 1552 1027 1617 intellectum:

109 1650 181 1705 nam
205 1640 307 1703 omnis
330 1639 497 1703 substantia
521 1640 686 1725 spiritualis
708 1639 879 1706 secundum
915 1660 948 1704 se
982 1640 1027 1705 in·

109 1728 277 1811 telligibilis
301 1741 355 1792 est.
381 1728 430 1792 Est
453 1742 555 1791 autem
579 1730 767 1793 eontrarium
807 1728 937 1793 naturali
973 1749 1026 1792 vo·

109 1817 219 1883 luntati
243 1817 408 1903 spiritualis
432 1816 619 1881 substantiae
644 1831 677 1882 ut
699 1820 820 1904 corpori
844 1817 1027 1882 subdatura

59 1978 61 1982 ,
110 1926 174 1992 quo
197 1906 367 1970 secundum
393 1906 533 1969 ordinem
557 1927 631 1972 suae
659 1920 787 1971 naturae
824 1906 921 1972 libera
960 1927 1028 1972 esse

109 1995 211 2059 debet.
236 1995 459 2060 Conveniens
453 1996 544 2076 igitur
567 2010 615 2061 est
628 2010 661 2062 ut
672 1996 840 2062 substantia
863 1995 1028 2084 spiritualis

110 2103 166 2170 per
189 2083 368 2184 corporalia
382 2083 535 2169 puniatur.

178 2171 254 2236 Hirro
277 2173 367 2236 etiam
392 2185 517 2256 apparet
541 2171 635 2258 quod,
657 2173 726 2238 licet
755 2174 926 2260 corporalia
949 2193 1029 2260 quae

109 2260 150 2325 de
174 2261 319 2344 praemiis
344 2261 536 2324 beatorum
529 2283 558 2324 m
584 2261 751 2346 Scripturis
775 2263 918 2346 leguntur
942 2264 1030 2348 spiri·

111 2349 236 2413 tualiter
256 2349 474 2433 intelligantur,
486 2351 563 2413 sicut
576 2350 692 2414 dietum
705 2365 750 2415 est
773 2351 813 2414 de
825 2351 1029 2436 promissione

111 2437 252 2502 ciborum
283 2451 313 2500 et
349 2453 488 2522 potuum,
526 2438 679 2522 quaedam
718 2453 821 2502 tamen
857 2439 1029 2524 corporalia

111 2547 193 2612 quae
219 2525 379 2612 Scriptura
404 2527 601 2611 peccantibus
624 2528 830 2591 comminatur
852 2527 883 2590 in
897 2547 1029 2629 poenam

111 2614 313 2699 corporaliter
335 2627 406 2678 runt
430 2614 626 2698 intelligenda
650 2629 681 2678 et
703 2616 788 2701 quasi
804 2635 927 2702 proprie
938 2616 1029 2681 dieta

110 2702 181 2768 Non
206 2704 288 2768 enim
309 2717 355 2767 est
378 2703 564 2767 conveniens
588 2703 672 2789 quod
697 2717 804 2767 natura
820 2705 959 2789 superior
975 2724 1031 2789 per

111 2788 217 2856 risum
214 2791 379 2856 inferioris
404 2796 601 2875 praemietur,
624 2791 678 2856 sed
694 2792 792 2874 magis
805 2793 930 2878 perhoc
945 2792 1029 2877 quod

109 2881 267 2964 superiori
292 2880 501 2964 conjungitur:
522 2883 649 2965 punitur
670 2897 772 2944 autem
811 2883 1031 2944 convenienter

110 2981 222 3032 natura
246 2970 403 3051 superior
412 2988 467 3052 per
491 2970 549 3032 lroo
566 2968 649 3054 quod
672 2989 743 3033 cum
769 2967 1031 3034 inferioribusde·

111 3070 247 3144 putatur.
272 3056 353 3120 Nihil
377 3072 480 3121 tamen
505 3057 647 3143 prohibet
671 3059 804 3142 quedam
828 3059 918 3120 etiam
950 3077 1031 3142 quae

111 3146 154 3209 de
190 3145 408 3209 damnatorum
445 3145 551 3230 poenis
575 3147 605 3209 in
630 3145 793 3246 Scripturis
817 3145 897 3210 dieta
920 3165 1030 3246 corpu·

111 3233 219 3297 raliter
242 3233 386 3316 leguntur
408 3233 606 3318 spiritualiter
629 3235 723 3319 accipi
748 3249 777 3296 et
801 3232 884 3297 velut
899 3253 954 3318 per
990 3236 1030 3297 si-

108 3321 318 3386 militudinem
342 3322 432 3392 dicta;
454 3323 534 3385 sicut
556 3322 675 3387 dicitur:
706 3320 822 3386 Vermis
843 3342 947 3385 eorum
969 3342 1032 3386 non

107 3411 271 3489 morietur,
296 3411 376 3486 lsai..
395 3410 451 3488 66,
471 3410 524 3489 uu,
555 3425 654 3497 potest
687 3411 769 3474 enim
805 3431 859 3496 per
892 3430 1030 3474 vermem

108 3498 243 3585 intelligi
274 3499 479 3567 conscientiae
518 3519 686 3579 remorsus,
723 3519 784 3586 quo
818 3499 911 3566 etiam
945 3499 1031 3587 impii
