2484 3975
427 241 482 287 sta.
508 242 632 287 meir.
658 241 706 288 tu.
963 219 1027 284 909

109 309 243 386 sentiae,
264 310 319 374 sed
351 309 453 374 solum
488 331 600 398 corpus
625 314 663 374 ad
697 309 924 396 susceptionem
959 311 1027 373 talis

108 399 230 464 animae
253 412 358 485 aptum
381 415 499 480 natum,
522 415 556 464 ut
578 413 735 463 ostensum
749 399 841 486 est(l.
865 399 934 478 2⁰·
959 399 1027 478 86).

173 488 209 552 Et
231 488 301 553 licet
335 487 473 554 Christus
510 489 653 574 aprimo
692 502 818 574 parente
855 489 1026 552 secundum

107 595 233 641 carnem
257 576 460 655 descenderit,
484 584 546 642 ndu
573 591 676 642 tamen
703 577 944 660 inquinationem
967 577 1028 640 ori-

90 665 217 747 ginalis
240 667 360 752 peccati
385 665 524 744 incurrit,
546 681 579 730 ut
591 677 699 752 quarta
717 666 794 729 ratio
810 665 1027 742 concludebat;

105 753 177 838 quia
201 755 361 818 materiam
402 755 529 819 humani
552 755 691 840 corporis
725 753 827 818 solum
871 775 888 818 a
925 755 1026 840 primo

105 857 235 926 parente
257 843 401 930 suscepit,
423 844 518 907 uirtus
547 859 651 907 autem
689 841 849 908 formative
888 843 1027 928 corporis

11 942 14 982 1
105 929 174 1015 ejus
197 930 346 996 nonsluit
368 953 385 996 a
409 932 510 1018 primo
544 945 673 1018 parente
710 931 856 1010 derivata,
881 932 935 995 sed
970 930 1026 996 luit

11 1032 13 1072 t
103 1020 201 1083 virtus
225 1019 354 1105 Spiritus
377 1020 492 1098 Sancti,
515 1036 548 1084 ut
571 1040 663 1106 snpra
687 1020 739 1107 (o.
765 1021 836 1094 lut
867 1034 1025 1084 ostensum

104 1120 162 1182 est;
186 1109 269 1172 unde
290 1127 429 1173 naturam
454 1110 621 1174 lrnmansrn
648 1128 708 1172 uon
734 1109 771 1174 alr
788 1109 883 1173 Adam
908 1111 1025 1195 accepit

10 1211 13 1249 t
105 1196 185 1260 sicut
208 1196 247 1261 ab
270 1214 390 1281 agente,
413 1198 484 1262 licet
505 1216 575 1263 eam
590 1197 631 1262 de
644 1197 740 1262 tuam
755 1201 925 1284 susceperit
947 1199 1025 1262 sicut

11 1315 13 1323 ν
106 1284 147 1348 de
172 1286 321 1350 materiali
346 1286 508 1374 principio.

171 1373 437 1439 Considerandum
460 1388 506 1440 est
528 1375 620 1439 etiam
651 1373 733 1460 quod
768 1374 915 1461 praedicti
938 1373 1024 1440 deic-

103 1473 170 1526 etus
193 1483 249 1549 per
272 1462 443 1528 naturalem
475 1464 626 1548 originem
666 1463 876 1541 traducuntur,
914 1483 950 1527 ex
986 1484 1022 1527 eo

104 1550 188 1634 quod
214 1564 323 1617 natura
347 1553 489 1617 destituta
513 1566 559 1619 cst
581 1551 695 1616 rutilio
725 1554 839 1638 gratiae
873 1552 956 1637 quod
996 1553 1023 1616 ei

103 1637 202 1703 luerat
225 1640 255 1703 in
279 1641 380 1727 primo
402 1655 530 1728 parente
552 1640 709 1719 collatum,
747 1641 786 1705 atl
822 1655 958 1727 posteros
983 1643 1023 1704 si·

101 1727 254 1793 risulcum
278 1745 386 1795 natura
410 1729 626 1805 derivandum
650 1745 679 1793 ct
708 1730 779 1816 quis
814 1735 891 1794 traco
927 1729 1021 1794 desti-

102 1817 179 1880 tutio
201 1836 239 1882 ex
263 1818 433 1884 voluntario
456 1832 581 1905 peccato
604 1821 762 1904 processit,
792 1817 928 1900 delectus
951 1841 1023 1882 con-

102 1923 234 1991 sequens
258 1908 381 1995 suscipit
404 1907 513 1996 culpae
536 1907 697 1972 rationem.
725 1908 774 1972 Sic
814 1907 906 1993 igitur
939 1908 1021 1972 dele·

100 2008 167 2059 ctus
179 1994 356 2080 hujusmodi
381 2011 411 2060 et
433 1997 601 2083 culpabiles
624 2010 695 2061 suut
729 2017 785 2083 per
818 2000 1021 2084 comparatio·

99 2100 173 2146 nem
191 2084 229 2147 ad
254 2087 389 2170 primum
424 2086 620 2173 principium,
659 2087 742 2172 quod
780 2099 826 2150 ast
861 2103 1020 2173 peccatum

97 2171 192 2250 Adae,
215 2184 246 2237 et
269 2174 423 2239 naturales
442 2187 516 2239 sunt
539 2194 594 2261 per
616 2176 878 2261 comparationem
903 2176 940 2239 sd
966 2197 1020 2239 na·

99 2274 200 2325 turam
220 2259 285 2346 jam
308 2263 496 2340 destitutam3
523 2262 606 2327 unde
636 2279 666 2327 et
690 2263 850 2350 Apostolus
873 2264 954 2328 dicit·
981 2264 1020 2328 Ε-

98 2369 210 2414 rnmtts
230 2362 345 2415 notura
366 2350 430 2435 filii
452 2353 530 2430 irrre,
553 2351 675 2437 Epiros,
698 2353 729 2430 2,
753 2353 782 2417 3.
815 2353 848 2417 Et
872 2373 927 2439 per
962 2354 1019 2418 linc

96 2438 225 2502 solvitur
246 2440 326 2504 ratio
349 2442 465 2525 quinta.

164 2526 250 2591 Patet
273 2529 366 2612 igitur
392 2528 564 2594 secundum
603 2528 758 2615 praedicta
792 2528 876 2615 quod
913 2528 1017 2593 riuum

96 2614 235 2721 originis.
258 2637 296 2681 err
319 2637 381 2702 quo
403 2633 563 2705 peccatum
586 2617 736 2701 originale
771 2632 924 2693 cassentur,
949 2638 1020 2703 pro·

94 2718 180 2769 venit
202 2723 239 2768 ex
263 2704 383 2770 deiectu
407 2705 536 2792 alicujus
558 2707 711 2793 principii,
741 2707 857 2771 scilicet
895 2707 1016 2791 gratuiti

95 2790 170 2856 doni
194 2794 276 2879 quod
302 2808 429 2859 naturae
451 2796 609 2859 hunrsnttc
633 2797 663 2858 in
685 2796 733 2859 sui
758 2796 945 2860 institutione
959 2794 1015 2860 suit

93 2880 252 2961 collatum,
274 2882 359 2968 quod
387 2883 655 2967 quidem‘donum
693 2884 926 2968 quodammodo
961 2884 1018 2948 luit

92 2970 246 3048 naturale,
269 2991 331 3035 uon
355 2973 491 3057 quusier
516 2974 672 3058 principiis
694 2989 823 3037 natiuae
847 2988 1016 3051 causatum,

92 3058 148 3122 aed
172 3061 243 3144 quia
267 3061 311 3125 sic
334 3059 390 3124 luit
412 3061 530 3125 ltomitri
554 3062 660 3124 datum
674 3074 706 3124 ut
718 3061 810 3126 simul
822 3082 893 3126 cum
907 3077 1015 3127 natura

91 3162 323 3232 propagaretur.
346 3147 487 3234 (iniectio
509 3165 613 3213 sutem
638 3164 722 3214 sorta
759 3152 945 3236 procedebat
969 3172 1016 3213 sc·

90 3235 229 3301 cundum
256 3236 340 3323 quod
363 3237 503 3303 naturale
541 3238 652 3304 dicitur
688 3239 772 3325 quod
796 3260 832 3303 cr
856 3239 1014 3326 principiis

80 3337 220 3406 ,naturae
242 3340 396 3391 causatur.

157 3412 300 3479 Procedit
322 3415 416 3479 etiam
438 3414 567 3499 septima
592 3415 668 3479 ratio
693 3437 748 3502 per
771 3416 900 3482 modum
925 3434 1017 3480 eum·
1071 3444 1073 3449 ¹

91 3499 162 3565 dem
187 3502 226 3566 de
247 3502 368 3569 delectu
392 3504 534 3590 principii
559 3506 705 3571 naturalis
725 3506 808 3594 quod
825 3510 958 3593 pertinet
974 3508 1012 3573 ad

157 3588 188 3657 S.
218 3593 272 3657 Ta.
299 3592 445 3659 Sitrttrnue
470 3592 546 3660 llltil.
572 3592 606 3659 l'.
635 3594 665 3662 5.
907 3598 948 3663 ll
