2484 3975
399 237 436 280 na
460 213 581 280 uuirrrn
597 232 787 280 tnractccrus
986 213 1053 280 aun

129 305 206 370 dum
225 302 288 369 boc
301 301 390 370 'actio
414 303 594 381 intellectus,
607 323 688 386 quae
710 315 756 367 cat
768 299 948 384 intelligere,
961 304 1053 369 nullo

129 391 226 460 ruodo
248 405 349 479 poten
370 392 493 459 attribui
516 392 645 467 Socrati3
667 391 749 477 quod
773 388 982 476 multiplieiter
997 414 1051 480 ap-

129 495 229 568 paret:
249 518 294 532 -
316 480 421 548 Primo
443 481 580 568 quidem,
602 500 658 568 par
680 480 740 546 boo
761 477 844 564 quod
883 477 955 544 dicit
978 480 1050 546 Phi·

127 569 278 657 losopbun
302 570 524 657 (Memphin,
548 570 610 654 ἢ),
633 568 715 655 quod
739 587 872 654 quorum
894 566 1050 634 diuersum

128 672 177 726 eat
198 658 323 745 aliquod
348 678 424 746 opus
446 673 567 745 praeter
589 665 740 723 actionem
762 655 842 721 actio
875 657 974 721 estin
1013 679 1051 724 en

128 747 214 835 quod
238 749 282 826 fit,
305 760 339 813 ut
361 748 532 814 aedificatio
571 749 601 812 in
639 747 801 812 aedificato
833 758 864 809 ct
897 749 1051 812 contextio

126 833 160 902 in
184 849 337 914 contenta
359 837 499 905 similiter
520 849 623 904 auteur
647 850 677 900 et
699 837 731 900 in
754 834 831 912 aliis,
860 846 890 898 ct
917 834 1052 901 totaliter

127 939 231 990 motus
254 926 285 991 in
308 940 403 1003 rnoto;
426 947 557 1013 quorum
581 945 655 992 vero
675 943 741 989 nun
763 937 811 988 cst
825 923 908 988 aliud
925 922 1051 1012 aliquod

129 1033 209 1100 opus
231 1028 352 1100 praeter
375 1017 537 1089 actionem,
563 1014 595 1079 in
619 1016 664 1079 eis
685 1014 785 1078 existit
806 1013 896 1091 actio,
919 1025 952 1076 ut
975 1014 1052 1078 risio

127 1103 161 1168 in
183 1101 306 1167 vidente
328 1116 359 1169 et
382 1103 552 1191 speculatio
586 1103 617 1168 iu
652 1101 839 1188 speculante.
877 1100 928 1167 Sic
964 1122 1052 1187 crgo,

128 1191 186 1257 etsi
209 1191 380 1258 intellectus
403 1207 533 1279 ponatur
569 1192 649 1258 uniri
687 1189 804 1256 Socrati
844 1203 876 1254 ut
910 1210 1051 1265 morena,

129 1259 207 1345 nilo
229 1280 349 1367 pronon
371 1281 409 1346 aa
433 1280 492 1347 too
514 1279 597 1367 quoa
621 1279 793 1365 interogat
814 1278 852 1344 su
868 1281 899 1344 tn
923 1279 1052 1345 aonio

126 1389 186 1434 nco
209 1369 291 1456 quod
314 1369 454 1436 Socrates
493 1369 653 1454 intelligat,
686 1369 759 1454 quia
796 1366 967 1453 intelligere
1005 1381 1051 1441 ent

126 1458 207 1524 actio
230 1478 312 1542 quae
334 1472 380 1523 att
401 1459 431 1522 in
457 1457 609 1526 intellectu
633 1470 764 1522 tanturn.
796 1456 838 1520 lla
860 1476 922 1542 quo
957 1455 1050 1522 etiam

125 1559 211 1632 patet
233 1545 343 1612 fabum
367 1565 434 1612 csse
457 1546 540 1632 quud
569 1546 687 1618 dicunt,
708 1542 791 1630 quod
804 1543 1051 1612 intellectutnnn

126 1648 172 1700 est
194 1649 279 1702 actua
302 1635 449 1722 corporis,
470 1633 525 1701 aed
548 1635 650 1722 ipsum
674 1632 858 1717 intelliger03
879 1654 943 1698 nnn
965 1633 1050 1698 enirn

125 1736 316 1810 potestesse
339 1723 466 1810 alicujus
489 1737 573 1788 nattis
596 1720 782 1807 intelligere,
804 1721 893 1806 cujus
926 1743 989 1788 non
1012 1721 1051 1786 sia

126 1825 212 1878 actus
235 1811 418 1891 intellectur,
441 1813 512 1899 quia
536 1809 707 1896 intelligere
730 1808 852 1875 nunniti
875 1810 907 1875 in
930 1809 1050 1876 intelle

125 1915 177 1966 ctu
201 1914 258 1979 cst,
280 1904 358 1966 aicnt
380 1921 437 1966 nec
459 1901 535 1967 cisio
558 1900 615 1965 niti
639 1899 671 1964 io
693 1898 773 1975 ritu3
795 1898 879 1964 unde
900 1920 959 1966 occ
974 1899 1050 1964 uitio

126 2004 228 2077 potest
251 2010 319 2057 cnse
340 1990 469 2076 alicujus
490 1991 548 2056 uiti
573 1990 656 2056 illius
677 1988 765 2074 cujus
786 2001 872 2054 actus
895 2004 941 2055 eat
955 1990 1049 2057 uitus.

125 2115 167 2129 -
193 2078 347 2159 Secundo,
370 2082 439 2166 quia
463 2079 720 2145 actiomnteutia
743 2079 867 2165 propria
906 2099 971 2144 nan
1005 2091 1050 2142 at·

127 2166 271 2235 tribuitur
293 2168 498 2233 instrumento
521 2180 575 2235 aut
598 2180 694 2245 moto,
716 2166 772 2233 scd
803 2166 902 2250 magis
935 2186 1050 2233 econ·

125 2275 215 2322 uerso
238 2257 316 2322 actio
328 2257 521 2322 instrumenti
534 2256 710 2322 attribuitur
725 2255 885 2344 principali
899 2256 1049 2322 mouenti:

128 2347 294 2411 nonenim
317 2344 497 2431 putestdiei
522 2344 604 2433 quod
628 2365 712 2411 serra
736 2344 878 2429 disponat
900 2344 940 2409 de
976 2347 1048 2410 arti-

125 2433 206 2510 fici03
230 2446 329 2519 potest
350 2447 452 2499 tamen
476 2433 535 2500 dici
574 2434 658 2521 quod
690 2432 797 2498 artilex
830 2446 923 2510 secat,
963 2434 1047 2519 quod

124 2536 170 2587 cat
194 2542 275 2607 aput
296 2541 409 2587 serrae.
433 2521 560 2609 Propria
583 2535 688 2589 autern
710 2520 849 2606 operatio
883 2520 979 2608 ipsius
1001 2521 1048 2587 in·

124 2609 262 2676 tellectur
286 2623 333 2677 cat
355 2610 537 2696 intelligere.
562 2610 660 2689 Unde,
682 2610 754 2674 dato
776 2610 869 2674 etiam
892 2609 976 2693 quod
1001 2611 1047 2675 iu·

123 2699 261 2783 talligcrc
284 2713 366 2765 etset
389 2700 467 2765 actio
491 2701 641 2766 transient
664 2699 695 2763 in
722 2697 865 2776 alterurn,
887 2698 964 2763 sicut
978 2718 1047 2772 mo·

123 2806 207 2863 rere,
230 2809 292 2855 non
321 2801 501 2876 requunur
538 2788 620 2876 quod
657 2786 831 2869 intelligere
867 2787 1048 2853 conueniret

121 2874 250 2956 Socrati,
273 2879 298 2944 ni
322 2878 492 2944 intellectus
515 2879 639 2943 uniatur
674 2874 826 2940 cisalum
864 2889 899 2941 ut
931 2881 1045 2942 motor.

121 2990 166 3013 ⁴-
190 2965 304 3045 Tertio‚
327 2968 398 3052 quia
420 2966 452 3030 iu
476 2966 523 3031 bis
547 2984 679 3052 quorum
704 2964 841 3028 acdonea
866 2964 898 3028 in
914 2964 1045 3033 alterum

123 3066 294 3131 inducunt,
318 3055 457 3141 opposito
478 3055 574 3120 ruodo
596 3053 804 3118 attribuuntur
823 3053 958 3118 aminoen
980 3072 1047 3124 mo·

124 3140 267 3209 tentibus
288 3156 319 3208 et
341 3145 442 3224 motin
477 3142 647 3209 secundum
682 3140 925 3207 aedificationem
959 3146 1045 3209 enirn

123 3228 301 3296 aedificator
323 3230 434 3299 dicitur
456 3232 629 3309 aedificare,
652 3228 829 3295 aedilicium
863 3249 939 3296 tero
959 3232 1045 3297 acdi-

123 3318 221 3384 bcari.
243 3318 274 3384 Si
299 3338 374 3405 crgo
408 3320 579 3405 intelligere
615 3331 698 3384 ercet
731 3318 810 3384 actio
845 3320 876 3385 in
913 3319 1045 3385 alterurn

122 3408 283 3485 transiens,
305 3408 383 3473 sieut
404 3428 542 3485 morere,
563 3406 666 3473 adbuc
688 3427 751 3472 uon
774 3420 854 3473 esset
877 3406 1043 3473 dicendum

121 3493 575 3583 quodsncratasintelligeret
597 3496 720 3584 adhoc
758 3496 842 3582 quod
875 3495 1046 3583 intellectui
