2484 3975
418 235 473 281 nia.
497 236 526 280 ιι
559 235 623 285 ιιι.
645 235 711 283 ιιι.
953 215 1017 282 189

95 306 220 371 ιιιιιιιιιιι
242 303 451 390 generationis
484 306 635 370 terminus
669 305 742 370 unio
777 304 816 370 ad
851 323 1016 390 personam

97 396 246 472 divinam,
268 413 331 459 non
354 406 458 459 autem
483 394 585 480 aliqua
609 413 741 481 persona
766 415 820 460 seu
846 393 1018 480 hypostasis

94 486 230 552 humana
252 482 476 561 coristituenda,
501 498 532 547 ut
556 503 593 548 ex
616 483 706 548 dietis
743 483 796 569 (c.
821 482 889 565 ιι)
924 498 1016 570 patet.

93 572 160 638 Non
185 572 277 656 igitur
299 570 330 634 in
353 570 412 636 hac
434 573 635 655 generatione
658 572 757 658 potuit
779 591 848 638 esse
883 572 1016 637 activum

91 661 277 748 principium
299 679 407 724 semen
430 661 497 738 uiri,
519 660 574 726 sed
597 660 663 726 ania
701 662 796 726 virtus
835 659 948 738 divina,
973 676 1017 736 nt,

91 753 172 815 sieut
193 769 300 814 semen
323 748 379 811 tiri
404 750 434 812 in
457 750 658 833 generatione
680 751 838 815 communi
855 751 1015 814 honrinnm

91 839 123 904 in
146 858 235 903 suam
258 838 459 902 substantiam
484 839 576 903 trahit
598 841 758 902 materiam
783 861 800 904 a
836 853 938 904 matre
957 842 1015 902 mi-

92 924 265 1004 nistratam,
298 927 338 989 ita
373 927 516 991 eamdem
550 927 711 992 materiam
747 928 777 990 in
815 927 1016 1012 generatione

91 1015 203 1081 Christi
228 1014 363 1079 Verbum
386 1015 442 1080 Dei
467 1015 499 1078 in
528 1035 618 1080 suam
654 1016 801 1081 unionem
838 1018 1014 1100 assumpsit.

158 1103 307 1168 Similiter
320 1115 422 1168 autent
436 1102 634 1169 manifestum
658 1105 798 1189 estquod
827 1105 1015 1168 conveniens

91 1206 159 1256 erat
182 1206 215 1256 nt
229 1194 259 1256 in
273 1195 337 1278 ipsa
359 1192 561 1276 generatione
585 1194 721 1258 humana
738 1193 827 1272 Verbi
841 1192 898 1258 Dei
916 1193 1018 1277 aliqua

116 1281 269 1367 roprietas,
284 1280 451 1367 spiritualis
487 1283 695 1365 generationis
734 1282 825 1347 Verbi
853 1283 1017 1346 rehrceret.

90 1302 225 1434 eerbum
248 1385 363 1446 autem,
387 1370 559 1435 secundum
584 1371 668 1455 quod
704 1391 720 1434 a
745 1371 865 1434 dicente
890 1391 1015 1456 progre-

90 1459 184 1537 ditur,
206 1461 270 1523 sive
291 1458 421 1523 interius
443 1472 628 1545 conceptum
651 1460 716 1523 sive
754 1461 888 1524 exterius
913 1459 1015 1544 proia-

90 1560 168 1625 tum,
190 1549 419 1633 corruptionem
442 1548 555 1612 dicenti
591 1568 653 1613 non
691 1547 788 1624 affert,
825 1548 879 1612 sed
916 1550 1014 1632 magis

90 1637 286 1722 perfectionis
324 1635 483 1722 plenitudo
518 1657 573 1722 per
613 1637 744 1702 verbnm
779 1637 946 1701 attenditur
983 1640 1015 1701 in

90 1727 222 1792 dicente.
246 1725 439 1791 Conveniens
462 1725 555 1810 igitur
575 1725 633 1790 fuit
663 1739 696 1789 ut
719 1728 762 1790 sic
798 1723 933 1791 Verbum
957 1725 1013 1790 Dei

91 1815 262 1880 seeundum
285 1815 455 1879 humanam
478 1815 713 1898 generationem
749 1814 963 1898 conciperetur
985 1829 1015 1880 et

89 1916 269 1969 irasceretur
291 1915 324 1968 ut
346 1905 454 1968 matris
479 1905 649 1989 integritas
667 1923 730 1968 non
753 1917 1015 1989 corrumperetur.

89 1990 169 2056 Cum
192 1994 253 2057 boc
275 1994 368 2056 etiam
391 1993 590 2059 manifestum
614 1992 766 2079 estquod
799 1992 935 2060 Verbum
959 1993 1015 2058 Dei

89 2101 154 2166 quo
176 2081 280 2145 omnia
303 2082 465 2146 constituta
490 2096 563 2146 snm
597 2096 629 2147 et
651 2102 714 2167 quo
752 2084 855 2147 omnia
895 2082 924 2145 in
960 2102 1015 2146 sua

84 2168 264 2254 integritate
285 2185 516 2245 conservantur,
538 2169 583 2235 sie
611 2171 694 2235 nasci
714 2169 815 2237 decuit
828 2183 859 2233 ut
877 2189 931 2255 per
948 2190 1014 2233 om-

88 2258 139 2321 nia
164 2260 270 2323 matris
294 2258 499 2341 integritatem
525 2274 670 2323 servaret:
698 2259 885 2324 conveniens
923 2259 1016 2343 igitur

88 2346 146 2411 tuit
170 2348 251 2411 hane
273 2347 509 2430 generationem
532 2347 627 2411 inissa
650 2368 687 2413 ex
711 2349 838 2433 virgine.

154 2434 264 2523 Neque
286 2450 390 2499 tannen
414 2435 465 2499 hie
494 2438 701 2520 generationis
736 2438 847 2501 modus
871 2454 962 2499 verae
985 2449 1016 2499 et

88 2524 222 2590 naturali
245 2523 428 2589 humanitati
452 2523 562 2589 Christi
585 2526 725 2608 derogat,
741 2523 1014 2607 iicetaliterquam

88 2612 138 2677 ahi
162 2614 306 2678 homines
328 2625 492 2696 generatus
525 2610 574 2677 sit.
612 2612 806 2677 Manifestum
840 2624 887 2676 cst
921 2615 1016 2689 enim,

87 2720 161 2767 eum
186 2704 281 2767 uirtus
303 2702 406 2766 divina
430 2701 548 2766 infinita
570 2700 620 2777 ιιι,
644 2716 676 2765 ut
698 2721 790 2787 supra
808 2701 843 2787 (Ι.
861 2702 891 2779 ι,
915 2720 942 2764 c.
956 2702 1013 2785 to)

86 2792 254 2875 probatum
276 2804 333 2868 est,
355 2805 387 2854 et
410 2810 467 2877 per
489 2809 558 2855 eam
583 2810 692 2857 omnes
724 2809 835 2854 causae
869 2795 1012 2854 virtutem

87 2879 280 2964 producendi
313 2878 458 2944 effectum
487 2881 665 2959 sortiantur,
702 2880 786 2966 quod
822 2880 1015 2965 quicumque

88 2968 214 3034 effeetus
237 2987 293 3054 per
315 2986 544 3054 quamcumque
566 2987 691 3033 cansam
717 2970 896 3055 producitur
912 2982 1014 3053 potest

88 3074 143 3140 per
165 3057 268 3121 Deum
291 3057 409 3141 absque
430 3053 512 3120 iliius
535 3076 647 3121 causae
669 3056 858 3123 adminicuio
880 3056 1009 3142 produci

88 3144 227 3228 ejusdem
252 3147 365 3232 speciei
388 3158 419 3210 et
441 3157 580 3209 naturae.
604 3144 690 3210 Sicut
724 3145 819 3231 igitur
842 3146 938 3209 virtus
960 3166 1014 3208 na·

89 3233 194 3299 turalis
217 3254 298 3321 quae
318 3246 366 3299 est
388 3234 420 3297 in
444 3232 583 3298 humano
605 3234 726 3299 semine
749 3234 890 3322 producit
914 3234 1013 3297 ιιιιιιιι-

91 3339 161 3385 nem
200 3343 324 3400 verum,
356 3322 492 3408 speeiem
529 3338 559 3387 et
584 3323 753 3387 humanam
789 3342 928 3387 naturam
961 3324 1014 3385 ba·

89 3405 224 3489 beatem,
247 3414 287 3476 ita
311 3412 405 3477 virtus
427 3410 542 3490 divina,
564 3432 645 3496 quae
682 3412 772 3477 talem
799 3397 940 3476 virtutem
964 3432 1012 3474 se·

88 3498 161 3561 mini
184 3499 280 3580 dedit,
301 3501 418 3589 absque
443 3499 620 3586 hujusmodi
645 3501 755 3567 virtute
771 3516 871 3589 potest
887 3500 1011 3565 effectus
