2484 3975
392 240 430 296 oa
454 249 578 296 nuttam
595 249 787 295 tursttncrns
989 233 1054 300 535

122 334 273 409 quantum
298 320 412 387 scilicet
423 319 490 407 ejus
511 319 680 406 objectum,
695 319 780 406 quod
795 315 1054 406 est‘photrtasma,

122 425 170 478 cst
192 411 224 476 in
249 429 366 496 argatio
389 410 552 496 corporali,
582 430 645 474 non
679 408 763 495 quod
786 407 843 472 iste
878 422 964 476 aetus
997 433 1055 500 per

122 517 276 586 organum
300 500 460 588 corporale
483 511 673 564 exerceatur.

129 617 131 622 ·
188 588 220 653 Si
244 588 312 675 quis
333 601 435 656 autem
460 585 740 674 quaerutulterius:
759 585 784 651 si
797 584 969 654 intellectus
984 589 1052 656 sine

119 677 337 763 phantasmate
359 698 421 743 non
446 676 596 762 intelligit,
617 674 777 761 quomodo
812 695 887 758 crgo
925 675 1050 744 habehit

119 767 333 852 operationem
358 764 608 842 intellectualem,
632 776 794 851 postquem
834 763 926 830 tuerit
948 767 1051 833 anima

118 873 293 941 aocrpore
316 866 468 942 separata,
491 854 570 920 scire
606 852 701 918 dehet
738 853 790 938 qui
825 852 903 919 hacc
935 854 1051 941 objicit,

118 943 205 1028 quod
229 944 318 1008 istam
342 943 554 1029 quaestionem
585 941 705 1007 solvere
742 961 806 1006 non
844 943 978 1029 pertinet
1011 947 1049 1011 ad

117 1031 293 1098 naturalem
316 1031 377 1117 (l).
402 1031 490 1097 Unde
524 1030 701 1097 Aristoteles
724 1031 872 1118 (Physic.
896 1031 944 1117 h)
966 1032 1049 1113 dicit,

118 1121 160 1184 dc
187 1121 290 1186 enimn
314 1122 454 1209 loquens:
486 1119 692 1202 «Quomodo
729 1134 834 1186 autem
869 1121 1050 1208 separabilia

118 1208 198 1274 haec
220 1229 253 1276 se
277 1210 400 1290 haheat,
422 1223 453 1275 et
484 1209 559 1296 quid
593 1208 643 1288 sit,
676 1208 891 1296 philosophiae
929 1210 1050 1296 primae

118 1317 198 1383 opus
221 1312 267 1364 est
290 1297 506 1366 determinare.
530 1296 757 1378 AEstitnaudum
789 1311 836 1363 est
857 1297 941 1363 enim
964 1301 1049 1385 quod

118 1385 252 1453 alterum
275 1387 405 1454 modum
430 1385 621 1471 intelligendi
633 1385 762 1464 habehit
782 1387 887 1452 anima
909 1403 1048 1475 separata

116 1495 211 1562 quam
247 1476 361 1542 haheat
395 1476 560 1562 conjuncta
593 1501 626 1553 ι,
660 1474 795 1540 similem
832 1476 950 1542 scilicet
983 1477 1050 1543 aliis

116 1564 295 1630 substantiis
317 1566 474 1653 separatis.
499 1562 586 1628 Unde
602 1583 665 1629 uon
680 1564 749 1630 tine
762 1584 855 1629 causa
871 1564 1050 1632 Aristoteles

118 1654 240 1740 quaerit
263 1653 329 1742 (de
352 1654 474 1731 Anima,
498 1651 545 1739 tt)
568 1663 674 1718 utrum
709 1653 893 1731 intellectus,
915 1674 978 1718 non
1002 1675 1050 1720 se·

83 1763 89 1790 t
117 1757 244 1827 paratus
267 1763 284 1808 a
309 1742 531 1829 magnitudine,
554 1740 704 1824 intelligat
720 1741 837 1827 aliquid
861 1756 1050 1830 separatum

115 1851 172 1914 per
194 1831 278 1917 quod
311 1832 362 1896 dat
384 1831 555 1915 intelligere
578 1829 662 1916 quod
686 1830 801 1918 aliquid
824 1833 937 1917 poterit
960 1831 1049 1898 intel·

116 1919 213 2006 ligore
236 1934 405 2009 separatus,
429 1921 512 2007 quod
538 1939 600 1985 non
642 1932 741 2007 potest
779 1940 842 1986 uon
879 1934 1049 2007 separatus.

120 2009 155 2075 ln
180 2010 291 2097 quihus
314 2010 407 2074 etiam
431 2010 533 2077 verbis
549 2008 639 2074 valdo
650 2009 821 2075 notandum
838 2010 983 2097 estquod
999 2032 1049 2076 su·

121 2111 176 2184 pra
190 2112 357 2185 utrumque
372 2098 573 2177 intellectum,
589 2098 705 2163 scilicet
721 2099 900 2182 possibilem
911 2112 941 2165 et
954 2118 1049 2185 agen·

116 2201 192 2266 mm,
211 2187 287 2254 dixit
298 2201 485 2274 separatum
497 2188 548 2253 hie
559 2202 663 2252 tamen
675 2186 750 2253 dicit
760 2207 832 2253 eum
846 2207 908 2253 non
924 2208 1048 2274 separa·

116 2290 192 2341 tum.
206 2276 256 2341 Est
273 2277 356 2341 enim
370 2292 539 2362 separatus,
562 2276 746 2362 inquantum
758 2297 820 2341 non
834 2289 880 2342 cst
895 2290 981 2341 actus
996 2298 1046 2342 or-

114 2366 198 2449 gani,
210 2384 273 2431 non
285 2380 442 2452 separatus
455 2386 539 2443 tero,
551 2366 734 2449 inquantum
749 2386 820 2452 pars
836 2365 900 2431 site
913 2369 1047 2451 potentia

112 2455 237 2519 animae
260 2468 409 2540 quaeest
432 2467 517 2521 actus
541 2453 689 2539 corporis,
714 2458 793 2519 sicut
815 2454 1047 2540 supradictum

112 2555 170 2609 est.
194 2541 376 2628 llujusmodi
400 2556 502 2609 autem
527 2542 723 2628 quaestiones
753 2543 922 2608 certissime
943 2543 1047 2630 colligi
1163 2581 1166 2586 ·

112 2644 214 2717 potest
237 2630 428 2699 Aristotelem
453 2630 577 2697 solvisse
601 2634 634 2697 in
668 2633 715 2697 his
738 2631 824 2696 libris
861 2651 940 2717 quos
965 2648 1047 2717 patet

112 2738 186 2785 eum
210 2720 369 2807 scripsisse
392 2720 432 2786 dc
454 2721 633 2787 substantiis
655 2719 816 2809 separatis,
843 2738 880 2786 cx
904 2720 1048 2806 hisquae

112 2807 186 2875 dicit
208 2810 239 2874 in
264 2809 416 2897 principio
437 2808 613 2877 duodecimi
651 2808 942 2897 lletaphysicorum:
969 2827 1047 2895 quos

112 2899 205 2963 etiam
230 2897 326 2963 libros
350 2899 482 2965 ridimus
509 2920 642 2967 numero
663 2898 899 2987 quatuordecim
934 2901 1046 2987 (esse),

110 2987 183 3052 licet
204 2986 347 3052 nondum
377 2987 540 3055 translatos
564 2990 595 3058 in
618 2988 724 3075 lingua
747 3001 853 3052 nostra
877 2987 941 3075 (θ).

179 3074 358 3142 &cundum
383 3076 442 3143 hoo
465 3076 658 3165 igiturpatet
677 3076 761 3163 quod
778 3077 912 3143 rationes
925 3077 956 3141 in
971 3096 1046 3142 con-

112 3164 241 3231 trarium
266 3165 479 3231 necessitatem
503 3184 565 3231 non
589 3165 716 3233 hahent.

163 3392 205 3461 (ll
223 3393 442 3463 cunctantem,
460 3396 553 3465 supple
571 3392 766 3465 philosophum.

165 3464 206 3538 (2)
223 3464 347 3519 Nuadautt
366 3464 507 3519 translatos
524 3470 554 3519 in
572 3466 664 3538 linquo
681 3472 780 3520 nostro.
792 3486 829 3504 ³·-
840 3463 958 3533 luleliigc
973 3470 1043 3537 quud
1080 3499 1084 3511 .

110 3533 166 3590 duo
182 3550 214 3589 ex
232 3536 273 3589 hls
290 3536 488 3609 quatuordecim
508 3538 583 3593 lihtis
602 3538 721 3593 nondum
739 3540 816 3591 oratu
833 3536 963 3591 translati.
1122 3539 1127 3543 ’
