2484 3975
231 209 294 276 tea
474 228 593 276 nutv.
619 228 683 274 cnr.
708 228 957 276 truttmunt.

228 295 413 364 naturalium
436 317 540 363 rerum
565 320 582 362 a
613 299 741 364 remotis
774 310 984 386 repraesentat
1020 299 1151 380 Filium,

228 389 305 453 ordo
330 401 433 452 autem
457 386 604 472 Spiritum
639 387 798 454 Sanctum.
837 389 872 454 Et
906 388 987 466 ideo,
1002 408 1156 492 prepter

226 489 377 542 remotam
401 477 712 562 repraesentationem
736 491 766 540 et
803 477 1008 543 obseuram'
1001 498 1031 543 to
1069 481 1154 547 irra-

227 565 425 632 tionabilibus
449 566 552 641 rebus,
576 565 718 629 dieitur'
710 586 741 629 tn
765 566 809 630 eis
825 587 892 632 ease
915 565 1072 632 Trinitatis
1099 591 1155 634 ra·

225 655 361 757 sti-giam,
385 674 447 719 non
470 654 583 736 imago,
606 655 778 718 seeundum
805 654 890 720 ittod:
928 654 1120 720 Forsitan
1098 679 1153 724 aa·

224 745 318 842 atipia
339 743 402 808 rnei
423 744 670 827 comprehendes,
708 754 738 806 et
772 763 865 827 unque
898 742 943 807 ad
975 739 1155 828 perfeetum

229 826 474 916 omnipotentem
496 830 649 914 reperies?
669 831 738 909 Jab,
775 833 826 909 11,
849 834 881 898 7.

293 921 328 986 Et
351 924 428 988 haee
451 921 490 986 de
514 922 616 986 divina
641 880 790 986 7111111111
813 921 852 986 ad
883 939 1028 1008 praesens
1068 923 1156 990 dieta
1219 928 1220 973 t

227 1009 388 1076 sufficiant.

513 1095 569 1162 ct
586 1097 611 1163 P
630 1097 692 1162 UT
716 1097 835 1166 xxvtt.

270 1277 316 1343 De
337 1276 550 1344 incarnatione
581 1275 685 1353 Verbi,
708 1277 875 1342 secundant
905 1277 1108 1344 traditionem

517 1363 633 1430 Sarrae
665 1363 856 1450 Seriptttrae.

292 1543 446 1626 Quoniam
470 1555 572 1607 autem
596 1563 700 1629 supra,
722 1563 793 1607 aum
817 1543 857 1608 de
879 1545 982 1610 diviua
1015 1565 1149 1629 genera·
1219 1582 1220 1589 ,

226 1633 309 1698 tione
332 1649 484 1718 ageretur,
507 1632 623 1697 dietum
646 1645 691 1696 est
714 1632 771 1696 Dei
798 1632 875 1698 Filio
911 1636 983 1700 iesu
1021 1634 1149 1699 (liaristo

224 1722 377 1808 quaedam
399 1721 570 1789 seeundum
594 1721 728 1785 divinam
751 1736 904 1802 naturam,
919 1723 1072 1810 quaedam
1095 1743 1147 1786 se-

224 1811 361 1876 eundum
385 1813 553 1878 itomanam
577 1813 751 1888 eonieoire,
774 1831 868 1896 quam
890 1834 927 1878 ex
941 1828 1080 1898 tempore
1096 1832 1148 1876 as·
1219 1816 1220 1829 *

224 1902 378 1968 sumendo
400 1901 458 1966 Dei
482 1911 625 1963 aeternus
648 1900 742 1964 Filius
772 1901 867 1967 votuit
903 1902 1066 1980 incarnari,
1105 1904 1146 1966 de

224 1990 291 2075 ipso
314 2012 396 2057 nuna
419 1990 636 2057 incarnationis
660 1993 804 2075 mysteria
838 2005 932 2058 restat
965 1993 1147 2059 dicendam.

224 2078 315 2160 Quod
339 2080 465 2166 quidem
491 2078 569 2141 inter
591 2078 694 2143 divina
718 2100 811 2166 opera
833 2083 968 2147 maxime
991 2082 1147 2147 rationem
1218 2153 1219 2166 p

223 2169 353 2234 excedit:
376 2168 452 2233 nihil
474 2168 557 2233 enim
581 2167 751 2233 mirabilius
774 2173 938 2253 excogitari
973 2185 1075 2256 potest
1096 2170 1148 2235 di·

223 2256 336 2323 vinitus
360 2257 473 2323 tantam
498 2275 590 2339 quam
615 2258 698 2341 quod
720 2278 809 2322 verus
833 2260 916 2325 Deus
953 2260 1009 2324 Dei
1048 2260 1146 2324 Filius

223 2346 314 2412 tieret
333 2348 428 2412 harno
454 2364 552 2409 uerus.
576 2344 610 2407 Et
633 2349 703 2430 quia
728 2349 807 2410 inter
836 2349 940 2412 omnia
978 2350 1145 2413 mirabilis-

221 2437 336 2501 simum
359 2450 415 2510 est,
449 2434 647 2517 consequitur
684 2434 768 2520 quod
804 2436 860 2500 ad·
881 2436 972 2522 hujus
1006 2437 1145 2501 maxime

222 2524 370 2591 mirabilis
394 2523 487 2591 fidem
527 2526 630 2586 amnia
664 2524 723 2587 alia
759 2525 909 2591 mirabilia
947 2526 1144 2604 ordinentur,

221 2633 293 2679 aura
316 2612 453 2700 idquoti
477 2622 523 2679 est
547 2611 576 2675 in
601 2632 789 2698 unaquoque
822 2633 937 2699 genere
971 2616 1144 2680 maximum
1218 2637 1219 2680 t

221 2720 313 2767 eausa
337 2702 469 2769 aliorum
493 2718 561 2767 esse
584 2701 732 2767 videatur.

289 2790 373 2857 Hane
396 2802 499 2858 autem
525 2788 580 2853 Dei
610 2790 853 2855 incarnationem
876 2789 1062 2871 mirabilem,
1086 2812 1144 2858 tu·

220 2880 360 2946 ctoritate
383 2881 484 2946 divina
509 2877 661 2955 tradente,
684 2878 879 2945 eonfitemur.
906 2880 1023 2946 Dicitur
1045 2881 1144 2947 enim:

220 2967 261 3033 Et
290 2968 419 3034 Verbum
440 2988 513 3033 aare
534 2968 653 3051 facturn
675 2978 730 3044 eat,
751 2980 781 3031 et
802 2968 954 3035 nabitavit
988 2970 1022 3033 in
1042 2971 1144 3051 notio,

220 3058 324 3137 ioan,
348 3059 377 3136 1,
403 3058 454 3139 tt;
477 3071 507 3121 et
529 3056 690 3142 Apostolus
713 3058 795 3135 dicit,
817 3057 856 3122 de
889 3058 966 3124 Filio
999 3058 1057 3123 Dei
1096 3060 1144 3126 Ιο-

222 3166 331 3233 queus:
357 3148 433 3213 Cam
454 3148 486 3210 in
507 3145 611 3229 forma
635 3145 694 3209 Dei
715 3156 804 3223 earet,
826 3167 887 3211 non
919 3148 1067 3231 rapinam
1088 3169 1143 3213 ar-

223 3234 356 3302 titi-ano
377 3248 422 3301 eat
443 3255 508 3301 aare
530 3254 563 3297 aa
585 3236 747 3317 aequatem
772 3236 849 3310 Dea·
872 3237 928 3303 aad
942 3238 1143 3319 temetipsam

222 3324 403 3401 eainanivt't,
423 3327 559 3411 sormam
581 3324 663 3385 aerei
684 3325 849 3408 accipiant,
863 3326 1144 3392 inairnititndinetn

223 3411 380 3479 nominant
401 3415 502 3498 saetae
524 3422 554 3475 et
576 3409 684 3475 nabitu
706 3413 847 3478 inuerttna
869 3425 904 3478 at
909 3415 1035 3503 noma,
1070 3415 1144 3480 Phi·

223 3499 286 3587 up,
310 3502 341 3582 7,
365 3502 434 3569 6·.7
457 3502 522 3567 ttae
545 3496 639 3564 etiam
661 3500 756 3586 ipsius
779 3500 904 3567 Domini
909 3489 998 3569 iesu
1027 3502 1143 3571 Christi
