2484 3975
215 208 279 274 590
588 229 760 278 ornsooauu

213 314 259 364 est
283 297 445 371 reflexum.
465 316 523 362 uec
546 300 626 364 aetio
647 321 708 386 qua
732 299 882 364 formetur
896 297 1136 385 rerumquae

214 403 258 452 est
283 388 490 472 expressivum
514 386 690 471 quidditotis
713 389 758 453 rei
780 389 1056 475 quoeconcipitnr‚
1072 409 1136 454 oon

214 493 259 542 est
283 475 405 547 reflexu:
428 475 564 561 alioquin
578 497 672 544 outae
695 476 866 560 intelligere
881 476 1136 552 essert-ellurum,

214 567 285 650 quia
309 585 443 652 semper,
465 584 536 629 euro
561 580 630 631 actu
654 565 831 650 intelligitur
854 564 981 650 aliquid,
1005 568 1135 632 uerbum

213 653 374 718 formatur.
397 652 484 718 Unde
524 655 720 720 manifestum
755 666 803 720 est
839 653 924 740 quod
961 654 1135 720 intellectus

214 741 292 807 inire
316 744 452 830 seipsum
475 743 628 808 actionem
651 759 766 808 recturo
789 762 934 808 exercere
974 757 1083 829 potest,
1106 757 1136 808 et

214 833 291 896 liaeo
314 852 435 918 semper
458 845 504 895 est
527 834 605 897 actio
629 853 684 898 sua
708 835 843 919 proprie,
859 852 938 917 quae
955 834 1137 897 terminatur

214 921 253 985 ad
278 920 433 1008 objectum
458 919 570 996 lautum
595 923 625 986 in
648 941 682 988 se
698 935 728 985 et
750 942 767 986 e
789 941 833 986 se.
851 920 951 986 Unum
965 923 1047 984 euim
1061 941 1136 986 con·

214 1011 348 1074 stituitur
370 1030 407 1074 ex
431 1009 587 1074 intellectu
610 1022 641 1074 et
663 1011 766 1096 specie
788 1031 868 1096 quae
892 1022 937 1074 est
949 1011 1135 1095 principium
1228 1008 1229 1091 p

216 1098 345 1164 aetionis
368 1119 453 1172 suae,
475 1111 505 1162 et
529 1098 621 1184 hujus
643 1110 690 1164 e'st
711 1119 815 1184 agere
830 1098 1042 1184 undespecies
1058 1100 1135 1163 liaeo

213 1201 258 1254 eut
282 1190 380 1272 priora
404 1208 462 1273 qua
486 1189 596 1272 agitur,
620 1209 683 1253 non
716 1201 820 1253 autem
854 1186 892 1252 ad
931 1207 1037 1272 qtratn;
1070 1207 1134 1252 non
1228 1264 1229 1273 ἵ

186 1279 297 1360 Ιειιίιιι
321 1275 491 1342 intellectus
530 1291 642 1355 noster,
683 1276 847 1364 inspiciens
882 1277 961 1342 lrarrc
998 1277 1134 1362 speciem
1228 1296 1229 1329 t

213 1377 370 1451 tamquam
395 1364 553 1450 exemplar
574 1365 633 1431 sibi
671 1366 782 1440 simile,
805 1363 920 1450 aliquid
952 1362 1023 1428 iacit
1046 1365 1132 1450 quasi
1228 1380 1229 1403 ι

215 1455 343 1519 verbum
366 1453 443 1538 ejus.
466 1453 516 1520 Sic
531 1454 614 1520 enim
631 1476 694 1520 non
711 1455 797 1520 tieret
813 1475 909 1519 unum
925 1475 962 1518 ex
977 1453 1133 1519 intellectu

213 1561 243 1608 et
265 1545 378 1630 specie,
402 1564 473 1608 curn
498 1543 668 1610 intellectus
691 1565 753 1609 non
777 1542 925 1627 intelligat
948 1543 1006 1608 nisi
1037 1543 1139 1608 luctus

214 1653 310 1698 unum
335 1633 447 1718 aliquid
472 1651 543 1696 curn
567 1632 757 1718 specie„sed
779 1633 844 1718 ipsa
867 1633 969 1718 specie
984 1631 1131 1697 informa·

213 1735 262 1786 tus
286 1723 346 1805 ugit
370 1733 526 1805 tamquam
551 1720 654 1806 aliquo
675 1724 733 1798 sui,
757 1722 854 1808 ipsam
877 1736 979 1785 tamen
1001 1741 1065 1784 non
1081 1740 1132 1786 et·

213 1811 336 1875 cedens.
360 1811 483 1896 Species
506 1825 609 1875 autem
632 1813 675 1876 sic
698 1825 820 1897 accepta
843 1830 968 1896 semper
995 1812 1079 1874 (lucit
1101 1812 1131 1874 in

214 1899 368 1984 objectum
393 1899 537 1984 primunu
561 1899 643 1963 unde
666 1899 862 1964 manifestum
875 1899 1013 1984 estquod
1030 1899 1132 1984 ipsura

213 1990 342 2053 verbum
367 1988 536 2053 intellectus
575 1986 731 2074 perficitur
769 2009 824 2075 per
861 2001 963 2053 actura
1002 2002 1131 2066 rectunu

212 2093 327 2155 tamen,
351 2078 422 2162 quia
446 2097 508 2141 non
525 2076 615 2142 mittit
630 2078 670 2141 ad
686 2078 800 2165 aliquid
814 2077 899 2141 aliud
915 2078 1131 2164 conceptiones
1228 2077 1229 2110 r

212 2188 294 2245 suas,
317 2166 393 2231 sieut
417 2166 487 2230 lacit
508 2186 629 2243 seusus,
651 2167 723 2231 ltine
745 2166 897 2253 estquod
920 2180 1020 2252 potest
1041 2186 1133 2253 supet·

212 2270 297 2320 aetus
320 2276 391 2321 suos
414 2255 529 2319 reflecti
553 2276 624 2319 curu
648 2255 722 2328 vult.
745 2259 828 2341 quoti
851 2276 916 2321 oon
940 2270 1038 2339 potest
1060 2276 1132 2321 sen·

213 2366 275 2420 rus;
299 2365 360 2409 nou
384 2348 466 2409 onitu
493 2343 586 2409 utitur
611 2345 714 2409 medio
737 2365 877 2430 corpore,
900 2345 988 2429 eujus
1004 2365 1065 2408 oon
1087 2359 1133 2407 est

212 2434 370 2519 percipere
393 2434 476 2519 quod
499 2434 530 2498 iu
556 2454 593 2499 eo
617 2435 660 2512 lit,
682 2433 748 2512 sed,
770 2454 842 2497 eum
865 2434 904 2498 sit
927 2452 1024 2497 unum
1040 2454 1134 2516 ageos

212 2543 284 2587 cuna
308 2544 369 2607 quo
392 2537 422 2587 et
445 2524 561 2609 speeies
585 2524 651 2609 ipro
673 2520 803 2587 efficitur
826 2541 922 2588 unum
938 2521 1134 2606 spiritualiter

123 2622 125 2631 '
212 2612 242 2675 in
267 2611 477 2697 participando
502 2613 593 2675 uitam
626 2610 702 2696 ej'us,
740 2610 870 2697 percipit
907 2624 1010 2676 actutu
1042 2632 1134 2675 suurn

212 2720 283 2765 uum
308 2700 372 2765 vult
395 2699 559 2789 complete)
581 2700 665 2785 quod
689 2720 752 2765 non
786 2712 885 2785 potest
917 2719 1037 2776 sensus3
1071 2720 1133 2764 noo

212 2792 295 2853 enirn
319 2789 571 2873 indigeamus,
597 2788 636 2853 ad
659 2788 718 2853 hoc
741 2787 826 2875 quod
850 2808 867 2853 e
890 2795 923 2851 s'e
947 2786 1134 2873 intelligatur

213 2878 315 2962 specie
338 2878 400 2952 illa,
424 2878 477 2941 sed
501 2878 540 2941 ad
565 2878 625 2941 lroe
648 2890 681 2943 ut
703 2877 862 2961 intelliges
885 2876 924 2941 de
945 2895 979 2940 se
1000 2896 1134 2962 namque

213 2966 307 3031 lrabet
330 2982 361 3030 nt
385 2966 583 3050 intelligatur,
600 2966 655 3029 sed
679 2986 741 3031 nou
764 2964 1019 3052 quodintelligat.
1044 2964 1134 3029 lntel-

212 3055 279 3139 ligit
302 3056 384 3120 enirn
409 3076 441 3120 se
476 3058 554 3121 sieut
588 3054 659 3129 alia,
692 3055 864 3121 secundum
899 3052 1134 3140 Philosophum

213 3145 272 3209 lton
296 3160 398 3209 autem
423 3156 469 3207 est
491 3163 546 3230 per
570 3146 717 3229 speciem,
741 3143 812 3230 quia
850 3142 909 3207 elia
944 3142 987 3208 sio
1024 3142 1134 3207 intelli·

213 3248 338 3317 guntur.
361 3234 476 3297 Sensus
499 3246 602 3297 autern
626 3232 743 3317 indiget
774 3252 892 3317 organo
929 3230 969 3297 ad
1006 3232 1067 3297 hoe
1103 3245 1135 3296 ut

215 3337 295 3405 agan
320 3342 470 3408 organum
494 3336 598 3386 autern
622 3342 684 3387 noo
708 3320 786 3387 redit
809 3341 957 3408 supruse3
973 3320 1058 3386 unde
1072 3340 1134 3388 non

212 3425 258 3473 est
283 3410 407 3475 reflexio
431 3414 463 3475 in
485 3429 588 3474 sensu.
929 3468 933 3471 .

261 3498 545 3563 ,Considerandum
570 3512 674 3567 uruca
695 3512 741 3566 est
764 3498 849 3591 quod
875 3499 1036 3591 generatio
1052 3498 1135 3566 rcrbi
