2484 3975
402 216 592 261 orssrartrto
893 194 957 259 569

100 306 131 352 sc
152 284 267 351 diuinae
290 284 466 351 imitationis
489 287 623 350 retinent
661 282 836 370 (uidelicet
873 286 957 369 quod

85 390 116 440 nt
136 389 164 438 et
185 376 282 441 honae
305 388 377 439 sunt
393 377 416 457 ),
440 376 480 438 ita
505 389 608 439 tamen
633 373 846 459 imperfectum
870 370 958 457 quod

106 462 314 528 declarandam
338 463 433 549 ipsius
456 463 512 528 Dei
535 463 737 540 substantiam
761 460 889 525 omnino
913 460 959 524 in·

85 551 189 617 [ficiens
211 552 373 617 invenitur.
399 551 518 615 Habent
552 551 637 615 enim
671 551 797 617 effectus
830 568 957 613 suarum

84 662 208 716 asarum,
231 660 288 705 suo
323 640 429 718 modo,
466 639 713 719 similitudinem,
751 656 822 703 cum
861 658 957 721 agens

84 745 109 793 at
130 730 185 794 sihi
207 728 325 805 simiie;
346 750 407 793 nou
431 743 533 793 tamen
558 728 684 793 effectus
707 727 747 791 ad
786 724 954 813 perfectam

84 820 154 882 entis
190 818 419 883 similitudinem
458 836 583 903 semper
621 816 775 903 pertingit.
814 814 957 879 flumana

85 920 131 971 tur
151 907 210 992 (et
232 915 359 987 creata)
382 908 472 983 ratio,
511 906 550 970 ad
589 904 841 990 cognoscendum
881 903 955 969 fidei
1054 988 1063 1006 ·

85 998 203 1071 itatem,
224 1015 305 1081 quae
328 995 429 1060 solum
454 992 628 1059 uidentibus
652 994 787 1059 divinam
812 992 954 1057 substan·

83 1098 226 1169 mpotest
248 1105 316 1149 esse
338 1084 506 1160 notissima,
529 1083 569 1147 ita
599 1103 633 1147 se
672 1084 765 1149 hahet
798 1080 882 1167 quod
917 1081 955 1145 ad

84 1194 103 1235 u
127 1186 225 1258 potest
263 1173 384 1257 aliquas
418 1193 506 1237 teras
543 1172 760 1237 similitudines
798 1170 954 1254 colligere;

83 1282 113 1324 re
136 1275 236 1325 tamen
261 1282 322 1325 uon
347 1258 502 1325 sufficiunt
522 1260 562 1325 ad
587 1260 678 1326 hoc...
709 1259 791 1347 quod
832 1279 887 1344 per
920 1279 955 1325 se

83 1350 184 1415 eilecta
206 1349 500 1436 comprehendatur,
523 1362 575 1415 aut
597 1350 787 1438 percipiatur
799 1348 955 1433 cujusmo-

87 1452 131 1503 est
154 1459 185 1503 ttt
208 1459 241 1505 se
263 1466 295 1503 ι.

99 1527 184 1591 tdeas
207 1529 325 1593 innatas
349 1526 462 1591 inuexit
477 1527 553 1591 olim
570 1525 764 1611 philosophia
787 1524 953 1611 platonice,

82 1637 122 1679 tm
147 1615 299 1681 Cartesius
323 1616 450 1680 demum
474 1616 660 1681 instauravit.
683 1614 748 1679 imo
783 1614 952 1679 Essentiam

83 1705 165 1769 inam
189 1705 331 1771 Nicotaus
353 1703 602 1769 Meiehranchius
624 1705 738 1780 statuit,
754 1723 833 1789 quae
857 1704 954 1767 menti

83 1808 150 1858 atae
174 1795 257 1859 uuita
281 1795 414 1881 seipsam
431 1807 599 1893 utcumque
616 1792 797 1857 intuendam
809 1791 953 1860 exhiheat

88 1904 191 1948 rerum
215 1898 390 1947 creatarum
408 1882 451 1945 sit
473 1883 638 1968 archetypa
655 1881 737 1945 idea.
754 1879 951 1945 Hinclumen

81 1986 187 2059 ponat
208 1971 407 2074 quispiam),
429 1991 492 2057 quo
529 1991 618 2037 mens
658 1984 759 2036 creata
783 1972 955 2053 cognoscit,

100 2061 285 2144 cognitionis
308 2062 492 2147 principium
517 2061 557 2126 ah
574 2060 683 2126 hisce
676 2059 788 2125 innatis
811 2060 886 2123 ideis
905 2059 952 2124 rei

86 2170 117 2214 m
142 2149 180 2214 ah
205 2149 340 2216 Esscutra
364 2149 466 2214 diviua
490 2148 673 2216 desumitur
698 2147 811 2230 Quidni
826 2147 951 2212 uhrah

81 2258 112 2302 cs
115 2259 215 2328 quos
224 2252 452 2315 constituimus,
464 2257 532 2302 sese
545 2259 580 2323 pr
583 2237 817 2302 otenderevtres
830 2249 952 2300 creatae

81 2329 137 2392 ntis
166 2321 305 2392 ualeant?
329 2327 361 2392 id
385 2348 460 2392 sane
482 2329 675 2412 reposuerim
701 2347 767 2425 ego
784 2345 845 2388 uon
885 2344 953 2390 esse
990 2383 994 2388 .

81 2437 131 2479 um
157 2415 322 2480 consilium
363 2417 415 2501 qui
439 2414 619 2518 hujusmodi
646 2415 730 2479 ideas
760 2413 952 2478 intererunt.

81 2517 165 2568 atam
190 2518 328 2568 mentem
351 2505 458 2568 intima
482 2503 668 2568 conscientia
692 2503 825 2604 seipsam
860 2522 952 2568 nosse

83 2605 157 2656 ntur
181 2592 236 2669 itta
258 2606 287 2657 ct
311 2593 385 2656 hinc
416 2594 483 2657 sine
516 2592 611 2657 duhio
649 2590 832 2676 cognitionis
869 2589 951 2654 itlius

81 2681 211 2766 rcipium
236 2681 378 2755 sumitur,
402 2701 482 2767 quae
505 2680 653 2745 naturalis
676 2696 722 2746 est
745 2699 780 2744 ao
815 2678 950 2764 appella·

108 2770 219 2856 ltaque
242 2769 392 2856 quidquid
416 2770 504 2834 ideae
527 2770 653 2834 innatae
677 2784 729 2834 aut
747 2771 810 2854 ipsa
847 2768 950 2832 diuina

81 2863 160 2924 entia
186 2858 353 2924 exhibeant
375 2878 411 2923 ao
433 2872 675 2944 repraesentent,
699 2859 729 2923 id
753 2877 847 2921 omne
867 2856 951 2922 exiri·

81 2961 131 3011 tur
155 2958 281 3032 oportet
303 2967 340 3010 ac
361 2960 608 3033 repraesentetur
626 2947 663 3010 ad
680 2945 871 3014 efficiendam
897 2965 950 3009 na·

81 3036 154 3100 dem
180 3039 404 3119 coguitionem,
426 3056 498 3100 cum
522 3035 658 3120 quodam
693 3055 876 3100 conruteusu
910 3034 950 3100 ad

81 3145 164 3189 tram
190 3138 222 3188 et
246 3124 374 3188 utodum
397 3126 492 3226 ipsius
515 3139 637 3188 creatae
660 3124 783 3201 mentis,
816 3143 853 3188 ex
888 3141 948 3206 qua

81 3213 171 3279 rraiis
196 3211 337 3298 ejusdcm
362 3211 545 3312 cognitionis
568 3213 710 3277 hauritur
732 3212 837 3278 lumen
854 3212 949 3276 suani·

81 3323 131 3386 pue
156 3301 357 3390 principium.
382 3301 463 3382 Quid
486 3301 570 3364 enim
592 3313 691 3364 estu.
713 3320 743 3385 g.
767 3320 823 3365 ens
846 3299 947 3384 peris·

81 3391 194 3455 imum
220 3390 304 3478 quod
328 3396 423 3455 menti
447 3389 640 3468 obuersatur,
663 3388 946 3489 nisiresquaetlatu

81 3501 116 3585 pa
142 3480 396 3567 imperfectiones
420 3497 617 3546 removemus
639 3497 715 3567 quas
738 3481 892 3555 novimus,
916 3491 946 3545 ct

84 3617 92 3632 .
81 3569 193 3635 'Tu
222 3569 427 3634 Sauromaci
389 3567 470 3632 Pan.
497 3568 573 3633 t'.”
555 3585 585 3633 o.
856 3568 898 3632 tt
