2484 3975
424 248 480 294 llll.
511 248 549 293 tv.
574 248 637 293 ΟΜ).
662 249 702 293 vt.

431 403 605 497 aaran
641 404 691 472 u.

243 584 289 649 De
312 582 453 678 opinione
475 581 546 647 Arii
570 583 655 646 airaa
677 582 793 647 Filiam
814 582 882 652 Dei.

166 760 243 826 Cum
281 772 385 825 autem
425 758 582 824 doctrinae
621 778 727 824 saurae
765 780 828 824 non
867 773 1018 845 congruat

101 849 184 935 quod
208 848 302 913 Filius
324 848 383 912 Dei
406 868 422 913 a
445 848 538 912 Maria
563 847 685 912 initium
701 848 878 934 sumpserit,
890 862 924 914 ut
935 849 1016 914 rno-

101 938 182 1002 tinus
205 936 335 1012 dioebat,
358 957 458 1023 nequa
483 949 516 1001 ut
538 936 587 1020 (l)
614 936 639 1000 is
662 935 713 1021 qui
737 937 777 1001 ab
790 950 916 1002 aeterno
932 938 1017 1003 Deos

102 1024 169 1102 luit,
192 1039 221 1089 et
244 1024 334 1090 Pater
356 1039 411 1102 est,
435 1045 490 1112 per
512 1025 611 1090 narnis
635 1026 878 1110 assumptionem
908 1027 1021 1091 Filium

102 1133 169 1179 esse
192 1114 335 1200 caeperit,
359 1127 391 1179 ut
414 1112 565 1178 Sabellius
589 1111 718 1179 dixerat:
734 1113 857 1180 luerunt
874 1115 924 1179 alii
938 1117 1018 1179 hana

102 1202 142 1267 de
165 1202 265 1268 divina
290 1202 488 1301 generatione
512 1222 604 1287 quam
627 1202 786 1288 Scriptura
825 1203 926 1282 tradit,
947 1206 1015 1289 opi-

101 1291 224 1356 nionem
247 1306 414 1394 sumentes,
426 1284 520 1393 quod
545 1290 639 1355 Filius
662 1290 718 1354 Dei
742 1304 813 1356 ante
836 1292 1017 1357 incarnatio·

100 1380 148 1443 nis
171 1382 354 1465 mysterium
389 1380 523 1447 extiterit
546 1391 576 1443 et
600 1380 691 1443 etiarn
716 1392 787 1443 ante
811 1381 919 1445 mundi
942 1401 1017 1445 oon-

99 1466 257 1534 ditionem.
274 1468 319 1549 llt,
342 1469 412 1555 quia
434 1468 493 1553 ¹iste
510 1468 603 1533 Filius
626 1489 643 1532 a
667 1467 735 1532 Deo
759 1467 848 1533 Patre
862 1482 908 1533 est
927 1469 1016 1550 alius,

99 1558 337 1624 aestimaverunt
359 1577 431 1622 eum
454 1577 516 1621 non
539 1576 607 1620 esse
631 1555 770 1641 ejusdem
794 1571 921 1622 naturae
943 1578 1016 1623 oum

99 1644 167 1709 Deo
190 1646 290 1711 Patre:
304 1668 365 1712 non
390 1645 473 1710 enim
498 1645 667 1729 intelligere
691 1659 834 1730 poteraut
857 1667 914 1711 nea
949 1667 1016 1711 ore-

99 1734 173 1797 dere
195 1734 337 1800 volebant
359 1733 443 1821 quod
467 1734 560 1819 aliqui
584 1735 646 1797 duo
662 1734 833 1799 seeundum
848 1754 1016 1821 personam

99 1821 242 1899 distincti,
264 1823 398 1888 habeant
421 1844 514 1888 unam
538 1823 701 1887 essentiam
724 1834 755 1887 et
778 1836 931 1887 naturam.
970 1825 1016 1904 Et,

99 1910 171 1996 quia
188 1910 252 1998 sola
276 1925 383 1977 natura
408 1912 464 1976 Dei
488 1912 585 1977 Patris
610 1911 781 1976 secundum
807 1911 877 1977 fidei
902 1912 1016 1978 doetri-

99 2020 172 2063 nam
195 2015 319 2064 aeterna
358 2001 503 2078 ereditur,
537 2001 735 2066 erediderunt
771 2015 912 2066 naturam
949 2003 1017 2068 Filii

98 2108 162 2152 non
185 2088 224 2152 ab
249 2103 374 2154 aeterno
403 2085 556 2166 extitisse,
579 2090 650 2155 licet
688 2089 779 2154 luerit
816 2090 911 2155 Filius
945 2108 1018 2157 ante

99 2176 173 2241 alias
196 2191 360 2243 creaturas.
385 2177 429 2256 Et,
453 2179 525 2264 quia
549 2199 642 2243 omne
665 2178 750 2262 quod
773 2199 836 2243 non
860 2193 1018 2245 estaeter-

98 2285 174 2329 num
198 2285 235 2330 ex
258 2267 354 2332 nihilo
377 2265 491 2332 laiaturn
515 2280 560 2331 est
576 2280 606 2331 et
622 2289 640 2332 a
655 2267 723 2332 Deo
738 2280 888 2345 creatum,
905 2268 1016 2335 Filium

99 2352 157 2415 Dei
180 2372 218 2419 ex
240 2355 336 2420 nihilo
358 2353 473 2419 lantum
496 2375 563 2420 esse
585 2369 616 2419 et
641 2370 818 2420 creaturam
855 2357 1017 2441 praedica·

100 2441 184 2505 baut.

165 2528 225 2596 Sed
250 2529 320 2615 quia
344 2531 522 2596 auctoritate
546 2529 722 2616 scripturae
756 2531 947 2615 cogebantur
985 2546 1019 2598 ut

99 2617 191 2683 etiam
215 2618 326 2684 Filium
351 2619 452 2684 Deum
477 2620 683 2696 nominarent,
706 2619 786 2683 siout
808 2619 1020 2706 insuperiori·

99 2705 157 2771 bus
179 2721 225 2772 est
248 2727 439 2792 expressum,
462 2707 603 2772 dicebant
627 2726 700 2770 eum
723 2727 821 2772 unum
845 2729 917 2774 eum
950 2709 1018 2775 Dea

97 2793 198 2872 Patre,
223 2816 283 2860 non
307 2795 432 2897 quidem
457 2815 512 2883 per
534 2809 689 2873 naturam,
711 2793 767 2860 sed
781 2816 835 2882 per
850 2799 1018 2881 quamdam

97 2903 265 2951 consensus
290 2885 436 2950 unionem
461 2899 491 2949 et
515 2904 571 2970 per
586 2884 709 2949 divinae
724 2884 933 2952 similitudinis
948 2908 1018 2972 par-

98 2972 307 3059 ticipationem
330 2994 423 3059 super
445 2987 581 3038 caeteras
615 2985 783 3038 creaturas:
819 2975 914 3076 unde,
947 2996 1019 3041 aum

96 3081 259 3146 supremae
283 3076 452 3134 creaturae,
470 3083 545 3148 quas
569 3061 701 3144 Angelos
723 3060 901 3140 dicimus,
893 3084 925 3127 ιιι
939 3063 1019 3129 Sori-

97 3150 195 3232 pturis
219 3163 249 3214 et
271 3149 312 3214 dii
337 3164 367 3214 et
390 3150 445 3215 filii
469 3150 525 3214 Dei
550 3151 761 3228 nominentur,
784 3156 958 3216 seeundum
983 3153 1019 3218 il-

97 3235 160 3301 lud:
191 3237 249 3302 Ubi
274 3257 386 3315 aaa,
409 3258 478 3303 ram
514 3258 563 3302 me
599 3239 766 3303 laudarent
803 3240 897 3304 simul
929 3251 1019 3307 astra
1094 3303 1097 3306 a
1165 3283 1174 3299 .

95 3327 260 3404 matutina,
283 3339 313 3390 et
326 3326 501 3410 jubilarent
523 3347 630 3391 omnes
651 3328 710 3412 lilii
733 3326 807 3391 Dei?
828 3327 898 3406 tob,
920 3329 975 3406 28,
998 3333 1019 3395 l

97 3427 127 3478 ot
150 3414 182 3491 7;
207 3426 246 3478 et:
269 3415 354 3480 Deae
375 3416 459 3482 stetit
480 3417 513 3479 ιἰι.
529 3435 687 3501 ryaayoya
721 3415 860 3495 dearum,
894 3416 1018 3498 Psalm,
1071 3458 1076 3468 ·

112 3557 115 3562 -
154 3515 195 3590 (l)
212 3516 300 3590 Neque
318 3527 386 3576 ut...
406 3521 423 3574 i.
442 3535 465 3574 e.
485 3536 569 3592 neque
587 3521 668 3592 quod.
