2484 3975
401 247 438 299 ns
463 255 584 301 uurrtre
599 251 790 301 rurrttrcrus
991 237 1055 303 573

128 320 238 409 lapidis
260 341 340 412 quae
362 339 408 389 est
430 329 460 389 in
485 326 591 403 rebus,
612 323 668 390 sed
689 325 808 409 speeies
830 342 911 411 quae
946 340 993 390 est
1020 331 1052 392 in

126 411 294 493 intellectu,
309 426 489 499 sequeretur
510 413 594 500 quod
618 433 677 498 ego
690 431 752 475 non
765 411 968 496 intelligerem
983 435 1051 479 rem

127 519 208 585 quae
230 513 276 566 est
298 501 385 589 lapis,
406 502 462 567 sed
485 504 585 568 solum
601 500 803 567 intentionem
826 515 974 586 quaeest
997 503 1052 568 ab·

125 602 236 655 straete
249 611 266 654 a
279 589 389 679 lepide.
413 590 475 656 Sed
498 610 605 656 terum
627 605 674 656 est
696 587 780 675 quod
803 588 914 676 lapidis
930 604 1054 669 natura,

127 692 218 763 prout
241 681 340 746 estin
363 678 581 764 singularibus,
603 693 649 745 est
672 675 826 744 intellecta
849 679 880 743 in
904 681 1053 766 potentis,

126 765 181 830 sed
204 766 238 832 lit
260 768 412 834 intellecta
436 768 467 833 in
490 783 558 835 astu
582 787 639 856 per
660 767 721 832 boo
757 765 841 852 quod
880 770 998 854 speeies
1033 793 1050 835 a

127 853 221 938 rebus
244 857 450 937 sensibilibus,
472 857 680 924 mediantibus
712 855 865 935 sensibus,
889 877 987 943 usque
1010 862 1049 923 atl

126 943 318 1030 phantasiam
341 947 535 1033 perveniunt,
557 960 597 1022 et,
618 965 677 1032 per
698 944 841 1009 virtutem
876 946 1049 1012 intellectus

126 1034 254 1116 agentis,
275 1037 393 1121 speeies
416 1033 621 1120 intelligibiles
645 1033 866 1099 abstrabuntur
880 1053 960 1120 quae
977 1050 1050 1101 sunt

124 1121 336 1189 inintellecta
369 1123 515 1210 possibili.
536 1123 604 1189 -llae
627 1136 730 1187 autem
763 1122 883 1206 speeies
917 1141 980 1188 nott
1014 1145 1049 1190 se
1082 1175 1085 1181 ,

127 1209 242 1276 babent
263 1211 302 1276 ad
326 1212 512 1279 intellectum
548 1212 728 1299 possibilem
752 1226 785 1275 ut
806 1211 971 1290 intellecta,
991 1214 1048 1276 soll

125 1299 202 1364 siout
225 1302 342 1387 species
365 1305 477 1388 quibus
500 1301 674 1368 intellectus
695 1298 847 1383 intelligis
861 1302 938 1365 siout
953 1304 1048 1366 etiam

123 1388 242 1472 speeies
264 1409 343 1474 quse
363 1404 436 1455 sunt
459 1391 489 1456 in
513 1391 578 1456 risu
602 1409 665 1455 non
688 1402 759 1453 runt
782 1389 847 1473 ipsa
881 1395 955 1467 risa,
989 1397 1046 1455 sed

125 1497 162 1542 ea
186 1478 297 1563 quibus
320 1482 403 1546 visus
426 1479 518 1558 ridet3
552 1480 610 1545 nisi
634 1480 838 1564 inquantum
876 1479 1048 1545 intellectus

124 1565 291 1632 reflectitur
312 1587 404 1654 supra
426 1569 575 1657 seipsum3
608 1565 691 1654 quod
726 1567 757 1630 in
790 1586 884 1631 sensu
907 1568 1047 1634 recidere

124 1674 188 1721 non
211 1667 320 1743 potest.
344 1659 375 1722 Si
398 1671 501 1723 autern
518 1656 689 1741 intelligere
712 1669 792 1719 esset
803 1656 882 1720 sotio
895 1659 1046 1722 transiens

124 1747 155 1808 ln
178 1745 361 1810 exteriorem
383 1748 554 1826 materiam,
577 1745 655 1811 siout
678 1743 864 1808 comburere
887 1757 917 1809 et
940 1764 1045 1811 more·

125 1852 169 1910 re,
192 1846 373 1918 sequeretur
395 1839 478 1921 quod
501 1833 670 1919 intelligere
692 1845 774 1898 esset
794 1833 965 1898 secundum
978 1855 1045 1899 ruo

125 1921 199 1986 dum
223 1942 286 2009 quo
308 1936 416 1989 natura
433 1923 555 1991 realiter
565 1924 661 1990 babet
682 1941 751 1988 esse
771 1921 804 1986 in
826 1921 1044 2007 singularibus,

123 2011 201 2076 sieut
223 2012 396 2078 combustio
418 2015 497 2099 ignis
512 2011 743 2079 estseeundum
764 2010 894 2076 modum
916 2014 1045 2079 eombu·

123 2100 240 2166 stibilis.
264 2100 336 2181 Sed,
360 2104 431 2189 quia
455 2102 626 2189 intelligere
648 2115 695 2165 est
716 2100 795 2165 actio
818 2104 848 2163 in
872 2102 938 2186 ipso
955 2103 1045 2168 intel·

123 2188 235 2274 ligente
258 2210 398 2269 manens,
422 2204 456 2257 ut
477 2192 653 2257 Aristoteles
675 2189 746 2253 dicit
769 2188 1047 2278 (bletsplrys‚9'),

122 2280 262 2363 sequitur
285 2280 367 2365 quod
392 2280 561 2366 intelligere
584 2282 625 2345 sit
645 2280 818 2345 seeundum
845 2285 974 2343 monum
999 2281 1045 2345 in·

123 2367 296 2451 telllgentis,
322 2371 352 2432 to
375 2383 422 2434 est
443 2370 614 2435 seeundum
639 2369 823 2453 exigentiam
845 2368 958 2453 speciei
982 2389 1044 2455 qua

121 2456 290 2521 intellectus
314 2458 463 2543 intelligit.
487 2458 569 2524 liaeo
592 2472 707 2535 autem,
736 2474 809 2521 oum
831 2457 870 2533 sit
891 2458 1042 2524 abstracta

121 2564 137 2607 a
162 2546 317 2632 principiis
339 2546 611 2627 individuantibus,
646 2565 710 2610 non
745 2559 953 2631 repraesentat
975 2566 1042 2612 reru

121 2634 290 2698 secundum
314 2636 506 2702 conditiones
529 2632 745 2706 individuales,
780 2631 838 2698 sed
869 2634 1040 2701 seeundum

120 2736 262 2787 nsturom
286 2724 489 2794 universalem
514 2738 645 2803 tantum;
682 2721 759 2787 nihil
781 2721 865 2787 enim
887 2723 1041 2807 probibet,

120 2814 144 2876 si
168 2810 269 2897 aliqua
281 2812 344 2877 duo
357 2814 586 2899 conjunguntur
608 2815 640 2879 in
656 2832 703 2892 re,
717 2811 791 2898 quin
811 2830 907 2875 unum
932 2831 1040 2877 eorum

119 2902 344 2987 repraesentari
367 2908 462 2988 possit
486 2905 578 2969 etiam
595 2904 735 2969 insensu
748 2899 933 2978 siuealter03
958 2906 1041 2966 unde

119 2988 204 3055 oolor
225 2988 326 3055 mellis
350 2990 397 3056 vel
420 2993 504 3079 pomi
526 2991 648 3059 ridetur
669 3011 687 3055 a
710 2988 775 3055 sisu
807 2988 875 3053 sine
904 2990 971 3074 ejus
993 3011 1042 3055 sa·

118 3096 203 3164 pore.
217 3078 266 3143 Sio
289 3079 382 3165 igitur
405 3080 576 3147 intellectus
592 3077 736 3164 intelligit
745 3090 890 3142 naturam
914 3081 1037 3143 unirer·

117 3166 213 3231 salem
237 3186 292 3253 per
313 3169 551 3235 abstractionem
575 3171 615 3235 ab
638 3167 903 3233 individuautibus
925 3170 1039 3254 prinoi-

117 3256 184 3341 piis.
208 3255 258 3320 Est
280 3276 354 3343 ergo
379 3277 475 3323 unum
498 3256 582 3344 quod
606 3257 879 3340 intelligiturame
902 3271 934 3321 et
954 3277 973 3320 a
998 3271 1038 3335 te;

115 3344 171 3407 sed
194 3343 254 3409 alio
277 3344 455 3430 intelligitur
489 3367 506 3410 s
542 3367 592 3412 me
628 3360 660 3412 et
697 3346 758 3410 alio
793 3365 811 3410 a
846 3359 886 3423 te,
924 3346 956 3410 id
993 3365 1040 3412 est

115 3431 173 3497 alia
209 3434 311 3520 speeie
348 3433 542 3520 intelligibili3
581 3450 610 3501 et
648 3433 732 3500 aliud
778 3447 827 3499 est
864 3433 1038 3520 intelligere

113 3536 272 3589 meamet
295 3523 377 3591 aliud
400 3536 499 3605 tuum;
522 3540 552 3594 et
574 3526 651 3594 alius
673 3537 721 3592 est
743 3522 918 3591 intellectus
947 3545 1036 3591 meus
