2484 3975
304 222 361 267 ura.
385 222 424 267 ιν.
455 221 518 266 osu.
542 200 653 270 xxxvii.
677 220 712 264 nr
729 219 849 266 rrxvur.
986 201 1049 267 too

130 309 198 356 esse
222 289 364 357 indutum
388 304 488 372 potest
511 290 834 377 intelligipertaetum
853 307 1051 374 corporeum,

128 379 183 444 sed
206 379 305 445 solum
330 379 538 466 pergratiam
564 378 799 444 inhabitantem.
824 377 865 442 Ex
883 376 943 442 boo
958 379 1053 444 etiam

126 468 210 552 quod
233 467 308 534 dixit
330 467 549 533 accidentalem
573 468 722 532 unionem
745 465 836 533 Verbi
860 464 1050 532 adanimam

126 571 158 621 et
179 576 305 622 earnem
329 556 509 631 humanam,
532 557 671 642 sequitur
692 553 776 642 quod
800 553 948 632 tVerbum
984 569 1052 642 post

77 657 81 662 '
127 646 273 710 unionem
298 665 360 710 non
395 644 452 710 luit
490 644 660 710 subsistens
696 646 729 708 in
767 641 888 708 duabus
924 644 1052 721 naturis,

126 733 210 817 qrtod
233 733 385 818 Eutyches
421 732 511 810 dixit3
544 733 621 798 nihil
655 733 740 798 euim
777 731 913 799 subsistit
947 732 978 799 in
1012 753 1052 798 eo

125 822 209 906 quod
233 821 291 886 sibi
315 821 544 887 accidentaliter
569 823 683 888 unitur.
707 821 748 886 Er
784 840 823 886 eo
862 841 934 887 vero
967 822 1052 908 quod

125 907 200 976 dioit
223 912 358 976 animam
384 925 414 976 et
436 930 561 976 earnem
586 932 649 976 non
673 909 754 975 uniri
777 908 816 974 ad
840 909 955 996 aliquid
978 931 1052 976 eon·

124 997 328 1074 stituendum,
350 999 493 1065 convenit
516 999 628 1085 partim
651 999 778 1084 quidem
818 1018 890 1063 eum
925 999 997 1064 Ario
1019 1011 1052 1064 et

126 1087 308 1172 Apollinari,
330 1090 382 1174 qui
405 1103 573 1174 posuerunt
598 1107 713 1173 eorpus
736 1086 847 1154 Christi
886 1107 948 1152 non
986 1089 1051 1154 ani·

126 1189 246 1240 matum
270 1177 370 1241 anima
394 1177 546 1255 rationali,
570 1190 600 1242 et
624 1178 735 1263 partim
765 1195 838 1242 eum
871 1176 1051 1244 llaoiobaeo
1110 1187 1116 1194 ’

128 1264 182 1350 qui
219 1265 320 1350 posuit
357 1263 514 1331 Christum
553 1286 615 1330 non
653 1285 760 1331 verum
801 1265 958 1331 bominem
993 1266 1050 1331 sed

126 1353 353 1438 phantasticum
379 1353 481 1431 fuisso
504 1355 528 1418 si
557 1354 641 1419 enim
680 1355 784 1419 anima
809 1375 872 1418 non
896 1369 942 1420 est
965 1353 1050 1420 nnita

125 1441 211 1506 carui
234 1441 272 1506 ad
296 1442 428 1528 alicujus
451 1441 714 1521 constitutionem,
753 1443 979 1528 phantasticum
991 1444 1052 1508 erit

124 1529 208 1614 quod
232 1529 394 1596 videbatur
417 1534 447 1596 io
472 1531 593 1598 Christo
615 1531 757 1597 similiter
783 1533 836 1616 (l)
859 1532 926 1597 aliis
950 1532 1051 1598 homi·

124 1618 217 1683 nibus
240 1639 277 1683 ex
302 1620 415 1684 unione
437 1621 559 1685 animae
583 1633 614 1686 et
644 1622 781 1708 eorporis
803 1621 984 1687 constitutis.

194 1706 331 1794 Sumpsit
353 1722 456 1774 autem
470 1708 546 1774 haee
562 1709 672 1796 positio
695 1710 889 1776 occasionem
900 1731 937 1775 er
955 1709 1049 1776 verbo

126 1795 262 1882 hpostoli
283 1795 421 1862 die-entis:
445 1795 562 1862 Habitu
594 1799 736 1864 iuventus
758 1798 915 1877 isthemo,
938 1798 1049 1885 Philip.

125 1885 160 1961 2,
183 1886 214 1960 7;
237 1901 299 1950 non
323 1885 406 1950 enim
429 1886 645 1952 intellexerunt
669 1889 728 1952 hoo
749 1888 920 1953 seeundum
940 1890 1049 1953 ‘uretu-

126 1974 258 2061 phoram
293 1972 378 2039 otei..
399 1974 487 2057 Quae
520 1990 624 2041 sutem
661 1976 871 2065 metaphorice
908 1977 1051 2043 diouutor

125 2083 192 2127 non
215 2074 336 2147 oportet
359 2062 531 2130 seeundum
556 2065 660 2129 omnia
691 2066 802 2131 similia
840 2087 917 2133 esse.
952 2065 1052 2134 llabet

125 2152 220 2239 igitur
242 2152 350 2216 n'atura
374 2152 508 2218 bumana
533 2169 722 2239 assumptam
753 2156 923 2240 quamdam
960 2154 1051 2221 iudo-

126 2241 223 2307 menti
246 2240 488 2318 similitudinem,
511 2242 695 2328 inquantum
719 2243 855 2310 Verbum
895 2266 950 2330 per
984 2265 1050 2310 ear-

127 2348 201 2395 nem
225 2327 378 2395 risibilem
402 2330 574 2406 videbatur,
597 2334 676 2397 siout
711 2334 807 2398 homo
844 2334 964 2400 uidetur
999 2353 1055 2420 per

124 2418 355 2496 indumentum3
380 2438 443 2483 non
467 2433 571 2485 autem
607 2435 757 2507 quantum
797 2422 836 2487 ad
871 2424 932 2489 boo
970 2421 1054 2507 quod

124 2508 202 2572 unio
225 2504 315 2571 Verbi
339 2506 378 2571 ad
404 2509 574 2574 humanam
600 2523 746 2577 naturam
768 2511 800 2576 in
817 2511 938 2577 Christo
961 2509 1054 2577 luerit

124 2594 221 2662 modo
244 2594 434 2665 accidentali.

405 2773 581 2841 CAPUT
616 2773 780 2844 xxxvto.

152 2949 269 3015 Contra
291 2970 342 3035 eps
365 2951 417 3033 qui
437 2964 557 3035 ponuat
578 2952 660 3020 (luas
683 2954 866 3041 hypostases
887 2958 938 3021 vel
959 2957 1021 3021 duo

283 3040 445 3124 supposito
468 3044 500 3107 ia
523 3063 588 3108 toto
606 3064 743 3129 persono
767 3045 892 3111 Christi.

194 3214 279 3281 llano
303 3214 396 3299 igitur
432 3220 616 3303 positionem
656 3232 783 3308 propter
817 3220 977 3308 proedicto
1010 3221 1057 3286 in-

126 3303 342 3371 convenientia
358 3304 409 3370 alii
433 3309 560 3392 quidam
573 3309 702 3375 vitantes
718 3324 887 3396 posuerunt
898 3330 936 3374 er
951 3308 1055 3375 anima

126 3406 161 3459 et
183 3412 276 3459 earne
300 3392 331 3458 in
367 3393 509 3461 Domino
540 3396 614 3465 lesu
644 3397 766 3465 Christo
789 3420 882 3465 unam
913 3398 1055 3465 substan·

178 3492 218 3571 (l)
235 3496 376 3563 Similiter,
394 3499 412 3554 i.
429 3515 453 3555 e.
470 3502 566 3557 simile.
