<?xml version="1.0" encoding="UTF-8"?>
<!DOCTYPE html PUBLIC "-//W3C//DTD XHTML 1.0 Transitional//EN"
    "http://www.w3.org/TR/xhtml1/DTD/xhtml1-transitional.dtd">
<html xmlns="http://www.w3.org/1999/xhtml" xml:lang="en" lang="en">
 <head>
  <title>
</title>
<meta http-equiv="Content-Type" content="text/html;charset=utf-8" />
  <meta name='ocr-system' content='tesseract 3.04.00' />
  <meta name='ocr-capabilities' content='ocr_page ocr_carea ocr_par ocr_line ocrx_word'/>
</head>
<body>
  <div class='ocr_page' id='page_1' title='image "./sanctithomaeaqu01thomgoog_0065.png"; bbox 0 0 2484 3975; ppageno 0'>
   <div class='ocr_carea' id='block_1_1' title="bbox 95 238 1015 416">
    <p class='ocr_par' dir='ltr' id='par_1_1' title="bbox 95 238 1015 416">
     <span class='ocr_line' id='line_1_1' title="bbox 408 238 1006 303; baseline 0.005 -3"><span class='ocrx_word' id='word_1_1' title='bbox 408 256 463 300; x_wconf 82' lang='lat' dir='ltr'><strong>uun.</strong></span> <span class='ocrx_word' id='word_1_2' title='bbox 488 254 528 302; x_wconf 86' lang='grc' dir='ltr'><strong>ιι.</strong></span> <span class='ocrx_word' id='word_1_3' title='bbox 550 256 614 303; x_wconf 81' lang='lat' dir='ltr'><strong>cnr.</strong></span> <span class='ocrx_word' id='word_1_4' title='bbox 638 258 676 303; x_wconf 84' lang='lat' dir='ltr'><strong>rt.</strong></span> <span class='ocrx_word' id='word_1_5' title='bbox 967 238 1006 303; x_wconf 77' lang='lat' dir='ltr'><strong>bt</strong></span> 
     </span>
     <span class='ocr_line' id='line_1_2' title="bbox 95 323 1015 416; baseline 0.002 -25"><span class='ocrx_word' id='word_1_6' title='bbox 95 344 159 413; x_wconf 88' lang='lat' dir='ltr'><strong>qun</strong></span> <span class='ocrx_word' id='word_1_7' title='bbox 180 323 285 409; x_wconf 74' lang='lat' dir='ltr'><strong>image</strong></span> <span class='ocrx_word' id='word_1_8' title='bbox 306 324 399 411; x_wconf 80' lang='lat' dir='ltr'><strong>patria</strong></span> <span class='ocrx_word' id='word_1_9' title='bbox 429 339 555 410; x_wconf 83' lang='lat' dir='ltr'><strong>apparet</strong></span> <span class='ocrx_word' id='word_1_10' title='bbox 588 339 618 391; x_wconf 90' lang='lat' dir='ltr'><strong>et</strong></span> <span class='ocrx_word' id='word_1_11' title='bbox 642 326 754 416; x_wconf 82' lang='lat' dir='ltr'><strong>(qui)</strong></span> <span class='ocrx_word' id='word_1_12' title='bbox 791 338 838 391; x_wconf 81' lang='lat' dir='ltr'><strong>eet</strong></span> <span class='ocrx_word' id='word_1_13' title='bbox 873 323 1015 411; x_wconf 73' lang='lat' dir='ltr'><strong>ejusdem</strong></span> 
     </span>
    </p>
   </div>
   <div class='ocr_carea' id='block_1_2' title="bbox 94 410 1024 3610">
    <p class='ocr_par' dir='ltr' id='par_1_2' title="bbox 94 410 1019 1380">
     <span class='ocr_line' id='line_1_3' title="bbox 94 410 1015 501; baseline 0.001 -21"><span class='ocrx_word' id='word_1_14' title='bbox 94 428 223 480; x_wconf 83' lang='lat' dir='ltr'><strong>naturae</strong></span> <span class='ocrx_word' id='word_1_15' title='bbox 245 433 316 479; x_wconf 87' lang='lat' dir='ltr'><strong>eum</strong></span> <span class='ocrx_word' id='word_1_16' title='bbox 332 413 408 501; x_wconf 80' lang='lat' dir='ltr'><strong>ipso.</strong></span> <span class='ocrx_word' id='word_1_17' title='bbox 425 410 590 481; x_wconf 82' lang='lat' dir='ltr'><strong>Ostenanm</strong></span> <span class='ocrx_word' id='word_1_18' title='bbox 603 429 649 479; x_wconf 80' lang='lat' dir='ltr'><strong>est</strong></span> <span class='ocrx_word' id='word_1_19' title='bbox 661 429 764 480; x_wconf 86' lang='lat' dir='ltr'><strong>autem</strong></span> <span class='ocrx_word' id='word_1_20' title='bbox 779 413 862 500; x_wconf 89' lang='lat' dir='ltr'><strong>quod</strong></span> <span class='ocrx_word' id='word_1_21' title='bbox 878 415 1015 482; x_wconf 81' lang='lat' dir='ltr'>Verbum</span> 
     </span>
     <span class='ocr_line' id='line_1_4' title="bbox 94 501 1018 589; baseline 0.001 -21"><span class='ocrx_word' id='word_1_22' title='bbox 94 503 154 568; x_wconf 85' lang='lat' dir='ltr'><strong>Dei</strong></span> <span class='ocrx_word' id='word_1_23' title='bbox 179 515 226 567; x_wconf 85' lang='lat' dir='ltr'><strong>est</strong></span> <span class='ocrx_word' id='word_1_24' title='bbox 248 503 352 587; x_wconf 76' lang='lat' dir='ltr'><strong>imago</strong></span> <span class='ocrx_word' id='word_1_25' title='bbox 393 501 522 568; x_wconf 81' lang='lat' dir='ltr'><strong>dicentis</strong></span> <span class='ocrx_word' id='word_1_26' title='bbox 559 518 709 589; x_wconf 87' lang='lat' dir='ltr'><strong>quantum</strong></span> <span class='ocrx_word' id='word_1_27' title='bbox 746 503 785 569; x_wconf 85' lang='lat' dir='ltr'><strong>ad</strong></span> <span class='ocrx_word' id='word_1_28' title='bbox 820 504 917 589; x_wconf 85' lang='lat' dir='ltr'><strong>ipsam</strong></span> <span class='ocrx_word' id='word_1_29' title='bbox 951 504 1018 589; x_wconf 76' lang='lat' dir='ltr'><strong>ejus</strong></span> 
     </span>
     <span class='ocr_line' id='line_1_5' title="bbox 95 588 1018 675; baseline 0.001 -19"><span class='ocrx_word' id='word_1_30' title='bbox 95 591 273 669; x_wconf 78' lang='lat' dir='ltr'><strong>essentiam,</strong></span> <span class='ocrx_word' id='word_1_31' title='bbox 294 603 325 655; x_wconf 91' lang='lat' dir='ltr'><strong>et</strong></span> <span class='ocrx_word' id='word_1_32' title='bbox 357 588 441 675; x_wconf 75' lang='lat' dir='ltr'><strong>quud</strong></span> <span class='ocrx_word' id='word_1_33' title='bbox 465 590 496 654; x_wconf 87' lang='lat' dir='ltr'><strong>iu</strong></span> <span class='ocrx_word' id='word_1_34' title='bbox 520 592 630 672; x_wconf 85' lang='lat' dir='ltr'><strong>eadem</strong></span> <span class='ocrx_word' id='word_1_35' title='bbox 655 605 857 657; x_wconf 80' lang='lat' dir='ltr'><strong>naturarum</strong></span> <span class='ocrx_word' id='word_1_36' title='bbox 896 592 1018 657; x_wconf 82' lang='lat' dir='ltr'><strong>dicente</strong></span> 
     </span>
     <span class='ocr_line' id='line_1_6' title="bbox 96 678 1017 768; baseline -0.001 -22"><span class='ocrx_word' id='word_1_37' title='bbox 96 679 315 746; x_wconf 83' lang='lat' dir='ltr'><strong>communicat.</strong></span> <span class='ocrx_word' id='word_1_38' title='bbox 339 678 532 764; x_wconf 69' lang='lat' dir='ltr'>Relinquitur</span> <span class='ocrx_word' id='word_1_39' title='bbox 553 700 630 765; x_wconf 74' lang='lat' dir='ltr'><strong>erga</strong></span> <span class='ocrx_word' id='word_1_40' title='bbox 665 680 749 768; x_wconf 86' lang='lat' dir='ltr'><strong>quod</strong></span> <span class='ocrx_word' id='word_1_41' title='bbox 789 680 925 746; x_wconf 82' lang='lat' dir='ltr'><strong>Verbum</strong></span> <span class='ocrx_word' id='word_1_42' title='bbox 959 681 1017 747; x_wconf 87' lang='lat' dir='ltr'><strong>Dei</strong></span> 
     </span>
     <span class='ocr_line' id='line_1_7' title="bbox 94 767 1017 851; baseline 0 -16"><span class='ocrx_word' id='word_1_43' title='bbox 94 789 161 835; x_wconf 91' lang='lat' dir='ltr'><strong>nun</strong></span> <span class='ocrx_word' id='word_1_44' title='bbox 185 767 286 833; x_wconf 85' lang='lat' dir='ltr'><strong>solum</strong></span> <span class='ocrx_word' id='word_1_45' title='bbox 309 767 348 831; x_wconf 84' lang='lat' dir='ltr'><strong>ait</strong></span> <span class='ocrx_word' id='word_1_46' title='bbox 371 768 484 851; x_wconf 80' lang='lat' dir='ltr'>imago,</span> <span class='ocrx_word' id='word_1_47' title='bbox 506 770 561 833; x_wconf 84' lang='lat' dir='ltr'><strong>aed</strong></span> <span class='ocrx_word' id='word_1_48' title='bbox 585 772 679 835; x_wconf 86' lang='lat' dir='ltr'><strong>etiam</strong></span> <span class='ocrx_word' id='word_1_49' title='bbox 703 769 795 834; x_wconf 79' lang='lat' dir='ltr'><strong>lilius:</strong></span> <span class='ocrx_word' id='word_1_50' title='bbox 832 788 895 834; x_wconf 89' lang='lat' dir='ltr'><strong>nun</strong></span> <span class='ocrx_word' id='word_1_51' title='bbox 933 771 1017 835; x_wconf 88' lang='lat' dir='ltr'><strong>eninr</strong></span> 
     </span>
     <span class='ocr_line' id='line_1_8' title="bbox 96 856 1015 944; baseline 0.001 -22"><span class='ocrx_word' id='word_1_52' title='bbox 96 858 143 923; x_wconf 85' lang='lat' dir='ltr'><strong>aie</strong></span> <span class='ocrx_word' id='word_1_53' title='bbox 165 876 233 921; x_wconf 78' lang='lat' dir='ltr'><strong>esee</strong></span> <span class='ocrx_word' id='word_1_54' title='bbox 257 856 423 939; x_wconf 77' lang='lat' dir='ltr'><strong>imaginent</strong></span> <span class='ocrx_word' id='word_1_55' title='bbox 445 856 574 942; x_wconf 80' lang='lat' dir='ltr'><strong>alicujus</strong></span> <span class='ocrx_word' id='word_1_56' title='bbox 597 871 630 923; x_wconf 92' lang='lat' dir='ltr'><strong>ut</strong></span> <span class='ocrx_word' id='word_1_57' title='bbox 645 856 784 944; x_wconf 78' lang='lat' dir='ltr'><strong>ejusdem</strong></span> <span class='ocrx_word' id='word_1_58' title='bbox 802 873 930 923; x_wconf 88' lang='lat' dir='ltr'><strong>naturae</strong></span> <span class='ocrx_word' id='word_1_59' title='bbox 943 878 1015 923; x_wconf 90' lang='lat' dir='ltr'><strong>eum</strong></span> 
     </span>
     <span class='ocr_line' id='line_1_9' title="bbox 98 943 1017 1035; baseline 0.001 -24"><span class='ocrx_word' id='word_1_60' title='bbox 98 946 224 1022; x_wconf 82' lang='lat' dir='ltr'><strong>illusit,</strong></span> <span class='ocrx_word' id='word_1_61' title='bbox 246 943 406 1029; x_wconf 80' lang='lat' dir='ltr'><strong>inattqno</strong></span> <span class='ocrx_word' id='word_1_62' title='bbox 429 945 582 1011; x_wconf 84' lang='lat' dir='ltr'><strong>iuvenitur</strong></span> <span class='ocrx_word' id='word_1_63' title='bbox 603 950 655 1033; x_wconf 90' lang='lat' dir='ltr'><strong>qui</strong></span> <span class='ocrx_word' id='word_1_64' title='bbox 678 947 760 1012; x_wconf 82' lang='lat' dir='ltr'><strong>iilius</strong></span> <span class='ocrx_word' id='word_1_65' title='bbox 782 947 841 1011; x_wconf 87' lang='lat' dir='ltr'><strong>diei</strong></span> <span class='ocrx_word' id='word_1_66' title='bbox 865 966 927 1011; x_wconf 90' lang='lat' dir='ltr'><strong>nun</strong></span> <span class='ocrx_word' id='word_1_67' title='bbox 945 967 1017 1035; x_wconf 82' lang='lat' dir='ltr'><strong>pua·</strong></span> 
     </span>
     <span class='ocr_line' id='line_1_10' title="bbox 98 1026 1018 1122; baseline 0 -22"><span class='ocrx_word' id='word_1_68' title='bbox 98 1034 148 1113; x_wconf 86' lang='lat' dir='ltr'><strong>eit,</strong></span> <span class='ocrx_word' id='word_1_69' title='bbox 170 1032 341 1098; x_wconf 79' lang='lat' dir='ltr'><strong>dummodo</strong></span> <span class='ocrx_word' id='word_1_70' title='bbox 364 1033 423 1099; x_wconf 84' lang='lat' dir='ltr'><strong>buu</strong></span> <span class='ocrx_word' id='word_1_71' title='bbox 461 1035 494 1098; x_wconf 89' lang='lat' dir='ltr'><strong>in</strong></span> <span class='ocrx_word' id='word_1_72' title='bbox 527 1035 698 1101; x_wconf 78' lang='lat' dir='ltr'><strong>uiuentibus</strong></span> <span class='ocrx_word' id='word_1_73' title='bbox 735 1036 911 1122; x_wconf 80' lang='lat' dir='ltr'><strong>amipiatur3</strong></span> <span class='ocrx_word' id='word_1_74' title='bbox 945 1026 1018 1100; x_wconf 78' lang='lat' dir='ltr'><strong>nain</strong></span> 
     </span>
     <span class='ocr_line' id='line_1_11' title="bbox 98 1122 1017 1209; baseline 0.002 -22"><span class='ocrx_word' id='word_1_75' title='bbox 98 1123 184 1209; x_wconf 85' lang='lat' dir='ltr'><strong>quod</strong></span> <span class='ocrx_word' id='word_1_76' title='bbox 207 1122 344 1209; x_wconf 82' lang='lat' dir='ltr'><strong>prauedit</strong></span> <span class='ocrx_word' id='word_1_77' title='bbox 368 1140 404 1187; x_wconf 83' lang='lat' dir='ltr'><strong>ea</strong></span> <span class='ocrx_word' id='word_1_78' title='bbox 428 1122 531 1209; x_wconf 76' lang='lat' dir='ltr'><strong>aliquo</strong></span> <span class='ocrx_word' id='word_1_79' title='bbox 555 1126 674 1190; x_wconf 76' lang='lat' dir='ltr'><strong>vivente</strong></span> <span class='ocrx_word' id='word_1_80' title='bbox 715 1125 747 1189; x_wconf 92' lang='lat' dir='ltr'><strong>in</strong></span> <span class='ocrx_word' id='word_1_81' title='bbox 782 1124 1017 1189; x_wconf 80' lang='lat' dir='ltr'><strong>similitudinem</strong></span> 
     </span>
     <span class='ocr_line' id='line_1_12' title="bbox 98 1210 1018 1298; baseline 0 -19"><span class='ocrx_word' id='word_1_82' title='bbox 98 1212 213 1297; x_wconf 73' lang='lat' dir='ltr'><strong>speciei</strong></span> <span class='ocrx_word' id='word_1_83' title='bbox 237 1210 349 1279; x_wconf 87' lang='lat' dir='ltr'><strong>dieitur</strong></span> <span class='ocrx_word' id='word_1_84' title='bbox 370 1210 451 1276; x_wconf 69' lang='lat' dir='ltr'><strong>filius</strong></span> <span class='ocrx_word' id='word_1_85' title='bbox 475 1211 552 1297; x_wconf 74' lang='lat' dir='ltr'><strong>ajars.</strong></span> <span class='ocrx_word' id='word_1_86' title='bbox 585 1213 663 1278; x_wconf 86' lang='lat' dir='ltr'><strong>liine</strong></span> <span class='ocrx_word' id='word_1_87' title='bbox 700 1226 747 1277; x_wconf 85' lang='lat' dir='ltr'><strong>eat</strong></span> <span class='ocrx_word' id='word_1_88' title='bbox 780 1213 864 1298; x_wconf 83' lang='lat' dir='ltr'><strong>quod</strong></span> <span class='ocrx_word' id='word_1_89' title='bbox 897 1213 1018 1279; x_wconf 81' lang='lat' dir='ltr'><strong>dieitur:</strong></span> 
     </span>
     <span class='ocr_line' id='line_1_13' title="bbox 99 1299 1019 1380; baseline 0.001 -15"><span class='ocrx_word' id='word_1_90' title='bbox 99 1300 252 1365; x_wconf 76' lang='lat' dir='ltr'><strong><em>Dominus</em></strong></span> <span class='ocrx_word' id='word_1_91' title='bbox 273 1299 354 1367; x_wconf 76' lang='lat' dir='ltr'><strong>riiuil</strong></span> <span class='ocrx_word' id='word_1_92' title='bbox 369 1300 414 1365; x_wconf 79' lang='lat' dir='ltr'><strong>nd</strong></span> <span class='ocrx_word' id='word_1_93' title='bbox 434 1320 495 1365; x_wconf 79' lang='lat' dir='ltr'><strong>rae:</strong></span> <span class='ocrx_word' id='word_1_94' title='bbox 511 1302 611 1366; x_wconf 73' lang='lat' dir='ltr'><strong>illiue</strong></span> <span class='ocrx_word' id='word_1_95' title='bbox 627 1320 713 1366; x_wconf 80' lang='lat' dir='ltr'><strong>meru</strong></span> <span class='ocrx_word' id='word_1_96' title='bbox 728 1320 762 1365; x_wconf 80' lang='lat' dir='ltr'><strong>aa</strong></span> <span class='ocrx_word' id='word_1_97' title='bbox 778 1312 820 1380; x_wconf 87' lang='lat' dir='ltr'><strong>tu,</strong></span> <span class='ocrx_word' id='word_1_98' title='bbox 836 1301 927 1377; x_wconf 80' lang='lat' dir='ltr'><strong>Paul,</strong></span> <span class='ocrx_word' id='word_1_99' title='bbox 942 1302 974 1379; x_wconf 76' lang='lat'><strong>2,</strong></span> <span class='ocrx_word' id='word_1_100' title='bbox 986 1302 1019 1367; x_wconf 89' lang='grc'><strong>7.</strong></span> 
     </span>
    </p>

    <p class='ocr_par' dir='ltr' id='par_1_3' title="bbox 96 1388 1024 3610">
     <span class='ocr_line' id='line_1_14' title="bbox 166 1388 1019 1476; baseline 0.001 -23"><span class='ocrx_word' id='word_1_101' title='bbox 166 1388 283 1455; x_wconf 69' lang='lat' dir='ltr'><strong>Rursus</strong></span> <span class='ocrx_word' id='word_1_102' title='bbox 305 1389 564 1455; x_wconf 73' lang='lat' dir='ltr'><strong>considerantium</strong></span> <span class='ocrx_word' id='word_1_103' title='bbox 587 1404 633 1455; x_wconf 80' lang='lat' dir='ltr'><strong>est</strong></span> <span class='ocrx_word' id='word_1_104' title='bbox 656 1390 750 1476; x_wconf 86' lang='lat' dir='ltr'><strong>quud,</strong></span> <span class='ocrx_word' id='word_1_105' title='bbox 783 1410 855 1455; x_wconf 85' lang='lat' dir='ltr'><strong>eum</strong></span> <span class='ocrx_word' id='word_1_106' title='bbox 890 1392 921 1455; x_wconf 92' lang='lat' dir='ltr'><strong>in</strong></span> <span class='ocrx_word' id='word_1_107' title='bbox 944 1410 1019 1476; x_wconf 85' lang='lat' dir='ltr'><strong>qua-</strong></span> 
     </span>
     <span class='ocr_line' id='line_1_15' title="bbox 100 1477 1019 1566; baseline 0 -23"><span class='ocrx_word' id='word_1_108' title='bbox 100 1477 306 1544; x_wconf 74' lang='lat' dir='ltr'><strong>liberatura</strong></span> <span class='ocrx_word' id='word_1_109' title='bbox 330 1478 487 1564; x_wconf 79' lang='lat' dir='ltr'><strong>proeessia</strong></span> <span class='ocrx_word' id='word_1_110' title='bbox 509 1478 564 1544; x_wconf 84' lang='lat' dir='ltr'><strong>lilii</strong></span> <span class='ocrx_word' id='word_1_111' title='bbox 585 1500 603 1544; x_wconf 91' lang='lat' dir='ltr'><strong>a</strong></span> <span class='ocrx_word' id='word_1_112' title='bbox 627 1495 714 1566; x_wconf 75' lang='lat' dir='ltr'><strong>patre</strong></span> <span class='ocrx_word' id='word_1_113' title='bbox 735 1479 774 1544; x_wconf 83' lang='lat' dir='ltr'><strong>sit</strong></span> <span class='ocrx_word' id='word_1_114' title='bbox 800 1478 957 1553; x_wconf 65' lang='lat' dir='ltr'><strong>naturalis,</strong></span> <span class='ocrx_word' id='word_1_115' title='bbox 980 1496 1019 1543; x_wconf 83' lang='lat' dir='ltr'><strong>ex</strong></span> 
     </span>
     <span class='ocr_line' id='line_1_16' title="bbox 99 1564 1019 1654; baseline 0 -23"><span class='ocrx_word' id='word_1_116' title='bbox 99 1586 165 1652; x_wconf 89' lang='lat' dir='ltr'><strong>quo</strong></span> <span class='ocrx_word' id='word_1_117' title='bbox 188 1565 323 1633; x_wconf 78' lang='lat' dir='ltr'>Verbum</span> <span class='ocrx_word' id='word_1_118' title='bbox 350 1564 406 1631; x_wconf 81' lang='lat' dir='ltr'><strong>bei</strong></span> <span class='ocrx_word' id='word_1_119' title='bbox 430 1566 511 1633; x_wconf 75' lang='lat' dir='ltr'><strong>iilius</strong></span> <span class='ocrx_word' id='word_1_120' title='bbox 534 1568 591 1633; x_wconf 88' lang='lat' dir='ltr'><strong>Dei</strong></span> <span class='ocrx_word' id='word_1_121' title='bbox 617 1568 740 1646; x_wconf 78' lang='lat' dir='ltr'><strong>dieitur,</strong></span> <span class='ocrx_word' id='word_1_122' title='bbox 777 1580 899 1654; x_wconf 84' lang='lat' dir='ltr'><strong>oportet</strong></span> <span class='ocrx_word' id='word_1_123' title='bbox 933 1566 1019 1653; x_wconf 83' lang='lat' dir='ltr'><strong>quod</strong></span> 
     </span>
     <span class='ocr_line' id='line_1_17' title="bbox 98 1654 1020 1744; baseline -0.001 -24"><span class='ocrx_word' id='word_1_124' title='bbox 98 1654 281 1721; x_wconf 74' lang='lat' dir='ltr'><strong>naturaliter</strong></span> <span class='ocrx_word' id='word_1_125' title='bbox 303 1668 470 1738; x_wconf 70' lang='lat' dir='ltr'><strong>generetur</strong></span> <span class='ocrx_word' id='word_1_126' title='bbox 492 1669 523 1721; x_wconf 89' lang='lat' dir='ltr'><strong>et</strong></span> <span class='ocrx_word' id='word_1_127' title='bbox 545 1677 562 1721; x_wconf 90' lang='lat' dir='ltr'><strong>a</strong></span> <span class='ocrx_word' id='word_1_128' title='bbox 586 1656 679 1725; x_wconf 79' lang='lat' dir='ltr'><strong>Patre</strong></span> <span class='ocrx_word' id='word_1_129' title='bbox 714 1656 870 1744; x_wconf 76' lang='lat' dir='ltr'><strong>procedat:</strong></span> <span class='ocrx_word' id='word_1_130' title='bbox 906 1668 937 1719; x_wconf 92' lang='lat' dir='ltr'><strong>et</strong></span> <span class='ocrx_word' id='word_1_131' title='bbox 960 1656 1020 1720; x_wconf 86' lang='lat' dir='ltr'><strong>boe</strong></span> 
     </span>
     <span class='ocr_line' id='line_1_18' title="bbox 98 1742 1019 1830; baseline -0.001 -22"><span class='ocrx_word' id='word_1_132' title='bbox 98 1742 228 1829; x_wconf 84' lang='lat' dir='ltr'><strong>quidem</strong></span> <span class='ocrx_word' id='word_1_133' title='bbox 251 1742 433 1829; x_wconf 73' lang='lat' dir='ltr'><strong>supradicta</strong></span> <span class='ocrx_word' id='word_1_134' title='bbox 464 1746 617 1825; x_wconf 79' lang='lat' dir='ltr'><strong>eonvenit,</strong></span> <span class='ocrx_word' id='word_1_135' title='bbox 652 1758 686 1811; x_wconf 91' lang='lat' dir='ltr'><strong>ut</strong></span> <span class='ocrx_word' id='word_1_136' title='bbox 721 1763 760 1811; x_wconf 83' lang='lat' dir='ltr'><strong>er</strong></span> <span class='ocrx_word' id='word_1_137' title='bbox 793 1744 841 1810; x_wconf 82' lang='lat' dir='ltr'><strong>bia</strong></span> <span class='ocrx_word' id='word_1_138' title='bbox 874 1763 954 1830; x_wconf 87' lang='lat' dir='ltr'><strong>quae</strong></span> <span class='ocrx_word' id='word_1_139' title='bbox 987 1746 1019 1808; x_wconf 90' lang='lat' dir='ltr'><strong>in</strong></span> 
     </span>
     <span class='ocr_line' id='line_1_19' title="bbox 99 1832 1020 1921; baseline 0.002 -25"><span class='ocrx_word' id='word_1_140' title='bbox 99 1832 260 1897; x_wconf 75' lang='lat' dir='ltr'><strong>intellectu</strong></span> <span class='ocrx_word' id='word_1_141' title='bbox 284 1846 390 1897; x_wconf 86' lang='lat' dir='ltr'><strong>nostru</strong></span> <span class='ocrx_word' id='word_1_142' title='bbox 413 1834 556 1900; x_wconf 86' lang='lat' dir='ltr'><strong>aueidunt</strong></span> <span class='ocrx_word' id='word_1_143' title='bbox 572 1834 703 1921; x_wconf 78' lang='lat' dir='ltr'><strong>perspiri</strong></span> <span class='ocrx_word' id='word_1_144' title='bbox 720 1846 829 1921; x_wconf 82' lang='lat' dir='ltr'><strong>pateat.</strong></span> <span class='ocrx_word' id='word_1_145' title='bbox 847 1832 1020 1898; x_wconf 76' lang='lat' dir='ltr'><strong>intellectus</strong></span> 
     </span>
     <span class='ocr_line' id='line_1_20' title="bbox 101 1920 1020 2009; baseline 0 -24"><span class='ocrx_word' id='word_1_146' title='bbox 101 1922 188 1985; x_wconf 87' lang='lat' dir='ltr'><strong>enirn</strong></span> <span class='ocrx_word' id='word_1_147' title='bbox 208 1933 315 1985; x_wconf 85' lang='lat' dir='ltr'><strong>nuater</strong></span> <span class='ocrx_word' id='word_1_148' title='bbox 337 1920 437 2008; x_wconf 87' lang='lat' dir='ltr'><strong>aliqua</strong></span> <span class='ocrx_word' id='word_1_149' title='bbox 462 1924 642 1990; x_wconf 78' lang='lat' dir='ltr'><strong>naturaliter</strong></span> <span class='ocrx_word' id='word_1_150' title='bbox 663 1922 831 2008; x_wconf 54' lang='lat' dir='ltr'><strong>mgnaaeitg</strong></span> <span class='ocrx_word' id='word_1_151' title='bbox 856 1922 935 1990; x_wconf 83' lang='lat' dir='ltr'><strong>sieut</strong></span> <span class='ocrx_word' id='word_1_152' title='bbox 957 1922 1020 2009; x_wconf 84' lang='lat' dir='ltr'><strong>pri·</strong></span> 
     </span>
     <span class='ocr_line' id='line_1_21' title="bbox 100 2007 1020 2100; baseline 0.002 -26"><span class='ocrx_word' id='word_1_153' title='bbox 100 2029 155 2074; x_wconf 87' lang='lat' dir='ltr'><strong>ma</strong></span> <span class='ocrx_word' id='word_1_154' title='bbox 176 2007 416 2094; x_wconf 78' lang='lat' dir='ltr'><strong>intelligibilium</strong></span> <span class='ocrx_word' id='word_1_155' title='bbox 451 2014 609 2100; x_wconf 68' lang='lat' dir='ltr'><strong>minelum,</strong></span> <span class='ocrx_word' id='word_1_156' title='bbox 644 2032 776 2099; x_wconf 84' lang='lat' dir='ltr'><strong>querum</strong></span> <span class='ocrx_word' id='word_1_157' title='bbox 811 2011 1020 2096; x_wconf 69' lang='lat' dir='ltr'><strong>intelligibiles</strong></span> 
     </span>
     <span class='ocr_line' id='line_1_22' title="bbox 100 2099 1019 2186; baseline 0.002 -22"><span class='ocrx_word' id='word_1_158' title='bbox 100 2099 326 2184; x_wconf 76' lang='lat' dir='ltr'><strong>euneeptiunes,</strong></span> <span class='ocrx_word' id='word_1_159' title='bbox 351 2119 433 2186; x_wconf 80' lang='lat' dir='ltr'><strong>quae</strong></span> <span class='ocrx_word' id='word_1_160' title='bbox 454 2102 547 2166; x_wconf 78' lang='lat' dir='ltr'><strong>verbu</strong></span> <span class='ocrx_word' id='word_1_161' title='bbox 571 2103 719 2168; x_wconf 81' lang='lat' dir='ltr'><strong>interiora</strong></span> <span class='ocrx_word' id='word_1_162' title='bbox 752 2102 907 2178; x_wconf 74' lang='lat' dir='ltr'><strong>dicunntur,</strong></span> <span class='ocrx_word' id='word_1_163' title='bbox 929 2103 1019 2166; x_wconf 87' lang='lat' dir='ltr'><strong>natu·</strong></span> 
     </span>
     <span class='ocr_line' id='line_1_23' title="bbox 99 2185 1021 2278; baseline 0.001 -25"><span class='ocrx_word' id='word_1_164' title='bbox 99 2185 206 2253; x_wconf 83' lang='lat' dir='ltr'><strong>raliter</strong></span> <span class='ocrx_word' id='word_1_165' title='bbox 229 2187 260 2254; x_wconf 88' lang='lat' dir='ltr'><strong>iu</strong></span> <span class='ocrx_word' id='word_1_166' title='bbox 284 2189 350 2274; x_wconf 81' lang='lat' dir='ltr'><strong>ipsu</strong></span> <span class='ocrx_word' id='word_1_167' title='bbox 373 2191 505 2254; x_wconf 80' lang='lat' dir='ltr'><strong>existunt</strong></span> <span class='ocrx_word' id='word_1_168' title='bbox 528 2203 557 2254; x_wconf 83' lang='lat' dir='ltr'><strong>et</strong></span> <span class='ocrx_word' id='word_1_169' title='bbox 591 2210 629 2256; x_wconf 80' lang='lat' dir='ltr'><strong>er</strong></span> <span class='ocrx_word' id='word_1_170' title='bbox 662 2211 703 2255; x_wconf 86' lang='lat' dir='ltr'><strong>eo</strong></span> <span class='ocrx_word' id='word_1_171' title='bbox 734 2189 915 2278; x_wconf 78' lang='lat' dir='ltr'><strong>precedunt3</strong></span> <span class='ocrx_word' id='word_1_172' title='bbox 949 2201 1021 2254; x_wconf 82' lang='lat' dir='ltr'><strong>aunt</strong></span> 
     </span>
     <span class='ocr_line' id='line_1_24' title="bbox 99 2277 1022 2451; baseline 0 -21"><span class='ocrx_word' id='word_1_173' title='bbox 99 2277 599 2451; x_wconf 61' lang='lat' dir='ltr'><strong>tibullllzul&#39;ltlblll*</strong></span> <span class='ocrx_word' id='word_1_174' title='bbox 626 2277 1022 2450; x_wconf 48' lang='lat' dir='ltr'><strong>blnbfnlltllt</strong></span> 
     </span>
     <span class='ocr_line' id='line_1_25' title="bbox 103 2451 1021 2542; baseline 0 -25"><span class='ocrx_word' id='word_1_175' title='bbox 103 2451 222 2517; x_wconf 86' lang='lat' dir='ltr'><strong>tionem</strong></span> <span class='ocrx_word' id='word_1_176' title='bbox 244 2453 455 2518; x_wconf 84' lang='lat' dir='ltr'><strong>ratiocinando</strong></span> <span class='ocrx_word' id='word_1_177' title='bbox 479 2457 634 2542; x_wconf 72' lang='lat' dir='ltr'><strong>pertingit,</strong></span> <span class='ocrx_word' id='word_1_178' title='bbox 657 2469 688 2519; x_wconf 87' lang='lat' dir='ltr'><strong>et</strong></span> <span class='ocrx_word' id='word_1_179' title='bbox 711 2456 824 2520; x_wconf 80' lang='lat' dir='ltr'><strong>harum</strong></span> <span class='ocrx_word' id='word_1_180' title='bbox 845 2455 1021 2540; x_wconf 80' lang='lat' dir='ltr'><strong>correptio·</strong></span> 
     </span>
     <span class='ocr_line' id='line_1_26' title="bbox 103 2540 1021 2619; baseline 0 -13"><span class='ocrx_word' id='word_1_181' title='bbox 103 2560 160 2606; x_wconf 83' lang='lat' dir='ltr'><strong>nea</strong></span> <span class='ocrx_word' id='word_1_182' title='bbox 182 2543 214 2606; x_wconf 87' lang='lat' dir='ltr'><strong>in</strong></span> <span class='ocrx_word' id='word_1_183' title='bbox 238 2540 391 2607; x_wconf 77' lang='lat' dir='ltr'><strong>intellectu</strong></span> <span class='ocrx_word' id='word_1_184' title='bbox 403 2555 512 2607; x_wconf 84' lang='lat' dir='ltr'><strong>nostra</strong></span> <span class='ocrx_word' id='word_1_185' title='bbox 532 2544 712 2608; x_wconf 67' lang='lat' dir='ltr'><strong>annualiter</strong></span> <span class='ocrx_word' id='word_1_186' title='bbox 733 2542 1021 2619; x_wconf 71' lang='lat' dir='ltr'><strong>benemerentem</strong></span> 
     </span>
     <span class='ocr_line' id='line_1_27' title="bbox 100 2629 1020 2720; baseline -0.001 -24"><span class='ocrx_word' id='word_1_187' title='bbox 100 2649 175 2696; x_wconf 85' lang='lat' dir='ltr'><strong>eum</strong></span> <span class='ocrx_word' id='word_1_188' title='bbox 198 2629 300 2694; x_wconf 84' lang='lat' dir='ltr'><strong>studio</strong></span> <span class='ocrx_word' id='word_1_189' title='bbox 323 2645 522 2720; x_wconf 76' lang='lat' dir='ltr'><strong>quaeruntur.</strong></span> <span class='ocrx_word' id='word_1_190' title='bbox 546 2631 739 2699; x_wconf 79' lang='lat' dir='ltr'><strong>liauileetuut</strong></span> <span class='ocrx_word' id='word_1_191' title='bbox 752 2644 913 2696; x_wconf 78' lang='lat' dir='ltr'><strong>eetautena</strong></span> <span class='ocrx_word' id='word_1_192' title='bbox 936 2631 1020 2715; x_wconf 79' lang='lat' dir='ltr'><strong>quoa</strong></span> 
     </span>
     <span class='ocr_line' id='line_1_28' title="bbox 102 2718 1021 2805; baseline 0.002 -21"><span class='ocrx_word' id='word_1_193' title='bbox 102 2718 188 2786; x_wconf 80' lang='lat' dir='ltr'><strong>Deua</strong></span> <span class='ocrx_word' id='word_1_194' title='bbox 200 2723 334 2805; x_wconf 75' lang='lat' dir='ltr'><strong>reipsum</strong></span> <span class='ocrx_word' id='word_1_195' title='bbox 354 2719 533 2785; x_wconf 81' lang='lat' dir='ltr'><strong>naturaliter</strong></span> <span class='ocrx_word' id='word_1_196' title='bbox 545 2719 685 2805; x_wconf 72' lang='lat' dir='ltr'><strong>intelligit</strong></span> <span class='ocrx_word' id='word_1_197' title='bbox 708 2720 786 2788; x_wconf 89' lang='lat' dir='ltr'><strong>sieut</strong></span> <span class='ocrx_word' id='word_1_198' title='bbox 797 2735 826 2784; x_wconf 88' lang='lat' dir='ltr'><strong>et</strong></span> <span class='ocrx_word' id='word_1_199' title='bbox 841 2719 1021 2786; x_wconf 79' lang='lat' dir='ltr'><strong>naturaliter</strong></span> 
     </span>
     <span class='ocr_line' id='line_1_29' title="bbox 103 2807 1020 2896; baseline 0.001 -23"><span class='ocrx_word' id='word_1_200' title='bbox 103 2821 161 2886; x_wconf 76' lang='lat' dir='ltr'><strong>eeu</strong></span> <span class='ocrx_word' id='word_1_201' title='bbox 172 2827 263 2874; x_wconf 77' lang='lat' dir='ltr'><strong>ruunt</strong></span> <span class='ocrx_word' id='word_1_202' title='bbox 275 2807 360 2873; x_wconf 89' lang='lat' dir='ltr'><strong>enim</strong></span> <span class='ocrx_word' id='word_1_203' title='bbox 372 2808 543 2894; x_wconf 66' lang='lat' dir='ltr'><strong>intelligere</strong></span> <span class='ocrx_word' id='word_1_204' title='bbox 555 2822 601 2876; x_wconf 82' lang='lat' dir='ltr'><strong>est</strong></span> <span class='ocrx_word' id='word_1_205' title='bbox 614 2829 706 2874; x_wconf 89' lang='lat' dir='ltr'><strong>suum</strong></span> <span class='ocrx_word' id='word_1_206' title='bbox 719 2827 797 2887; x_wconf 78' lang='lat' dir='ltr'><strong>esee,</strong></span> <span class='ocrx_word' id='word_1_207' title='bbox 812 2819 845 2874; x_wconf 91' lang='lat' dir='ltr'><strong>ut</strong></span> <span class='ocrx_word' id='word_1_208' title='bbox 857 2807 1020 2896; x_wconf 77' lang='lat' dir='ltr'><strong>probatum</strong></span> 
     </span>
     <span class='ocr_line' id='line_1_30' title="bbox 96 2895 1022 2984; baseline 0 -22"><span class='ocrx_word' id='word_1_209' title='bbox 96 2909 150 2962; x_wconf 82' lang='lat' dir='ltr'><strong>est</strong></span> <span class='ocrx_word' id='word_1_210' title='bbox 159 2895 194 2983; x_wconf 80' lang='lat' dir='ltr'><strong>(l</strong></span> <span class='ocrx_word' id='word_1_211' title='bbox 205 2898 267 2975; x_wconf 87' lang='lat' dir='ltr'><strong>l,u.</strong></span> <span class='ocrx_word' id='word_1_212' title='bbox 276 2896 343 2982; x_wconf 75' lang='lat' dir='ltr'><strong>lt).</strong></span> <span class='ocrx_word' id='word_1_213' title='bbox 359 2895 493 2965; x_wconf 84' lang='lat' dir='ltr'><strong>Verbum</strong></span> <span class='ocrx_word' id='word_1_214' title='bbox 507 2899 599 2984; x_wconf 78' lang='lat' dir='ltr'><strong>igitur</strong></span> <span class='ocrx_word' id='word_1_215' title='bbox 611 2898 668 2963; x_wconf 80' lang='lat' dir='ltr'><strong>Dei</strong></span> <span class='ocrx_word' id='word_1_216' title='bbox 681 2898 815 2984; x_wconf 82' lang='lat' dir='ltr'><strong>seipsum</strong></span> <span class='ocrx_word' id='word_1_217' title='bbox 826 2897 1022 2981; x_wconf 76' lang='lat' dir='ltr'><strong>intelligentie</strong></span> 
     </span>
     <span class='ocr_line' id='line_1_31' title="bbox 98 2984 1023 3073; baseline -0.001 -22"><span class='ocrx_word' id='word_1_218' title='bbox 98 2986 282 3051; x_wconf 79' lang='lat' dir='ltr'><strong>naturaliter</strong></span> <span class='ocrx_word' id='word_1_219' title='bbox 304 2985 342 3052; x_wconf 88' lang='lat' dir='ltr'><strong>eb</strong></span> <span class='ocrx_word' id='word_1_220' title='bbox 367 2989 436 3073; x_wconf 71' lang='lat' dir='ltr'><strong>ipsu</strong></span> <span class='ocrx_word' id='word_1_221' title='bbox 456 2988 603 3073; x_wconf 71' lang='lat' dir='ltr'><strong>prueadiu</strong></span> <span class='ocrx_word' id='word_1_222' title='bbox 624 3001 666 3061; x_wconf 84' lang='lat' dir='ltr'><strong>et,</strong></span> <span class='ocrx_word' id='word_1_223' title='bbox 678 3005 750 3051; x_wconf 82' lang='lat' dir='ltr'><strong>eam</strong></span> <span class='ocrx_word' id='word_1_224' title='bbox 764 2985 899 3053; x_wconf 79' lang='lat' dir='ltr'><strong>Verbum</strong></span> <span class='ocrx_word' id='word_1_225' title='bbox 912 2984 970 3050; x_wconf 88' lang='lat' dir='ltr'><strong>Dei</strong></span> <span class='ocrx_word' id='word_1_226' title='bbox 984 2987 1023 3050; x_wconf 83' lang='lat' dir='ltr'><strong>sit</strong></span> 
     </span>
     <span class='ocr_line' id='line_1_32' title="bbox 101 3073 1022 3160; baseline 0.002 -22"><span class='ocrx_word' id='word_1_227' title='bbox 101 3073 243 3160; x_wconf 62' lang='lat' dir='ltr'><strong>eltrudem</strong></span> <span class='ocrx_word' id='word_1_228' title='bbox 267 3087 395 3140; x_wconf 85' lang='lat' dir='ltr'><strong>naturae</strong></span> <span class='ocrx_word' id='word_1_229' title='bbox 417 3095 488 3143; x_wconf 86' lang='lat' dir='ltr'><strong>eum</strong></span> <span class='ocrx_word' id='word_1_230' title='bbox 512 3077 583 3140; x_wconf 83' lang='lat' dir='ltr'><strong>Deo</strong></span> <span class='ocrx_word' id='word_1_231' title='bbox 602 3073 723 3140; x_wconf 80' lang='lat' dir='ltr'><strong>uiuente</strong></span> <span class='ocrx_word' id='word_1_232' title='bbox 746 3087 777 3139; x_wconf 88' lang='lat' dir='ltr'><strong>et</strong></span> <span class='ocrx_word' id='word_1_233' title='bbox 799 3075 839 3140; x_wconf 82' lang='lat' dir='ltr'><strong>eit</strong></span> <span class='ocrx_word' id='word_1_234' title='bbox 854 3074 1022 3140; x_wconf 80' lang='lat' dir='ltr'><strong>similitudo</strong></span> 
     </span>
     <span class='ocr_line' id='line_1_33' title="bbox 100 3163 1022 3340; baseline -0.001 -23"><span class='ocrx_word' id='word_1_235' title='bbox 100 3163 476 3337; x_wconf 58' lang='lat' dir='ltr'><strong>trituretur</strong></span> <span class='ocrx_word' id='word_1_236' title='bbox 491 3165 553 3340; x_wconf 79' lang='grc' dir='ltr'><strong>ιι</strong></span> <span class='ocrx_word' id='word_1_237' title='bbox 929 3163 1022 3316; x_wconf 79' lang='lat' dir='ltr'><strong>ln</strong></span> 
     </span>
     <span class='ocr_line' id='line_1_34' title="bbox 102 3340 1023 3426; baseline 0.001 -21"><span class='ocrx_word' id='word_1_238' title='bbox 102 3340 188 3405; x_wconf 84' lang='lat' dir='ltr'><strong>litate</strong></span> <span class='ocrx_word' id='word_1_239' title='bbox 210 3355 346 3410; x_wconf 63' lang='lat' dir='ltr'><strong>umbrae.</strong></span> <span class='ocrx_word' id='word_1_240' title='bbox 372 3341 453 3407; x_wconf 82' lang='lat' dir='ltr'><strong>llaeu</strong></span> <span class='ocrx_word' id='word_1_241' title='bbox 475 3355 522 3406; x_wconf 77' lang='lat' dir='ltr'><strong>eat</strong></span> <span class='ocrx_word' id='word_1_242' title='bbox 545 3355 648 3406; x_wconf 83' lang='lat' dir='ltr'><strong>autem</strong></span> <span class='ocrx_word' id='word_1_243' title='bbox 685 3359 778 3407; x_wconf 76' lang='lat' dir='ltr'><strong>uerae</strong></span> <span class='ocrx_word' id='word_1_244' title='bbox 816 3341 1023 3426; x_wconf 74' lang='lat' dir='ltr'><strong>generationis</strong></span> 
     </span>
     <span class='ocr_line' id='line_1_35' title="bbox 102 3429 1024 3516; baseline 0 -22"><span class='ocrx_word' id='word_1_245' title='bbox 102 3431 181 3494; x_wconf 81' lang='lat' dir='ltr'><strong>ratio</strong></span> <span class='ocrx_word' id='word_1_246' title='bbox 203 3431 236 3494; x_wconf 91' lang='lat' dir='ltr'><strong>in</strong></span> <span class='ocrx_word' id='word_1_247' title='bbox 258 3430 352 3496; x_wconf 79' lang='lat' dir='ltr'><strong>rebus</strong></span> <span class='ocrx_word' id='word_1_248' title='bbox 374 3431 547 3498; x_wconf 77' lang='lat' dir='ltr'><strong>virentibus</strong></span> <span class='ocrx_word' id='word_1_249' title='bbox 568 3431 654 3516; x_wconf 82' lang='lat' dir='ltr'><strong>quud</strong></span> <span class='ocrx_word' id='word_1_250' title='bbox 677 3429 709 3494; x_wconf 82' lang='lat' dir='ltr'><strong>id</strong></span> <span class='ocrx_word' id='word_1_251' title='bbox 740 3429 824 3514; x_wconf 81' lang='lat' dir='ltr'><strong>quau</strong></span> <span class='ocrx_word' id='word_1_252' title='bbox 858 3443 1024 3514; x_wconf 76' lang='lat' dir='ltr'><strong>generatur</strong></span> 
     </span>
     <span class='ocr_line' id='line_1_36' title="bbox 101 3516 1021 3610; baseline 0.004 -28"><span class='ocrx_word' id='word_1_253' title='bbox 101 3532 310 3605; x_wconf 71' lang='lat' dir='ltr'><strong>regenerante</strong></span> <span class='ocrx_word' id='word_1_254' title='bbox 331 3519 479 3610; x_wconf 81' lang='lat' dir='ltr'><strong>procedat</strong></span> <span class='ocrx_word' id='word_1_255' title='bbox 501 3533 536 3590; x_wconf 92' lang='lat' dir='ltr'><strong>ut</strong></span> <span class='ocrx_word' id='word_1_256' title='bbox 546 3519 716 3588; x_wconf 76' lang='lat' dir='ltr'><strong>similitudo</strong></span> <span class='ocrx_word' id='word_1_257' title='bbox 727 3518 822 3608; x_wconf 84' lang='lat' dir='ltr'><strong>iptiua</strong></span> <span class='ocrx_word' id='word_1_258' title='bbox 838 3531 868 3585; x_wconf 88' lang='lat' dir='ltr'><strong>et</strong></span> <span class='ocrx_word' id='word_1_259' title='bbox 881 3516 1021 3606; x_wconf 75' lang='lat' dir='ltr'><strong>ejusden</strong></span> 
     </span>
    </p>
   </div>
   <div class='ocr_carea' id='block_1_3' title="bbox 0 0 1254 3975">
    <p class='ocr_par' dir='ltr' id='par_1_4' title="bbox 0 0 1254 3975">
     <span class='ocr_line' id='line_1_37' title="bbox 0 0 1254 3975; baseline 0 0"><span class='ocrx_word' id='word_1_260' title='bbox 0 0 1254 3975; x_wconf 95' lang='lat' dir='ltr'><strong> </strong></span> 
     </span>
    </p>
   </div>
  </div>
 </body>
</html>
