2484 3975
200 224 264 290 att
473 246 528 291 tia.
553 232 678 289 ιεἐιε.
702 236 818 288 nx'txtn.

264 311 413 397 Amplius,
435 312 525 379 dctus
549 314 694 378 virtutum
718 311 899 376 ordinantur
923 307 963 373 ad
987 301 1118 375 beatitu-

196 401 301 467 dinem
326 402 403 467 sicut
426 402 464 467 ad
489 402 592 468 finem.
631 400 663 465 Si
702 401 793 485 igitur
826 399 858 463 in
881 411 960 463 statu
995 398 1119 463 loturae

196 489 393 555 beatitudinis
416 505 517 556 essent
538 488 759 555 delectationes
795 486 935 555 ciborum
959 500 990 551 et
1025 506 1118 551 vene·

197 598 322 643 tectum
346 580 432 664 quasi
456 579 493 643 cd
518 578 739 643 beatitudinem
775 576 973 663 pertinentes,
1006 596 1118 662 seque·

197 682 281 731 retur
305 667 386 751 quod
410 668 440 731 in
464 668 633 732 intentione
655 686 763 730 eorum
787 665 841 751 qui
864 664 997 729 virtuosa
1021 678 1121 747 agunt·

196 755 492 839 essentaliqualiter
515 756 733 821 delectationes
756 752 939 839 praedictam
968 753 1052 838 quod
1068 774 1118 817 ra-

196 845 311 909 tionem
337 845 555 930 temperantiae
578 844 722 918 excludit3
745 856 791 907 est
813 842 897 906 enim
921 856 1027 906 contra
1041 855 1119 905 tem·

196 933 352 1017 perantiae
376 935 526 998 rationem
549 946 582 997 ut
605 932 715 1017 aliquis
738 930 1020 995 adelectationibus
1034 950 1120 995 nunc

196 1021 346 1085 abstineat
369 1036 402 1085 ut
425 1020 621 1106 postmodnm
646 1022 690 1084 ei's
712 1018 771 1084 frui
796 1019 893 1103 magis
905 1019 1009 1105 possit.
1034 1018 1115 1083 lled·

108 1100 112 1115 “
194 1108 321 1173 deretur
340 1109 436 1187 ¹initur
464 1110 564 1175 omnis
599 1110 719 1175 castitas
758 1108 913 1193 impudica
947 1120 979 1171 et
1011 1108 1115 1173 omnis

197 1198 378 1262 abstinentia
403 1198 519 1281 gulosa.
543 1199 574 1262 st
602 1218 675 1262 vero
699 1196 873 1283 praedictae
896 1196 1116 1261 delectationes

197 1300 297 1363 erunt,
322 1307 383 1350 non
409 1302 510 1351 tamen
527 1288 613 1373 quasi
627 1288 665 1350 ad
679 1285 901 1351 beatitudinem
918 1286 1117 1370 pertinentes,

197 1387 231 1437 ut
253 1387 392 1459 oporteat
415 1396 466 1440 eas
490 1396 558 1441 esse
582 1376 714 1441 intentas
737 1374 777 1440 ab
811 1375 858 1440 bis
892 1374 945 1459 qui
981 1374 1118 1438 virtuosa·

197 1477 302 1545 agunt,
327 1464 384 1527 lmc
408 1484 474 1529 esse
498 1486 559 1529 non
586 1478 695 1551 potest,
718 1464 791 1550 quia
826 1479 920 1527 omne
953 1462 1036 1547 quod
1071 1476 1119 1527 est

197 1551 245 1615 rel
268 1565 313 1615 εει
338 1568 461 1639 pmpter
484 1553 614 1643 alterum
638 1553 686 1617 uel
712 1567 837 1637 propter
853 1553 999 1638 seipsum.
1023 1551 1118 1615 Prae·

197 1639 295 1704 dietae
324 1657 426 1706 autem
451 1641 668 1707 delectationes
691 1661 752 1704 non
776 1652 866 1706 erunt
895 1653 1020 1725 propter
1042 1640 1117 1704 alte

195 1749 276 1803 tum;
300 1750 361 1794 nota
386 1729 469 1794 enim
492 1743 583 1795 erunt
607 1742 733 1815 propter
754 1730 890 1794 actiones
906 1728 1063 1793 ordinatas
1074 1728 1115 1793 ad

197 1818 290 1881 linem
316 1832 452 1896 naturae,
478 1832 510 1883 ut
529 1818 593 1902 jam
623 1833 791 1883 ostensum
825 1829 881 1882 est.
921 1817 1116 1902 Relinquitur

197 1905 288 1988 igitur
311 1908 393 1992 quod
431 1920 520 1972 erunt
557 1920 682 1993 propter
716 1907 839 1994 seipsas.
873 1903 976 1970 Omne
1010 1919 1115 1971 autem

196 1995 279 2079 quod
304 2011 348 2059 est
372 1996 548 2082 liiijusmodi
573 1995 621 2060 vel
645 2009 691 2059 est
713 1995 871 2060 beatitudo
893 1995 941 2060 vel
958 2015 1027 2081 para
1042 1996 1116 2060 bea·

197 2083 343 2148 titudinis.
370 2083 496 2170 Oportet
520 2085 620 2170 igitur,
644 2084 669 2147 si
698 2083 915 2149 delectationes
939 2083 1117 2170 praedictae

198 2171 228 2235 in
254 2172 312 2234 vita
338 2173 564 2258 resurgentium
588 2173 796 2258 crona-quod
829 2172 867 2237 ad
891 2172 1116 2239 beatitudinem

195 2279 306 2324 eorum
331 2263 513 2347 pertineant3
536 2261 619 2346 quod
644 2281 712 2325 esse
735 2283 796 2326 non
826 2274 935 2347 potest,
958 2274 992 2326 ut
1013 2277 1117 2326 osten·

195 2369 264 2412 sum
289 2367 344 2416 est.
368 2349 457 2414 Nullo
482 2351 573 2434 igitur
597 2349 691 2414 modo
704 2349 881 2435 bujustuodi
896 2349 1117 2417 delectationes

92 2477 95 2480 -
196 2451 285 2502 erunt
308 2439 338 2502 in
363 2437 462 2504 lutura
486 2440 554 2504 vita.

264 2526 435 2605 Praeterea,
460 2527 633 2592 Ridiculum
656 2524 777 2593 videtur
791 2525 1008 2592 delectationes
1019 2547 1117 2612 quae·

197 2633 266 2680 rere
292 2617 476 2700 corporales,
499 2618 528 2682 io
553 2617 664 2702 quibus
687 2615 847 2682 nobiscum
864 2614 1007 2680 animalia
1024 2617 1115 2683 bruta

195 2707 434 2776 cenomanicam,
458 2706 510 2770 ubi
534 2719 733 2790 expectantur
768 2704 983 2770 delectationes
1005 2705 1118 2769 altissi-

195 2811 276 2870 mae,
300 2793 329 2856 in
353 2795 463 2878 quibus
488 2813 559 2858 cum
584 2792 705 2876 Angelis
733 2793 1011 2868 communicamus,
1034 2813 1119 2880 quae

195 2897 285 2944 erunt
309 2884 338 2946 in
363 2883 418 2945 Dei
444 2883 570 2954 risione,
601 2901 681 2966 quae
719 2881 810 2945 nobis
832 2893 863 2945 et
900 2880 1023 2964 turgens
1057 2883 1119 2948 erit

195 2970 386 3044 coinmunis,¹
405 2985 437 3034 ut
460 2984 618 3034 ostensum
642 2982 687 3032 est
711 2969 755 3056 (Ι.
779 2970 811 3042 5,
835 2989 862 3032 c.
880 2968 949 3051 tt),
968 2969 1118 3035 nisilcrte

196 3059 262 3142 quis
287 3059 392 3123 dicare
416 3058 486 3123 velit
510 3057 729 3123 beatitudinem
754 3058 940 3140 Angelorum
963 3076 1033 3123 esse
1058 3058 1119 3122 im·

114 3213 118 3217 ,
198 3147 374 3233 perlectam,
396 3147 467 3232 quia
490 3147 599 3210 desunt
637 3146 680 3210 eis
703 3147 919 3212 delectationes
943 3146 1118 3224 brutorum;

195 3237 277 3322 quod
303 3249 348 3300 est
373 3235 501 3300 onmino
521 3233 702 3300 absurdum.
747 3255 749 3258 ·

263 3325 337 3388 llinc
351 3324 492 3406 estquod
509 3323 741 3388 Dominusdicit
753 3322 836 3408 quod
848 3322 879 3386 in
890 3317 1119 3387 retmreetione

195 3433 290 3495 neque
313 3412 435 3487 arabant,
458 3431 553 3494 neque
576 3410 740 3492 urebantur,
762 3411 817 3477 ted
839 3420 929 3477 erunt
950 3411 1030 3477 sieut
1050 3410 1120 3476 Ait-

195 3504 256 3585 9elt'
280 3501 351 3579 Del,
373 3499 489 3578 blatta,
512 3499 566 3578 Ἡ,
591 3499 643 3564 50.
