2484 3975
226 236 292 302 236
559 255 617 300 cra.
642 255 681 299 tv.
707 255 770 300 car.
794 252 839 299 cr.

226 339 273 391 est
295 322 432 388 criminis
454 322 544 406 alicui
562 343 711 409 personae
734 321 847 388 inlerre
886 324 1027 410 injuriam
1070 341 1159 407 quae

228 410 356 496 majoris
378 411 532 496 diguitatis
570 412 681 490 existit,
703 412 744 476 ita
779 411 942 479 virtuosius
975 426 1020 478 est
1060 425 1093 475 et
1119 432 1157 477 er

228 501 337 585 majani
361 501 508 566 charitate
531 500 700 586 procedens
724 499 807 587 quod
832 501 932 586 major
947 521 1078 588 persona
1097 523 1156 588 pro
1222 501 1223 513 ¹

227 592 297 658 aliis
320 610 352 653 se
376 589 516 674 subjiciat
539 589 729 654 voluntariae
765 589 908 674 passioni.

295 679 444 760 Quamvis
466 692 567 742 autem
591 677 731 742 Christus
754 692 810 763 pro
849 692 974 766 peccato
1009 679 1156 762 originali

228 790 285 834 sua
307 781 409 832 morte
432 765 621 831 sulticieuter
655 766 846 845 satislecerit,
868 789 930 834 non
969 781 1014 832 est
1048 782 1156 832 temen
1223 781 1224 818 ³

230 857 448 923 inconveniens
471 854 555 939 quod
578 856 778 940 poenalitates
800 877 838 920 ex
861 870 987 942 peccato
1009 857 1156 939 originali
1224 888 1225 910 i

230 958 455 1030 consequentes
478 958 641 1008 remanent
663 945 764 1010 adhuc
787 945 816 1010 in
836 947 979 1012 omuibus
995 945 1046 1029 qui
1060 946 1156 1010 etiam

231 1033 450 1119 redemptionis
473 1030 585 1097 Christi
624 1035 784 1120 participes
808 1034 897 1109 liunt,
936 1049 969 1100 ut
992 1033 1158 1118 vigesima-

231 1128 336 1210 quinta
361 1122 437 1186 ratio
460 1121 656 1206 procedebat.
680 1122 744 1188 lloe
774 1122 861 1187 'enim
895 1137 1103 1207 congruenter
1126 1136 1157 1187 ct

232 1212 344 1279 utiliter
369 1209 481 1274 lactum
505 1225 551 1274 est
567 1225 599 1275 ut
623 1232 721 1296 poena
746 1228 930 1288 remaneret,
945 1212 1038 1276 etiam
1063 1211 1157 1295 culpa

231 1301 417 1365 sublata:—
434 1299 537 1363 Primo
560 1300 698 1384 quidem,
722 1314 754 1364 ut
781 1314 862 1364 esset
898 1299 1097 1366 conformitas
1124 1301 1157 1364 li-

232 1389 348 1454 delium
373 1387 412 1451 ad
435 1388 600 1464 Christum,
638 1389 715 1454 sicut
739 1389 951 1455 membrorum
976 1389 1013 1452 ad
1052 1402 1159 1473 caput:

232 1478 327 1554 uude,
349 1478 425 1541 sicut
448 1476 586 1541 Christus
610 1479 694 1561 prius
717 1479 829 1544 multas
845 1478 1002 1563 passiones
1014 1478 1164 1543 sustinuit

233 1581 264 1632 et
286 1568 329 1632 sic
351 1566 390 1630 ad
415 1565 649 1630 immortalitatis
671 1566 802 1649 gloriam
827 1567 1033 1652 pervenit,sie
1053 1565 1162 1631 decuit

234 1671 268 1720 ut
291 1655 397 1721 lideles
420 1653 486 1736 ejus
511 1655 594 1739 prius
616 1654 813 1739 subjacerent
834 1656 1037 1741 passionibus,
1060 1669 1092 1718 et
1115 1657 1161 1721 sic

234 1746 273 1811 ad
298 1743 559 1810 immortalitatem
583 1745 788 1827 peruenirent,
811 1745 900 1829 quasi
939 1757 1096 1831 portantes
1129 1746 1160 1810 iu

233 1856 341 1920 seipsas
365 1831 495 1914 msrguia
519 1832 668 1916 passionis
709 1831 831 1910 Christi,
855 1845 888 1898 ut
923 1832 1163 1899 similitudinem

234 1924 350 2009 gloriae
373 1921 440 2005 ejus
473 1935 750 2005 consequerentur,
774 1923 851 1986 sicut
885 1922 1047 2009 Apostolus
1076 1922 1161 1986 dicit:

236 2014 372 2078 Heredes
395 2010 518 2094 quidem
544 2009 611 2085 Dei,
635 2011 798 2075 coheredes
812 2022 915 2077 autem
938 2012 1010 2076 lesu
1035 2011 1165 2090 Christi,

235 2106 262 2167 si
286 2118 390 2165 tamen
412 2101 688 2181 comportassent
711 2112 741 2164 et
763 2102 1037 2187 conglorificemur,
1060 2098 1167 2175 Rern,

236 2192 268 2269 8,
292 2192 342 2255 ll.
359 2226 403 2237 -
418 2186 575 2263 Secundo,
591 2188 675 2273 quia,
697 2189 722 2253 si
763 2190 904 2253 homines
941 2190 1099 2253 vestientes
1123 2190 1167 2254 ad

236 2281 390 2345 Christum
414 2277 515 2340 statim
537 2277 798 2343 immortalitatem
826 2278 1167 2362 impassibilitatemque

233 2380 508 2451 consequerentur,
547 2365 650 2449 plures
676 2366 819 2431 homines
842 2366 880 2429 ad
913 2365 1073 2431 Christum
1112 2386 1165 2431 ac-

234 2457 380 2522 cederent
404 2455 500 2537 magis
525 2470 650 2539 propter
681 2455 757 2519 haee
796 2454 966 2539 corporalia
1009 2454 1164 2519 beneficia

234 2568 328 2632 quam
353 2559 477 2629 propter
500 2542 668 2627 spiritualia
694 2543 786 2620 hone3
804 2542 888 2629 qood
912 2555 958 2606 est
983 2557 1092 2607 contra
1116 2544 1165 2606 in-

236 2636 403 2701 tentionem
428 2632 548 2706 Christi,
571 2632 719 2696 venientis
743 2632 773 2695 iu
798 2630 948 2695 hruodum
970 2644 1002 2694 ut
1017 2631 1165 2695 homines

235 2728 273 2791 ab
297 2743 403 2788 amore
425 2720 633 2804 corporalium
658 2719 696 2783 ad
720 2720 887 2805 spiritualia
913 2718 1166 2784 trecassense—

213 2814 351 2886 ·Tertio‚
375 2811 444 2897 quia
468 2810 492 2873 si
517 2808 697 2873 accedentes
721 2808 759 2872 ad
783 2807 938 2873 Christum
978 2809 1081 2873 statim
1107 2809 1166 2872 im-

237 2902 395 2989 passibiles
418 2913 448 2963 et
471 2896 659 2961 immortales
683 2896 896 2974 redderentur,
929 2897 989 2961 hoc
1011 2897 1168 2982 quodam-

237 2992 330 3056 modo
353 2987 553 3073 compelleret
580 2985 723 3049 homines
761 2984 798 3049 ad
834 2984 930 3049 iidem
967 2984 1078 3051 Christi
1115 3007 1168 3050 su-

237 3079 440 3165 scipiendum
461 3090 492 3139 ot
514 3076 557 3139 sic
581 3074 727 3139 meritum
752 3072 823 3137 iidei
848 3076 1051 3139 minueretur.

302 3167 451 3248 Quamuis
473 3176 577 3227 autern
599 3160 790 3229 sullicicntcr
815 3182 869 3245 pro
887 3167 1018 3248 pcccatis
1035 3164 1167 3229 humani

236 3256 358 3339 generis
381 3253 518 3319 Christus
541 3271 597 3315 sua
622 3266 721 3317 morte
732 3250 925 3330 satisfecerit,
948 3266 981 3315 ut
1005 3252 1170 3336 vigesimo-

236 3359 322 3408 sexta
346 3345 424 3407 ratio
448 3340 650 3425 proponebat,
674 3355 745 3405 sunt
769 3356 871 3405 tamen
912 3341 1078 3425 uuicuique
1119 3360 1168 3404 re

236 3432 338 3495 media
364 3430 505 3513 propriae
529 3427 634 3491 salutis
650 3428 837 3512 quaerenda.
855 3428 935 3495 hlors
951 3430 1035 3493 enim
1052 3428 1169 3495 Christi

236 3533 284 3584 est
308 3518 395 3606 quasi
419 3515 573 3603 quaedam
598 3517 777 3583 universalis
800 3538 892 3583 causa
930 3517 1048 3597 salutis,
1086 3518 1170 3605 sieut
