2484 3975
200 206 266 277 ild
586 224 760 271 orusautuu

194 318 283 367 mam
307 293 432 382 aliquod
455 293 639 383 principium
665 314 736 360 esse
769 293 852 380 quod
886 307 965 377 agat,
999 308 1029 361 at
1054 294 1127 360 'hoe

198 387 311 454 dicitur
333 405 424 450 causa
449 383 599 463 efficiens,
619 383 668 449 vel
692 401 830 460 movens,
869 383 916 449 vel
949 404 1054 464 agens,
1077 384 1129 450 rel

199 475 284 544 uude
306 486 353 539 est
375 473 560 559 principium
585 486 696 537 matus.
720 472 755 536 Ει
777 473 859 558 quia.
898 486 931 537 ut
954 472 1028 539 dicit
1061 474 1127 539 trt-

200 564 326 632 stoteler
350 562 560 647 (llctaphys.,
582 563 643 651 d),
666 580 760 627 omne
782 560 865 645 quod
889 562 951 644 agit
979 582 1041 627 non
1065 562 1131 646 agit

199 654 259 721 uisi
283 650 472 717 intendendo
494 650 620 736 aliquid,
644 664 844 736 oportetesse
867 649 950 715 aliud
973 664 1131 736 quartum,

200 744 232 809 id
256 741 371 809 scilieet
394 738 477 826 quod
511 740 680 805 intenditur
703 738 742 804 ab
765 753 922 825 operante
945 752 977 805 et
999 739 1058 805 hoc
1084 740 1130 804 di·

201 833 282 898 citur
304 829 386 895 luris.

271 920 305 986 Et
327 915 489 984 sciendum
512 915 607 1003 quod,
630 916 701 981 licet
723 933 817 980 omne
846 936 942 1001 agens
975 930 1037 983 tam
1075 938 1130 981 na-

203 1008 303 1076 turale
325 1026 419 1093 quam
443 1005 649 1070 voluntarium
674 1002 928 1084 intendatfinem,
945 1026 1007 1071 non
1024 1021 1128 1072 tamen

201 1099 340 1185 sequitur
363 1094 446 1181 quod
468 1114 562 1159 omne
585 1114 680 1179 agens
702 1108 868 1177 cognoscat
895 1094 988 1161 finem
1004 1095 1053 1160 rel
1076 1094 1130 1159 de·
1234 1114 1235 1137 t

202 1187 312 1253 liberet
334 1183 374 1249 de
398 1184 468 1248 line.
492 1181 687 1268 Cognoscere
710 1196 812 1249 autem
837 1184 930 1249 finem
954 1197 1000 1251 est
1022 1203 1130 1249 neces·

202 1276 318 1342 sarium
343 1273 373 1337 in
390 1272 437 1336 ltis
460 1292 593 1358 quorum
616 1272 752 1337 actiones
776 1294 838 1338 non
875 1288 946 1339 sunt
982 1274 1130 1339 deterrui·
1234 1316 1235 1331 t

202 1378 304 1441 natae,
327 1360 383 1427 sed
407 1381 441 1425 se
464 1360 630 1426 nabentad
655 1362 805 1447 opposita,
828 1362 907 1427 sieut
921 1376 993 1428 sunt
1008 1362 1131 1446 agentia

203 1452 388 1519 voluntaria:
411 1462 442 1515 et
465 1449 535 1515 ideo
559 1462 682 1536 oportet
704 1450 787 1535 qnod
810 1465 998 1535 cognoscant
1034 1450 1130 1515 linem

203 1560 369 1630 perquem
392 1560 463 1603 suas
486 1538 622 1603 actiones
645 1538 860 1605 determinent.
884 1539 946 1605 Sed
980 1541 1011 1605 in
1035 1559 1130 1625 agen-

204 1631 287 1697 tibus
312 1628 502 1694 naturalibus
524 1640 596 1692 sunt
617 1628 753 1693 actiones
791 1627 1023 1703 determinatam
1047 1626 1131 1694 unde

203 1740 268 1785 non
291 1733 338 1784 cst
360 1716 567 1782 necessarium
589 1716 705 1799 eligere
729 1733 766 1782 ea
782 1737 861 1804 quae
884 1733 956 1783 sunt
971 1718 1010 1783 ad
1024 1717 1131 1793 linem3

202 1821 235 1874 ct
254 1808 344 1895 ponit
366 1804 543 1892 exemplum
567 1805 722 1883 Avicenna
747 1805 786 1871 de
823 1806 1011 1879 citharaedo.
1034 1824 1130 1892 quem

201 1918 265 1963 non
309 1908 430 1982 oportet
460 1894 500 1959 de
533 1893 670 1979 qualibet
705 1896 904 1980 percussione
941 1894 1131 1961 chordarum
1233 1968 1234 1973 ἵ

182 1991 185 1996 ’
203 1984 388 2064 deliberare,
410 2005 481 2050 cum
496 1984 711 2070 percussiones
729 1983 790 2050 sint
804 1983 1027 2050 determinatae
1047 1982 1131 2070 apud

203 2076 317 2162 ipsum3
341 2073 479 2158 alioquin
504 2083 585 2137 esset
607 2072 688 2137 inter
710 2075 924 2161 percussiones
936 2094 1034 2148 mora,
1048 2072 1132 2160 quod

202 2176 284 2230 esset
305 2162 467 2228 absonum.
491 2161 588 2244 lingis
611 2178 714 2226 autem
751 2160 871 2229 videtur
907 2163 946 2228 de
983 2175 1133 2250 operante

203 2253 375 2318 voluntarie
397 2250 480 2338 quud
504 2249 666 2328 deliberet,
688 2271 782 2336 quatu
807 2251 846 2316 dc
863 2267 972 2335 agente
989 2251 1132 2316 naturali.

202 2341 238 2406 lit
260 2343 300 2406 ita
325 2355 407 2428 patet
431 2359 486 2425 per
510 2340 613 2404 locum
638 2361 654 2404 a
679 2339 787 2424 maiori
811 2340 863 2426 (l)
879 2340 974 2428 quod,
997 2343 1022 2406 si
1036 2361 1132 2424 agens

204 2430 386 2504 voluntarie,
410 2429 534 2513 dequo
558 2427 617 2492 hoe
640 2429 737 2511 magis
762 2427 892 2503 videtur,
928 2449 990 2494 nou
1013 2428 1133 2495 delibe-

203 2533 251 2584 rat
275 2517 451 2606 aliquando,
474 2535 550 2600 ergo
574 2535 631 2580 nee
655 2535 750 2600 agens
773 2517 922 2597 naturale;
960 2538 1035 2604 ergo
1059 2538 1132 2606 pos·

202 2608 292 2674 sibile
315 2622 362 2672 ert
392 2627 487 2691 agens
511 2603 650 2669 naturale
684 2606 744 2669 sint
778 2604 1000 2673 deliberatione
1033 2608 1135 2673 inten-

203 2697 278 2762 dere
301 2694 407 2771 finem,
431 2708 461 2759 et
485 2694 544 2758 hoc
568 2692 728 2758 intendere
752 2695 827 2759 niltil
851 2695 935 2760 alind
967 2707 1013 2761 est
1035 2715 1133 2784 quam
1165 2735 1170 2744 ·

204 2785 321 2852 lrabere
344 2783 516 2849 naturalem
538 2781 769 2849 inclinationem
793 2783 831 2848 ad
853 2784 978 2872 aliquid.

272 2874 313 2940 Er
335 2872 424 2938 dictis
447 2884 530 2958 patet
552 2869 637 2958 quod
660 2885 731 2936 sunt
754 2886 886 2958 quatuor
924 2891 1046 2952 causae,
1073 2872 1137 2940 sci·

204 2963 279 3030 lieet
301 2961 477 3039 materialis,
501 2959 649 3035 elliciens,
672 2958 810 3026 formalia
832 2973 862 3026 et
888 2962 1001 3028 linalis.

269 3053 352 3117 Licet
376 3066 479 3116 autent
504 3049 690 3136 principium
717 3064 747 3114 et
769 3069 861 3114 eausa
897 3050 1038 3116 dieantur
1060 3069 1137 3116 eon·

203 3140 394 3211 versibiliter,
418 3152 450 3202 ut
484 3137 596 3203 dicitur
635 3137 666 3201 iu
701 3138 808 3224 quinto
843 3138 1136 3228 lletaphysiaorum‚

204 3245 311 3296 tamen
336 3226 514 3294 Aristoteles
536 3227 550 3302 (
567 3226 698 3312 Physic,
723 3227 737 3291 l
754 3227 867 3314 )ponit
879 3244 1011 3315 quatuor
1025 3247 1137 3293 causas

203 3332 235 3382 ct
258 3318 315 3382 tria
339 3315 502 3402 principia.
527 3312 641 3381 Causas
664 3314 748 3379 enim
773 3315 882 3402 accipit
915 3332 978 3382 tarn
1001 3337 1057 3402 pro
1078 3335 1136 3382 ex·

205 3406 346 3470 trinacris
370 3422 463 3489 quam
488 3422 544 3490 pro
582 3402 763 3482 intrinsecis;
797 3404 925 3471 materia
962 3420 1065 3470 autem
1103 3417 1138 3469 et

218 3521 221 3527 ·
256 3505 295 3575 (l)
312 3505 363 3561 Per
382 3507 469 3560 locum·
482 3523 501 3559 a
517 3503 627 3579 mojori,
648 3508 665 3562 i.
691 3521 714 3562 e.
732 3523 781 3580 per
792 3515 977 3578 argumentum
995 3508 1136 3564 alorliorl.
