2484 3975
385 224 441 267 ttn.
466 224 503 267 tr.
529 220 591 268 car.
615 222 655 267 ιι.
680 221 715 265 rr
739 222 788 267 ιιι.
982 202 1025 267 dii

105 290 223 377 passiva
248 304 329 355 vero*
344 291 455 358 dicitnr
477 306 586 365 mntem
609 290 693 355 unde
721 310 831 356 eorrtm
868 310 947 376 quae
985 295 1025 357 ad

47 404 61 421 ·
90 378 335 463 ,generationem
349 382 443 468 proiis
456 380 656 467 requiruntur
670 379 822 465 quaedam
839 380 1026 445 conveniunt

104 468 182 553 patri
216 482 246 533 et
282 468 438 554 quaedam
476 468 664 535 conveniunt
696 468 797 544 matri;
831 467 906 532 dare
940 470 1026 535 enim

104 571 245 622 naturam
268 572 298 622 et
320 558 455 644 speciem
479 557 556 644 proli
580 557 727 644 competit
749 556 837 643 patri;
860 557 1024 643 concipere

103 658 206 709 autem
229 657 259 709 ct
282 647 433 732 parturire
455 646 602 733 competit
618 645 707 709 matri
720 658 878 731 tamquam
895 645 1021 730 patienti

101 743 133 796 et
153 732 323 819 recipienti.
346 733 423 800 Cum
446 747 550 801 autem
574 734 730 819 processio
741 734 834 801 Verbi
850 732 1024 800 secundom

101 820 161 888 boc
183 821 263 886 dicta
287 822 338 895 sit,
362 842 429 888 esse
464 822 547 909 quod
585 822 671 887 Deus
707 825 843 910 seipsum
881 822 1024 906 intelligit

101 907 217 995 (ipsum
239 922 341 975 autem
365 911 502 976 divinum
526 912 697 995 intelligere
719 932 782 975 non
819 924 865 975 est
888 930 944 997 per
965 911 1021 975 aii-

100 1016 192 1083 quam
217 998 360 1063 virtutem
384 1002 547 1087 passivam,
569 1000 623 1065 sed
646 1001 734 1084 qnasi
769 999 911 1078 activam,
949 999 1021 1085 quia

41 1153 44 1159 ,
99 1084 271 1151 intellectus
294 1087 415 1154 divinus
438 1110 501 1153 non
525 1102 570 1153 est
593 1089 624 1152 in
649 1089 796 1173 potentia,
818 1088 873 1153 sed
896 1088 927 1152 in
951 1103 1021 1155 actu

100 1175 244 1259 tantum),
268 1176 337 1242 ideo
361 1178 391 1241 in
416 1180 614 1262 generatione
637 1176 729 1243 Verbi
751 1177 809 1242 Dei
849 1197 912 1241 noo
934 1197 1021 1241 com·

98 1262 173 1348 petit
195 1264 254 1329 hoc
276 1266 394 1331 ratione
417 1268 534 1341 matris,
557 1265 611 1329 sed
650 1266 751 1330 solum
790 1266 893 1352 patris.
932 1264 1020 1331 Unde

25 1433 31 1442 Ι
97 1370 178 1436 quae
193 1354 223 1418 in
239 1355 437 1437 generatione
460 1354 575 1420 carnali
597 1354 765 1419 distinctim
783 1354 859 1439 patri
873 1367 903 1417 et
927 1356 1016 1421 matri

95 1442 291 1521 conveniunt,
314 1445 417 1508 omnia
442 1443 473 1507 in
495 1445 695 1529 generatione
718 1441 808 1509 Verbi
832 1442 916 1507 Patri
933 1444 1017 1507 attri-

95 1528 233 1595 buuntur
254 1530 285 1595 in
311 1530 411 1597 Sacris
433 1529 609 1619 Scripturis;
632 1530 849 1596 diciturenim
874 1530 964 1597 Pater
987 1545 1018 1596 et

94 1616 169 1683 darc
191 1618 267 1685 Filio
291 1620 384 1685 vitam
408 1635 438 1686 et
460 1622 623 1708 concipere
645 1631 676 1684 et
701 1619 862 1707 parturire.

419 1795 604 1864 CAPUT
642 1797 707 1863 Xii.

162 1970 320 2052 Quomodo
343 1976 442 2042 Filius
467 1975 524 2042 Dei
545 1976 673 2042 dicatur
704 1974 763 2041 Dei
783 1974 949 2060 rapientia.

162 2147 240 2230 Quia
263 2171 336 2218 vero
360 2173 396 2219 ra
419 2173 499 2240 quae
522 2152 561 2218 de
583 2154 733 2240 sapientia
756 2151 1015 2218 divinadicuntur

90 2235 130 2300 ad
153 2241 384 2321 generationem
407 2241 500 2310 Verbi
523 2241 717 2320 adduximus,
739 2261 931 2327 consequens
967 2255 1014 2306 est

90 2327 253 2392 ostendere
277 2331 360 2416 qood
384 2351 438 2417 per
464 2330 597 2396 divinam
622 2331 814 2416 sapientiam,
847 2349 885 2393 es
922 2328 1012 2413 cujus

95 2433 227 2498 persona
251 2421 418 2504 praemissa
443 2421 535 2483 uerba
559 2433 785 2504 proponuntur,
802 2417 938 2482 Verbum
954 2417 1012 2482 Dei

89 2502 217 2588 intelligi
242 2508 345 2592 possit.
370 2507 415 2584 Et,
438 2521 470 2572 ut
493 2509 614 2571 erebus
628 2508 773 2571 humanis
785 2507 824 2570 ad
836 2504 1012 2570 divinorum

88 2592 299 2675 cognitionem
324 2596 549 2681 perveniamus,
572 2595 769 2659 considerare
794 2605 914 2679 oportet
927 2590 1035 2679 quod'

88 2680 237 2767 sapientia
261 2683 293 2748 in
323 2685 449 2749 bomine
487 2685 598 2749 dicitur
632 2685 754 2748 babitus
788 2682 915 2768 quidam
949 2703 1011 2768 qno

90 2787 179 2834 mens
202 2786 305 2838 nostra
329 2772 484 2858 perficitur
507 2775 537 2836 in
567 2774 746 2856 cognitione
781 2771 1012 2848 altissimorum,

90 2869 122 2920 et
145 2857 321 2944 hujusmodi
355 2875 427 2926 sunt
460 2861 571 2927 divina.
607 2861 685 2926 Cum
721 2880 806 2939 vero,
838 2859 1012 2924 secundum

90 2947 259 3030 sapientiae
282 2949 432 3022 habitum,
456 2949 487 3014 in
511 2949 667 3015 intellectu
691 2964 796 3014 nostro
826 2948 928 3034 aliqua
951 2947 1012 3012 ior·

90 3041 376 3124 matur.e0nceptio
413 3037 453 3103 de
477 3039 598 3114 divinis,
621 3038 689 3124 ipsa
724 3039 885 3124 conceptio
922 3036 1012 3100 intei-

91 3123 199 3203 lectus,
222 3146 301 3212 quae
324 3142 369 3192 cst
393 3127 518 3192 interius
542 3128 689 3205 verbum,
711 3128 879 3213 sapientiae
896 3144 1012 3189 nomen

90 3211 230 3298 accipere
253 3215 340 3290 sciet,
363 3215 534 3280 secundum
569 3215 657 3279 illam
696 3216 826 3280 modum
863 3213 1012 3298 loquendi

89 3313 260 3385 quoactus
282 3317 313 3368 et
334 3305 452 3390 species
474 3303 652 3368 nominibus
674 3303 835 3369 habituum
858 3321 876 3365 a
898 3301 1011 3387 quibus

89 3389 262 3474 procedunt
286 3395 494 3469 nominantur;
509 3390 592 3477 quod
609 3393 692 3456 enim
707 3395 790 3477 juste
805 3390 840 3455 fit
855 3389 1011 3454 interdum

86 3476 205 3560 justitia
216 3479 337 3560 dicitur,
350 3494 380 3546 et
396 3481 478 3567 quod
491 3479 524 3545 fit
537 3479 654 3546 sortiter
669 3479 826 3562 fortitudo,
839 3492 869 3544 et
881 3498 1011 3564 genera·

136 3563 167 3630 S.
196 3565 251 3636 Tb.
276 3568 419 3636 Summae
440 3569 521 3636 tait.
546 3567 580 3637 V.
603 3569 634 3637 ὅ.
946 3567 966 3631 5
