2484 3975
208 218 276 286 5⁹28
499 240 555 286 tre.
582 239 620 287 ru
644 240 709 285 etr.
733 240 850 286 txxxrr.

204 308 377 374 secundum
401 309 588 375 voluntatem
614 331 631 374 e
655 310 722 375 Deo
745 330 851 374 eversa
875 322 905 375 et
928 309 989 375 line
1002 330 1129 397 proprio
1238 319 1239 322 ’

205 398 364 472 destituta,
388 418 497 464 eorum
521 418 650 484 corpora
665 418 728 463 nou
744 398 1027 486 eruntepiritueliu,
1040 400 1128 501 quasi

206 487 324 573 spiritui
348 488 475 552 omnino
498 487 649 572 subjecta,
671 486 726 551 sed
750 488 850 589 magle
879 507 988 552 eorum
1023 489 1127 553 anima

205 596 262 662 per
285 575 427 643 allectum
452 576 509 640 erit
532 576 674 640 carnalis.
698 575 791 640 Nec
783 597 848 662 ipsu
872 596 1001 662 corpora
1037 589 1129 641 erunt

205 664 310 749 agilia,
334 666 420 749 quasi
444 666 510 729 sine
534 663 711 729 difficultate
733 664 1052 742 animaeobcdieutim
1071 664 1128 729 ced

206 754 305 854 magis
327 766 417 819 erunt
441 752 613 839 ponderose
639 766 669 817 ct
691 754 794 837 gravia
825 766 856 817 et
895 752 1128 841 quodammodo

205 843 327 906 animae
352 841 572 928 importabilia,
594 841 672 906 sicut
695 855 725 906 et
747 842 830 927 ipsae
854 844 977 906 animae
993 862 1048 928 per
1059 863 1131 907 rno

204 930 391 996 bedientiam
419 950 435 994 a
460 931 526 994 [leo
550 944 621 995 sunt
647 950 781 995 auersae.
807 930 1129 996 Remanebuutetiem
1238 939 1239 966 ³

204 1020 358 1105 passibilia
383 1018 461 1083 sicut
484 1039 567 1083 nunc
591 1018 639 1083 rel
673 1020 765 1083 etiam
804 1019 914 1104 inagis,
949 1020 989 1083 ita
1022 1033 1129 1085 temen

204 1108 286 1194 quod
311 1107 611 1193 patienturquidom
636 1106 769 1172 erebus
802 1107 1000 1173 sensibilibus
1047 1107 1131 1173 alili·

204 1198 349 1274 ctionem,
373 1216 436 1260 non
461 1212 566 1261 tamen
608 1196 850 1282 corruptionem
884 1197 963 1261 sicut
985 1210 1016 1259 et
1050 1197 1131 1282 ipso·
1238 1189 1239 1242 l

202 1306 272 1349 rum
327 1286 449 1348 atrimae
488 1285 717 1371 torquebuntur
753 1304 770 1349 t
808 1284 938 1350 naturali
976 1284 1130 1351 desiderio

204 1371 400 1439 beatitudinis
424 1372 559 1439 totaliter
586 1373 757 1438 frustratae.
782 1372 878 1438 Erunt
900 1374 993 1437 etiam
1020 1394 1131 1440 eorum

203 1482 333 1547 corpora
365 1482 460 1548 opaca
484 1476 514 1527 et
536 1463 711 1539 tenebrose,
734 1462 813 1527 sicut
834 1476 986 1527 eteorum
1009 1465 1132 1528 animae

204 1573 221 1615 a
246 1550 363 1615 lumine
396 1550 517 1619 diuinae
540 1552 724 1635 cognitionis
746 1564 838 1615 erunt
852 1552 988 1616 alienae.
1013 1552 1049 1616 Et
1072 1552 1133 1627 boc

203 1639 355 1725 estquod
380 1639 542 1725 Apostolus
566 1640 649 1716 dicit,
672 1639 755 1726 quod
791 1660 895 1705 omues
923 1660 1130 1725 reeurpemut,

202 1730 257 1793 aad
280 1749 337 1792 nou
361 1749 465 1792 orrrues
484 1727 728 1805 immutabimur,
754 1728 767 1793 l
785 1729 823 1793 od
848 1728 986 1793 Corinth.
1007 1730 1058 1807 tlt,
1073 1729 1129 1808 bl,

203 1819 259 1883 soli
298 1817 381 1882 enim
406 1817 478 1881 boni
502 1816 747 1881 immutabuntur
768 1818 806 1881 td
819 1816 960 1900 gloriam,
973 1819 1127 1885 malorum

204 1927 277 1971 uero
302 1927 431 1993 corpora
456 1906 573 1991 absque
598 1904 695 1989 gloria
719 1918 890 1990 resurgent.

271 1997 363 2060 Forte
399 2009 504 2059 autem
538 1994 628 2060 alicui
665 2006 764 2080 petest
802 1994 992 2079 impossibile
1027 1996 1126 2062 uideri

204 2086 287 2171 quorl
320 2084 473 2148 malorum
508 2103 640 2169 corpora
664 2083 724 2147 sint
749 2083 915 2169 passibilia,
938 2104 1000 2148 non
1025 2098 1131 2150 tamen

203 2172 427 2259 corruptibilia,
450 2191 521 2237 cum
547 2173 650 2236 omnis
673 2171 775 2257 passio
792 2173 891 2256 magio
909 2171 987 2236 lama
1005 2173 1132 2257 abjiciat

203 2261 417 2328 asubstautia
443 2265 505 2346 (l);
530 2260 671 2325 uidemus
702 2260 786 2324 enim
827 2260 920 2346 quod,
957 2261 982 2325 si
1016 2282 1132 2347 corpus

202 2353 286 2416 diu
280 2372 310 2415 ru
336 2353 408 2435 igue
432 2363 624 2452 permaneat,
648 2348 781 2413 finaliter
802 2362 1016 2425 consumatum
1039 2350 1132 2417 dolor

203 2441 295 2504 etiam
321 2440 344 2503 si
367 2439 405 2503 sit
429 2440 520 2503 nimis
545 2440 695 2513 intensus,
720 2439 822 2503 anima
845 2458 861 2503 n
875 2459 1018 2540 corpore
1039 2460 1132 2526 sepa·

203 2543 298 2594 ratur.
323 2527 384 2592 Sed
409 2528 467 2592 hoc
491 2540 589 2592 totum
615 2525 737 2605 accidit,
758 2528 915 2613 supposita
942 2541 1132 2594 transmuta-

202 2617 320 2683 bilitate
360 2619 506 2680 materiae
544 2614 583 2679 tle
621 2613 768 2678 lorme
761 2635 791 2678 ru
830 2614 973 2680 lumnam.
1009 2616 1134 2703 Corpus

202 2722 306 2771 autem
347 2705 519 2769 humanum
560 2717 629 2788 post
667 2704 924 2768 resurrectionem
964 2724 1029 2769 nun
1069 2707 1131 2772 erit

202 2794 439 2860 transmutabile
462 2793 500 2857 de
525 2791 657 2858 lorum
649 2813 681 2855 m
704 2790 849 2865 formam,
865 2813 966 2877 neque
982 2795 1014 2857 in
1038 2793 1132 2860 bunio
1235 2832 1236 2855 2

202 2905 306 2970 neque
329 2884 359 2947 in
385 2882 485 2958 malis,
508 2881 579 2967 quia
604 2880 635 2945 in
652 2879 789 2964 utrisque
806 2882 937 2946 totaliter
953 2880 1134 2968 perficietur
1235 2944 1236 2957 ,

202 2975 241 3039 ab
265 2973 367 3037 anima
393 2984 543 3056 quatitum
582 2968 620 3034 ad
646 2987 714 3032 esse
748 2982 887 3047 naturae,
921 2970 961 3034 ita
1000 2983 1034 3034 ut
1063 2970 1134 3056 J'aut

201 3082 264 3128 nun
289 3063 327 3125 sit
351 3059 496 3146 possibile
520 3059 599 3123 banc
630 3056 763 3122 formam
789 3079 805 3120 a
831 3058 881 3122 tali
916 3077 1047 3144 corpore
1082 3079 1134 3123 re·

201 3152 319 3215 moveri
346 3169 446 3235 neque
464 3147 555 3212 aliam
570 3145 734 3224 introduci,
757 3146 859 3210 diuina
883 3146 994 3211 virtute
1015 3167 1133 3233 corpus

202 3240 323 3304 animae
349 3238 481 3302 totaliter
504 3234 701 3337 subjiciente
724 3235 806 3299 unde
832 3247 863 3299 ct
886 3236 1032 3321 potentia,
1048 3255 1133 3320 quac

202 3343 248 3392 est
272 3330 302 3392 iu
329 3329 426 3413 prima
462 3326 587 3389 materia
613 3322 652 3388 ad
680 3343 806 3389 omnem
836 3322 1011 3403 sormam,
1004 3344 1034 3388 tn
1057 3344 1133 3389 cor·

254 3450 294 3522 ll)
315 3447 407 3503 Omnis
425 3449 512 3514 persio
530 3447 616 3516 mepte
634 3445 733 3513 sactu...
752 3447 770 3500 i.
788 3463 811 3501 e.
830 3447 1025 3518 omnispessiu,
1042 3439 1136 3522 major

201 3521 279 3589 lucin,
298 3523 462 3572 transmutet
479 3518 664 3572 substantiam.
