2484 3975
409 257 464 303 tra.
487 255 528 301 rr.
550 254 614 300 aar.
638 255 699 300 xxi.
938 289 943 296 .
968 233 1013 300 99

96 344 233 392 oausam
260 322 443 390 efficientem
477 338 508 390 et
545 324 786 410 exemplarem:
821 323 853 391 in
890 342 1016 388 eausam

96 416 223 502 quidem
257 413 464 492 efficientem,
504 416 688 498 inquantum
726 411 839 477 virtute
863 411 1017 497 operativa

97 504 200 569 diviua
225 501 340 590 aliquid
365 503 396 566 iu
420 502 509 567 nobis
545 500 686 579 sllicitum
719 500 751 564 in
783 520 909 565 eausam
942 519 1016 565 vero

96 591 317 678 exemplarem,
341 591 513 656 seeundum
537 589 621 676 quod
645 590 675 654 id
699 587 782 676 quod
817 588 975 655 innubis
996 607 1016 654 a

95 681 164 746 Deo
187 693 233 746 est
255 680 358 766 aliquo
382 680 480 745 modo,
514 679 614 744 Deum
651 680 795 744 imitatur.
829 676 908 744 Cum
940 697 1016 764 ergo

96 770 207 835 eadent
230 770 326 834 virtus
350 767 389 832 sit
412 768 510 833 Patris
533 783 563 834 et
587 767 654 832 Filii
677 781 707 833 et
729 767 863 853 Spiritus
900 765 1016 840 Sancti,

95 860 175 924 siout
208 870 239 922 et
261 856 370 922 eadem
405 859 546 936 essentia,
585 868 707 943 oportet
740 855 825 941 quod
859 875 953 920 omne
983 858 1016 924 id

96 946 181 1033 quod
203 946 288 1010 Deus
311 945 342 1010 in
366 947 453 1010 uobis
476 946 567 1012 allicit
589 949 637 1024 sir,
660 946 739 1012 sieut
772 965 789 1010 a
823 965 915 1010 eausa
949 945 1027 1013 effi·-

96 1036 208 1112 oiente,
231 1035 322 1100 simul
346 1055 363 1099 a
386 1035 475 1100 Patre
498 1049 528 1100 ει
561 1034 639 1100 Filio
671 1048 702 1099 et
739 1032 855 1119 Spiritu
888 1033 1013 1114 Sancto;

98 1123 228 1189 verbum
252 1137 355 1190 tamen
377 1123 554 1210 sapientiae,
578 1144 640 1209 quo
663 1123 766 1188 Deum
799 1125 1015 1207 cognoscimus

96 1211 187 1278 uobis
211 1233 227 1276 a
251 1212 317 1276 Deo
340 1213 523 1290 immissum,
547 1227 593 1277 est
620 1213 743 1299 proprie
781 1216 1015 1298 repraesentati·

96 1321 169 1367 vum
193 1300 270 1378 Filii;
295 1314 326 1366 et
348 1300 489 1366 similiter
504 1323 611 1385 ¹arnor,
634 1321 696 1386 quo
720 1302 822 1366 Deum
848 1300 1017 1386 diligimus,

96 1402 143 1454 est
166 1391 324 1476 proprium
348 1391 644 1476 repraesentativum
680 1389 810 1478 Spiritus
844 1389 956 1455 Sanoti.
981 1393 1017 1457 Et

94 1479 139 1542 sic
162 1479 292 1544 charitas
315 1499 394 1564 quae
418 1479 449 1542 in
472 1481 562 1544 nobis
585 1491 643 1553 est,
666 1479 736 1544 licet
758 1480 797 1544 sit
812 1478 937 1544 effeetus
960 1481 1018 1546 Pa·

93 1567 148 1632 tris
184 1581 214 1632 et
240 1567 316 1631 'Filii
355 1580 385 1632 ει
423 1566 554 1653 Spiritus
592 1567 705 1642 Sancti,
744 1565 848 1632 tamen
882 1568 1017 1654 quadam

93 1655 219 1741 speciali
243 1658 360 1720 ratione
384 1655 496 1722 dieitur
520 1676 588 1722 esse
615 1657 647 1722 iu
670 1656 761 1723 nobis
783 1677 838 1743 per
867 1655 1014 1744 Spiritum

93 1744 251 1810 Sanctum.
805 1744 807 1751 '
1024 1824 1026 1827 Ι

161 1833 239 1914 Quia
263 1851 335 1898 vero
376 1832 501 1899 allectus
541 1833 635 1902 diuini
674 1855 736 1898 noo
774 1833 875 1905 solum
909 1833 1012 1901 diviua

92 1923 271 2009 operatione
294 1940 362 1986 esse
384 1921 542 2009 incipiunt,
565 1921 620 1989 sed
643 1924 736 1989 etiam
771 1943 826 2010 per
862 1944 932 1990 eam
966 1936 1012 1991 te·

91 2025 205 2075 nentur
228 2012 258 2075 in
281 2031 359 2086 esse,
383 2025 415 2077 ut
427 2032 464 2077 er
479 2012 691 2100 superioribas
703 2024 796 2098 patet,
813 2014 889 2080 uiliil
906 2027 1010 2080 autem

91 2100 214 2185 operari
238 2112 336 2185 potest
359 2100 410 2165 ubi
436 2122 497 2167 nou
521 2115 568 2166 est
592 2112 728 2187 (oportet
756 2102 841 2167 euim
868 2123 1011 2189 operans

93 2202 125 2253 et
149 2202 310 2274 operatum
334 2189 365 2252 in
388 2184 459 2254 {retu
482 2209 550 2255 esse
573 2190 677 2268 simul,
716 2190 794 2260 siout
831 2212 959 2257 movens
981 2204 1013 2256 et

92 2275 238 2365 motum),
272 2296 398 2342 neeesse
436 2290 492 2355 est,
525 2291 557 2343 ut
591 2279 780 2365 ubicumque
817 2292 864 2345 est
903 2280 1013 2366 aliquis

93 2365 218 2431 effectus
242 2365 310 2441 Dei,
333 2367 375 2430 ibi
397 2366 435 2431 sit
458 2380 489 2430 et
519 2367 584 2451 ipse
620 2367 704 2431 Deus
741 2367 878 2433 effector.
916 2367 1016 2446 Unde,

93 2474 166 2519 euru
190 2454 332 2531 charitas,
355 2474 416 2539 qua
445 2454 547 2525 Deum
585 2454 752 2539 diligimus,
787 2458 827 2522 sit
859 2456 891 2522 iu
924 2456 1013 2541 uobis

94 2562 150 2629 per
173 2541 322 2628 Spiritum
344 2542 502 2619 Sanctum,
540 2556 661 2628 oportet
693 2544 780 2629 quod
818 2545 885 2630 ipse
918 2545 1013 2611 etiam

11 2624 12 2633 ’
93 2632 224 2718 Spiritus
248 2630 377 2697 Sanetus
400 2633 431 2695 in
455 2631 543 2696 nobis
567 2632 614 2709 sit,
638 2632 787 2716 quamdiu
824 2634 955 2699 charitas
978 2633 1011 2699 iu

11 2722 12 2801 Q
94 2720 183 2785 nobis
206 2732 260 2785 est.
286 2719 373 2785 Unde
396 2720 557 2807 Apostolus
580 2720 662 2786 dicit:
684 2720 912 2805 Nescitisqttio
935 2734 1011 2789 tem·

11 2866 12 2893 ,
90 2811 180 2894 plum
202 2810 263 2875 Dei
284 2810 367 2885 eatis,
391 2808 582 2894 erspiri'rm
606 2809 665 2873 Dei
678 2808 801 2875 habitat
822 2810 855 2875 in
891 2811 1010 2878 uobis?

92 2901 107 2965 l
135 2896 217 2975 Cor„
241 2899 272 2977 ὅ,
298 2898 348 2967 16.
372 2897 467 2963 Cum.
482 2898 574 2983 igitur
598 2919 654 2984 per
677 2897 825 2985 Spiritum
863 2899 1009 2969 Sanctum

11 2980 13 3067 [
91 2989 148 3055 Dei
172 3004 324 3053 amatores
347 2986 526 3062 ellioinmor,
550 3006 645 3051 omne
679 3001 783 3053 sutem
816 3004 953 3055 amatum
977 3008 1010 3054 m

92 3090 216 3143 amante
238 3090 293 3154 est,
317 3077 500 3161 inquantum
524 3076 719 3160 hujusmodi,
732 3098 856 3143 neeesse
871 3075 1011 3163 estquod

11 3160 13 3171 ’
93 3187 149 3255 per
172 3164 320 3252 Spiritum
354 3166 501 3229 Sanctum
537 3162 628 3229 Pater
662 3166 756 3230 etiam
790 3178 820 3230 et
854 3164 946 3231 Filius
979 3166 1011 3231 iu

11 3312 12 3349 ,
94 3254 184 3321 nobis
209 3254 355 3320 habitent.
380 3251 467 3317 Unde
490 3253 643 3319 Dominus
665 3252 748 3319 dieit:
771 3254 822 3319 Au
858 3273 928 3318 oum
963 3274 1016 3318 oe-

95 3344 226 3422 nientus,
258 3342 372 3409 scilieet
406 3341 585 3425 diligentem
614 3341 728 3420 Deum,
762 3356 792 3407 et
824 3342 1017 3408 monsionem

92 3433 457 3589 ,t
474 3430 736 3589 ιιιιιι
750 3430 1020 3591 r„

97 3611 193 3677 dedit
207 3540 345 3692 nobiaql
370 3610 473 3691 ioan,
495 3609 528 3693 5,
550 3607 602 3677 ll.
710 3579 715 3587 ’
816 3540 840 3610 p
929 3542 949 3609 q
