2484 3975
326 213 364 258 ne
386 187 570 260 susstinens
595 211 750 258 saetosus
943 195 1007 264 499

91 279 254 347 secundnm
278 300 370 368 qnam
394 295 574 367 competunt
607 283 651 346 eis
674 281 803 345 diuersa.
838 279 871 346 ln
907 286 1006 368 prima

91 373 175 456 igitur
198 392 301 434 rerum
326 372 539 454 productione,
555 372 639 436 Deus
656 370 774 434 tliversa
787 383 817 434 et
833 371 1005 456 inaequalia

92 464 206 524 inesse
228 459 382 544 produxit,
405 460 566 524 attendens
589 456 627 523 all
641 459 670 522 id
695 457 777 544 qnod
795 461 921 545 requirit
939 483 1007 548 per·

91 549 175 614 tectio
197 551 340 623 universi,
355 570 416 615 nou
440 547 479 612 ad
496 550 630 635 aliquam
648 548 852 612 diversitatem
869 550 897 612 in
913 555 1005 618 rebus

90 639 351 724 praeexistentem
375 637 430 702 seri
454 638 514 702 hoe
537 636 666 702 attendit
690 638 721 702 in
755 641 1005 723 remuneratione

87 725 182 791 finalis
201 725 322 810 judicii,
347 727 515 812 unicuique
536 726 711 792 retribuens
725 725 898 792 seeundum
920 729 1004 816 quod

89 829 206 881 meruit.
1023 833 1025 842 ⁴

404 988 574 1058 CAPUT
608 990 685 1058 Xlll.

131 1169 469 1254 Opiniouusereotiunt
497 1169 726 1252 prouidentiam
749 1189 770 1234 a
792 1169 857 1233 Deo
881 1180 911 1235 et
932 1174 1001 1239 stib-

175 1260 299 1324 atuntiis
320 1259 487 1342 saporatis,
509 1270 539 1324 et
560 1259 625 1344 ejus
640 1257 827 1342 reprobatio.

148 1437 215 1503 Non
238 1435 339 1502 solum
362 1449 465 1502 autem
489 1435 519 1499 in
542 1435 709 1502 substantia
734 1449 764 1500 et
787 1435 896 1518 ordine
918 1438 1004 1522 spiri-

83 1526 210 1592 tualium
234 1525 475 1591 substantiarum
498 1524 591 1610 aliqui
615 1539 805 1602 erraverunt,
820 1527 857 1590 ad
875 1526 1003 1592 modum

83 1616 262 1682 inferiorum
285 1635 390 1678 rernm
413 1614 452 1676 de
467 1613 511 1676 eis
527 1615 746 1692 existimantes,
760 1615 813 1678 setl
832 1616 890 1679 hoc
906 1616 1001 1680 etiarn

81 1700 263 1792 quibusdam
287 1703 397 1768 accidit
418 1703 496 1766 eirea
511 1703 714 1785 signationem
732 1717 762 1767 et
774 1704 999 1788 providentiam

80 1793 269 1860 earumdem.
303 1791 386 1855 Dum
419 1793 501 1856 enirn
529 1792 734 1876 spiritualium
758 1792 997 1858 substantiarum

80 1882 312 1966 intelligentiam
335 1895 366 1945 et
388 1879 599 1965 operationem
627 1882 666 1942 ad
691 1880 817 1945 randum
843 1884 998 1946 humanae

79 1970 297 2055 intelligentiae
332 1982 362 2035 et
396 1968 583 2055 operationis
617 1969 786 2053 dijudicare
823 1969 997 2051 voluerunt,

78 2073 247 2147 posuerunt
272 2059 426 2123 Deumet
449 2057 522 2123 alias
558 2058 743 2123 substantias
779 2060 997 2125 immateriales

78 2150 282 2235 singularium
304 2146 511 2230 cognitionem
526 2167 588 2212 non
604 2147 729 2225 habere,
746 2168 803 2211 nec
816 2148 997 2215 inferiorum

77 2253 109 2306 et
132 2239 297 2323 praecipue
319 2237 528 2301 humanorum
551 2250 675 2302 actuum
700 2237 922 2322 providentiam
947 2258 999 2324 ge·

75 2348 157 2393 rere.
989 2338 998 2359 ⁸

145 2415 226 2499 Quia
250 2413 334 2479 enim
358 2412 388 2480 in
412 2412 502 2479 nobis
516 2412 720 2498 singularium
742 2412 866 2500 quidem
890 2434 999 2483 sensus

77 2518 136 2578 est.
160 2495 332 2569 intellectus
366 2515 469 2566 autem
484 2515 618 2588 propter
639 2502 687 2567 sni
711 2501 999 2585 immaterialitatem

75 2616 143 2661 uon
165 2591 445 2677 singulariumseti
473 2592 690 2655 universalium
725 2606 782 2665 est,
805 2612 998 2678 consequens

74 2703 148 2749 esse
169 2683 419 2747 existimaverunt
443 2692 475 2743 ut
498 2680 668 2752 intellectus
682 2680 921 2746 substantiarum
937 2682 998 2769 spi·

72 2771 247 2848 ritualium,
271 2770 323 2856 qui
347 2781 417 2831 sunt
440 2768 536 2834 multo
559 2768 760 2855 simpliciores
783 2785 888 2835 nostro
910 2770 998 2835 intel·

76 2862 174 2938 lectu,
198 2858 364 2943 singularia
395 2876 581 2939 cognoscere
605 2878 668 2921 non
692 2860 817 2944 possint.
851 2859 918 2925 Non
952 2872 999 2925 est

73 2965 185 3015 autem
210 2949 240 3012 in
266 2946 443 3013 substantiis
464 2946 683 3032 spiritualibus,
704 2968 775 3011 cum
799 2948 997 3015 sintomnino

71 3040 293 3125 incorporeae,
315 3034 425 3120 aliquis
447 3054 566 3113 sensus,
589 3038 676 3119 orins
699 3036 912 3122 operatinsine
930 3056 1004 3102 eor-¹

70 3148 157 3215 pore
179 3147 248 3191 esse
271 3146 334 3189 non
358 3136 466 3209 potest.
492 3124 580 3191 Unde
601 3128 721 3190 videtur
744 3126 788 3189 eis
810 3126 999 3211 impossibile

69 3215 162 3302 quod
185 3213 357 3303 spirituales
380 3212 568 3279 substantiae
586 3213 722 3299 aliquam
738 3209 777 3278 de
792 3212 1001 3299 singularibus

70 3306 223 3374 notitiam
245 3304 388 3369 habeant.
966 3350 969 3359 s

142 3394 265 3471 Adhuc,
289 3393 321 3457 ln
346 3387 496 3472 majorem
520 3390 672 3459 insaniam
694 3389 766 3456 inda
787 3392 1003 3479 procedentes,

68 3482 255 3553 existimant
281 3482 381 3576 Deum
404 3477 480 3547 nihil
501 3480 562 3548 uisi
591 3480 727 3571 seipsum
759 3482 927 3549 intellectu·v
941 3503 1002 3563 „ee-
