2484 3975
211 182 278 276 li52
486 257 489 261 ¹
563 175 753 250 'unuscunulr
863 219 866 228 ·

205 271 246 336 ub
268 272 367 351 initio,
388 269 531 337 diabolus
551 285 658 354 percat
675 273 721 358 (l
747 272 878 348 innon,
901 271 936 350 5,
955 270 1017 357 8),
1047 269 1130 336 rele-

207 377 278 428 tcns
302 362 361 428 boc
383 360 422 425 ad
446 361 565 426 initium
587 381 650 447 quo
689 361 801 447 incepit
835 379 973 446 peccare,
1006 360 1054 424 rel
1087 359 1129 426 atl
1232 357 1233 384 ¹

207 451 327 519 initium
350 449 533 516 conditionis
557 451 722 524 humanas,
743 469 806 535 ¹quo
829 451 990 536 deceptum
1025 450 1130 514 bomi-

208 558 282 605 nem
303 538 500 624 spiritualiter
520 538 642 605 occidit.
664 573 709 588 -
730 538 806 604 lluic
828 552 929 604 autern
960 539 1133 604 sententiae

209 647 380 692 consonare
402 627 522 692 videtur
545 626 768 712 platonicorum
791 626 906 712 opinio,
928 628 980 714 qui
1003 627 1131 692 dactus·

164 758 169 764 -
209 736 284 780 uum
308 714 458 801 quosdam
479 717 589 793 bonos,
611 718 760 802 quosdam
784 716 881 782 malos
903 715 1020 793 dicunt,
1041 715 1132 799 quasi

210 824 264 868 eos
287 805 412 890 proprio
434 803 560 870 arbitrio
583 805 682 870 bonos
705 806 750 869 rel
774 803 871 870 malos
898 802 1004 870 lectos.
1044 803 1132 872 Unde

211 907 242 957 et
262 891 413 972 Plotinus,
430 893 557 958 ulterius
578 895 758 980 procedens,
781 891 855 958 ilitir
877 893 995 960 animas
1028 891 1133 956 bouri-

209 1000 287 1070 num
309 981 476 1048 daemones
496 1001 575 1059 csse,
592 995 628 1048 et
651 1003 688 1050 cr
712 983 888 1050 bominibus
926 982 990 1050 lieri
1028 980 1133 1056 Lares,

210 1071 236 1140 si
258 1071 359 1135 meriti
383 1070 455 1146 boni
477 1086 559 1148 sunt,
579 1068 726 1138 Lemures
760 1083 878 1149 aurun,
910 1071 934 1136 si
958 1067 1043 1147 mali,
1076 1090 1133 1136 seu

212 1159 335 1237 Laruas3
356 1158 460 1224 lllanes
482 1173 584 1224 autem
607 1180 661 1225 cos
683 1160 765 1237 dicit,
788 1159 813 1227 si
836 1158 985 1228 incertum
1009 1172 1055 1223 est
1078 1157 1133 1222 bo·

212 1268 323 1312 nurum
348 1267 401 1312 eos
423 1268 478 1312 seu
499 1250 742 1314 malorumesse
766 1249 957 1325 meritorum,
979 1247 1058 1312 sieut
1073 1248 1134 1312 tlu-

210 1338 350 1421 gustinus
373 1336 439 1422 (dc
462 1336 546 1404 civit.
560 1336 628 1414 Dei,
652 1338 703 1402 tu
719 1336 920 1426 )introtlucit.
932 1337 991 1418 Qui
1004 1334 1132 1419 quidctn

211 1438 361 1510 quantum
384 1425 423 1490 ud
446 1425 505 1490 lrnc
534 1428 721 1511 praemissae
756 1425 938 1490 Sanctorum
972 1425 1133 1490 assertioni
1233 1459 1234 1462 ¹

213 1515 389 1593 concordat,
413 1516 494 1600 quod
519 1535 574 1602 pro
598 1515 715 1580 meritis
739 1515 826 1581 bouis
850 1514 896 1580 vel
913 1512 1133 1598 malisaliquns

212 1601 381 1674 daemones
404 1603 501 1668 bones
523 1603 572 1669 uel
594 1603 692 1668 malos
714 1623 781 1670 esse
803 1618 955 1678 asserunt,
992 1603 1133 1686 quamvis

214 1712 275 1756 nun
299 1692 338 1757 sit
359 1707 482 1758 nostrae
504 1692 733 1760 consuetudinis
756 1691 839 1777 quotl
877 1692 975 1758 bonos
1008 1690 1133 1774 spiritus

215 1778 392 1855 daemones,
414 1781 469 1846 sed
480 1780 666 1866 Angelorum
680 1782 804 1849 nominc
815 1780 1022 1854 nominemus
1037 1798 1134 1862 quan·

215 1881 280 1934 tum
304 1889 376 1934 tero
399 1869 438 1934 ad
462 1870 520 1934 boc
542 1872 625 1956 quod
649 1871 723 1937 dixit
744 1869 1035 1936 animasirotninum
1051 1887 1133 1932 mor-

215 1970 337 2025 tuorum
362 1957 428 2024 lieri
450 1957 630 2037 daemones,
652 1973 698 2029 est
729 1979 858 2028 erronea
894 1957 1012 2049 positio.
1048 1954 1133 2023 llnrle

213 2040 449 2131 chrysostomus
473 2048 558 2123 dicit,
578 2068 737 2135 exportans
760 2049 889 2132 idquod
905 2047 1046 2113 liabetur:
1062 2045 1131 2111 Duo
1234 2086 1235 2103 2

212 2135 357 2200 babentes
378 2138 543 2202 doemonio
562 2140 602 2201 dc
625 2138 826 2205 rnonuurenlt'r
841 2148 981 2203 coeuntes
995 2135 1133 2220 (Macrin

213 2223 346 2305 8,·98):
377 2253 390 2283 ι
413 2225 472 2291 Per
495 2226 555 2292 boc
579 2228 723 2312 (inquit)
748 2224 831 2312 qnod
852 2226 994 2291 subditur
1015 2224 1132 2287 demo-

212 2314 366 2378 rrnmenrr'r
389 2326 541 2390 ereunlcr,
578 2317 784 2401 perniciosum
822 2315 935 2397 dogma
972 2315 1132 2397 imponere

213 2401 358 2469 solebant
379 2402 465 2489 quod
486 2406 608 2470 uninrae
631 2402 827 2474 morientium
857 2402 1024 2469 daemones
1048 2400 1132 2477 lianc

214 2491 339 2557 undeet
354 2492 442 2557 mulii
465 2495 640 2579 aruspicum
656 2491 799 2560 occidunt
811 2508 934 2577 pueros,
950 2504 981 2555 ut
994 2490 1133 2555 anirnaut

214 2599 322 2647 eurum
344 2593 561 2667 cooperantem
586 2582 730 2657 habesne
753 2579 981 2666 propterquod
1004 2594 1035 2643 et
1061 2577 1137 2643 dau·

215 2668 346 2740 moniaci
369 2668 512 2733 clamant:
535 2669 689 2750 Quoniam
713 2672 815 2737 anima
837 2668 919 2735 illius
954 2686 1014 2751 ego
1051 2686 1133 2735 sum.
1234 2690 1235 2697 ¹

126 2782 131 2791 ¹
215 2754 281 2842 lion
302 2772 351 2823 est
373 2771 475 2823 autem
499 2758 603 2823 auium
640 2757 773 2827 defuncti
809 2776 887 2842 quac
920 2754 1041 2833 clamat,
1078 2754 1132 2823 sed

217 2842 349 2918 ducrum
374 2846 432 2911 boc
454 2846 541 2931 fingit
563 2860 597 2911 ut
618 2847 749 2934 decipiar
786 2846 955 2921 audientes
988 2845 1014 2909 si
1047 2846 1133 2909 euim

211 2932 243 2995 in
267 2932 392 2999 alterius
414 2955 529 3020 corpus
555 2934 691 3001 utrimam
726 2940 839 3001 mortui
876 2932 1019 3020 passibile
1051 2946 1133 2999 essct

212 3024 335 3100 intrare,
359 3023 577 3106 multomagis
600 3022 766 3111 incorpus
799 3044 901 3089 suum.
935 3023 997 3087 Seu
1032 3042 1132 3106 oeque

210 3109 303 3174 lrabet
325 3111 475 3177 rationem
510 3112 613 3197 iniqua
648 3133 769 3199 passam
803 3114 938 3181 aninam
971 3112 1130 3195 cooperari

210 3199 319 3284 iniqua
338 3199 396 3265 sibi
420 3198 553 3278 facienti,
578 3201 626 3267 rel
663 3202 822 3271 hominem
859 3220 949 3285 posse
986 3200 1128 3267 virtutem

210 3290 421 3374 incorpoream
445 3289 476 3355 iu
498 3288 589 3355 aliam
613 3304 817 3357 transmutare
835 3288 1050 3365 substantiam,
1072 3289 1130 3362 sci·

209 3374 280 3441 licet
301 3378 437 3441 animam
460 3378 491 3443 in
514 3379 714 3447 substantiam
738 3378 906 3445 daemonis.
929 3376 1136 3462 Nequecur'ut.

211 3465 242 3527 in
264 3465 444 3549 corporibus
466 3467 527 3532 lton
548 3467 718 3543 machinari
740 3469 816 3554 quis,
830 3480 931 3555 potest
950 3479 996 3554 gut
1019 3467 1053 3534 iu
1069 3468 1127 3558 ‚bo-
