2484 3975
369 208 406 250 ou
430 207 614 252 siasrtrtrus
637 204 791 250 sananlrts
979 185 1044 252 ritu

114 270 217 336 Deum
241 275 447 359 exponebant,
481 275 647 361 Dionysius
682 274 755 338 dicit
784 273 841 338 «in
865 273 1044 340 substantiis

115 360 325 444 spiritualibus
348 365 517 450 procedere
539 363 622 448 quoti
640 376 710 427 sunt
734 376 764 427 ct
788 365 892 427 vivunt
908 378 937 428 et
951 363 1044 429 intel·

116 448 226 532 ligant,
250 465 279 514 et
302 455 405 517 urnula
429 453 488 518 alia
514 452 691 554 hujusmutli
730 451 769 517 ad
806 471 913 517 aarum
941 451 1045 537 pecie

114 539 251 603 ctionem
276 542 457 643 pertinentia
481 542 521 606 ab
545 562 580 606 ea
607 541 823 605 sortiuntur».
848 540 881 604 Et
905 539 998 606 idem
1010 561 1043 606 e

114 627 191 691 tiam
214 628 372 715 replicat
365 652 396 695 rn
419 631 550 714 singulis
578 611 729 715 capitulis,
752 629 918 695 ostendeus
956 631 1041 714 quod

114 715 156 781 ab
178 735 248 780 esse
270 717 373 783 divino
397 719 512 785 babent
534 720 617 822 quod
641 719 712 791 sint,
736 731 764 781 et
799 739 817 782 a
857 717 916 785 tila
940 718 1042 786 diviua

113 804 235 870 babent
258 807 342 892 quod
366 807 479 885 vivant,
502 821 534 874 et
557 809 600 873 siu
624 807 663 871 dc
686 808 823 873 cacteris.

115 894 232 958 Est
254 910 357 960 autern
380 897 564 962 christianae
599 897 758 961 doctrinae
798 894 987 965 contrarium
1012 909 1044 964 ut

113 982 159 1048 sie
182 983 323 1048 dicantur
345 987 519 1071 spirituales
542 986 729 1050 substantiae
752 1007 768 1049 a
792 1005 914 1056 summa
930 985 1043 1051 deitate

113 1073 267 1155 originem
291 1075 412 1138 trahere
435 1076 518 1159 quod
542 1073 656 1139 luerint
681 1074 719 1139 ab
735 1088 873 1150 aeterno,
886 1078 962 1138 sicut
980 1075 1043 1160 pla·

112 1162 208 1226 tonici
231 1175 261 1225 et
284 1164 474 1247 peripatetici
498 1177 679 1250 posuerunt;
704 1165 757 1226 sed
784 1164 842 1228 boc
881 1163 974 1228 babet
997 1185 1044 1228 as·

111 1250 208 1314 sertio
231 1252 400 1316 catholicae
422 1251 495 1316 fidei
518 1252 601 1338 qnod
614 1267 783 1338 coeperunt
800 1273 866 1316 esse
881 1267 1042 1337 postquam

111 1339 199 1424 prius
219 1360 283 1404 uon
307 1340 438 1406 lucrant.
463 1340 552 1405 Unde
574 1342 693 1407 dicitur:
718 1341 828 1406 Laome
842 1342 873 1404 in
890 1343 1044 1408 succisum

111 1428 219 1492 oculos
239 1444 367 1506 uestros,
390 1442 420 1494 et
441 1431 542 1494 videte
564 1433 633 1516 quis
656 1431 771 1494 creauit
800 1430 875 1496 ltuec
911 1430 932 1514 (
944 1431 1016 1495 lsai.
1031 1481 1062 1508 ,,,

114 1517 170 1594 tu,
192 1517 273 1601 ab),
295 1520 410 1584 scilicet
431 1522 591 1604 superiora
626 1521 741 1595 omnia,
763 1532 794 1582 et
819 1539 857 1584 ne
893 1519 1042 1604 iutellige-

115 1621 203 1670 rctur
224 1607 264 1670 de
285 1609 496 1693 corporalibus
519 1609 632 1685 solum,
666 1607 778 1672 subtlit:
806 1610 865 1687 Qui
888 1609 990 1672 educit
1011 1611 1043 1674 itt

113 1715 243 1758 numero
276 1697 422 1760 militium
457 1699 546 1764 caeli.
584 1697 669 1762 Solet
707 1715 810 1761 autern
851 1717 935 1760 sacra
961 1696 1041 1760 Seria

114 1797 206 1870 plura
229 1786 391 1849 nominare
415 1787 553 1851 militiam
577 1785 653 1850 caeli
680 1785 883 1871 spiritualium
901 1785 1042 1850 substan

113 1873 227 1938 tiorum
250 1874 414 1939 caelestem
439 1876 617 1952 exercitum,
631 1891 761 1959 propter
775 1893 882 1938 earum
899 1873 1041 1940 ordinem

113 1974 144 2027 et
168 1961 311 2028 uirtutem
336 1964 365 2028 in
390 1964 572 2053 exequendo
596 1961 1042 2040 vuluntatemtlitinarmunde

112 2050 225 2115 dicitur
246 2053 439 2138 quud-sacta
460 2065 506 2119 cst
527 2073 596 2118 cnm
618 2052 734 2134 Anpclo
769 2054 937 2117 multitudo
959 2054 1041 2117 rnili-

113 2142 175 2205 tirte
198 2143 339 2207 coelestis
360 2142 462 2224 (Luc.
487 2144 518 2215 2,
545 2143 585 2207 lb
604 2144 628 2224 ).
653 2143 749 2207 Datur
786 2142 878 2225 igitur
897 2141 1041 2225 'intelligi

111 2250 176 2293 nun
199 2230 299 2295 sulum
323 2251 464 2317 corpora,
487 2232 541 2296 sed
565 2232 658 2296 etiam
671 2230 845 2315 spirituales
859 2231 1043 2298 substantias

112 2339 169 2403 per
192 2320 378 2383 creationem
402 2319 443 2383 de
466 2342 528 2385 non
551 2340 620 2385 esse
643 2321 673 2384 in
697 2340 765 2385 csse
789 2317 882 2383 luisse
906 2318 1042 2395 eductas,

111 2408 284 2471 secundum
310 2409 395 2472 illutl:
427 2409 520 2474 Vocet
541 2431 579 2475 eu
600 2428 681 2492 quac
703 2429 764 2471 auu
786 2418 866 2485 aurit,
883 2419 1042 2492 tanlquam

112 2516 150 2561 ea
173 2516 251 2579 qttne
276 2498 499 2582 suut(1lom.‚
523 2498 554 2574 l,
580 2499 663 2582 tt).
700 2534 744 2557 ··.·
781 2496 867 2559 Untle
905 2512 936 2560 et
970 2497 1043 2561 Diua

111 2588 218 2669 nysius
241 2587 419 2673 dicitquod
449 2615 464 2645 ι
487 2608 548 2652 nun
573 2588 701 2651 omnino
724 2598 755 2648 et
794 2584 933 2650 absolute
958 2586 1043 2669 inge.-

111 2675 174 2737 nita
197 2687 228 2737 et
250 2696 322 2740 rere
345 2690 470 2740 aeterna
495 2676 609 2758 ubique
633 2694 718 2739 sacra
732 2673 889 2757 Scriptura
904 2676 1043 2745 nominat

110 2775 248 2839 aeterna,
268 2764 325 2828 sed
350 2763 593 2849 incorruptibilia
616 2778 647 2827 ct
671 2762 854 2827 immortalia
869 2777 898 2827 et
911 2765 1041 2829 existcnss

110 2852 151 2915 tia
174 2853 286 2916 eudem
311 2854 405 2917 modo
428 2854 571 2942 (scilicet
588 2853 727 2917 nominat
740 2866 863 2917 aeterua
883 2856 895 2935 )
920 2854 1044 2927 »;sicut

109 2941 236 3024 quando
259 2941 342 3006 dicit:
366 2941 550 3019 struamus,
574 2954 684 3028 portae
703 2942 881 3005 .ueternules
897 2941 1042 3025 (Pacta,
1127 2978 1132 3001 .

110 3029 165 3105 25,
188 3030 235 3115 7)
257 3046 288 3095 et
310 3031 432 3106 similia,
455 3031 539 3116 quod
578 3031 712 3094 maxime
748 3028 868 3093 videtur
892 3031 931 3093 de
954 3031 1042 3116 spiri·

109 3118 247 3183 tualibus
270 3119 446 3185 substantiis
469 3121 597 3194 dictum;
631 3132 661 3182 et
685 3132 789 3204 postea
823 3118 936 3183 subdit:
967 3117 1045 3183 «οΓ

110 3220 214 3293 portet
236 3208 327 3292 igitur
350 3228 412 3272 nott
435 3208 617 3293 simpliciter
639 3222 802 3271 coaeterna
826 3206 904 3284 Deo,
931 3208 1043 3293 quiesi

110 3310 183 3360 ante
206 3317 327 3399 aevum,
350 3297 492 3361 arbitrari
530 3310 654 3359 aeterna
691 3294 825 3358 dicta».
861 3293 923 3360 Sed
957 3316 1044 3361 sacra

110 3383 311 3469 Scripturas
304 3408 334 3449 in
358 3384 482 3460 Genesi,
504 3384 670 3473 loquens,
660 3382 698 3459 de
713 3403 866 3474 principio
880 3400 1043 3449 creationis

107 3492 226 3554 rerum,
250 3475 289 3541 de
319 3473 525 3561 spiritualium
563 3464 810 3539 subslantiarum
828 3473 1043 3563 productione
