2484 3975
203 222 267 289 546
512 242 568 286 ιιιι.
594 242 630 286 ιι.
654 241 718 287 ιιι.
743 240 831 286 xcvo.
866 263 868 276 ·

199 313 314 400 cipiuro
337 324 441 376 autem
466 310 548 377 illius
571 325 673 375 motus
708 325 754 374 est
791 308 900 397 aliquis
939 306 1119 389 intellectus,

200 417 234 467 ut
256 414 412 467 ostensum
434 399 485 487 (l.
510 400 541 473 5.
565 420 591 465 c.
618 400 698 485 bb).
722 399 861 474 Moretur
884 398 977 481 igitur
998 398 1117 463 caelum

198 490 276 557 sieut
298 509 334 555 ea
357 508 437 576 quac
461 508 477 553 a
502 488 658 554 uoluntate
672 500 846 565 moverrtur;
862 486 1119 552 voluntasautem

199 591 304 644 mouet
325 591 452 664 propter
475 576 580 642 finem.
605 578 687 643 Finis
711 591 813 641 autem
839 591 941 640 motus
963 576 1041 641 caeli
1057 596 1119 641 noo

199 680 299 769 potest
322 686 390 731 esre
412 668 514 752 ipsum
539 668 668 741 moveri3
683 678 785 730 motus
808 666 904 741 enim,
914 684 1122 751 eumsemper
1235 671 1236 676 ’

199 756 231 820 in
255 754 337 821 aliud
362 754 479 829 tendat
502 755 682 821 nonhabet
719 755 870 819 rationem
906 752 1005 818 ultimi
1043 753 1121 819 finis.

198 844 266 909 Non
289 857 389 930 potest
413 842 473 907 dici
498 842 582 929 quod
607 844 676 909 linis
698 844 838 908 caelestia
876 856 978 907 motus
1014 842 1055 907 sit
1091 856 1127 907 ιιι

199 954 324 1035 corpus
349 930 482 997 caeleste
517 931 685 997 reducatur
720 930 892 997 seeundum
931 930 985 995 ubi
1006 931 1048 996 de
1069 951 1125 1016 po·

199 1022 291 1089 tentia
316 1021 346 1085 in
372 1034 486 1099 actum3
512 1020 584 1105 quia
602 1022 679 1086 haec
694 1021 829 1109 potentia
847 1038 1006 1105 nunquam
1023 1033 1125 1105 potest

198 1124 262 1176 tota
285 1111 316 1175 in
341 1122 442 1175 actum
467 1108 585 1188 reduci,
619 1111 702 1213 qnia,
736 1108 810 1173 dum
845 1128 958 1194 corpus
991 1109 1124 1173 caeleste

199 1214 245 1265 est
268 1210 337 1264 actu
361 1199 391 1262 in
418 1219 479 1263 uno
503 1198 556 1262 ubi
578 1212 623 1263 est
647 1200 677 1263 in
702 1198 836 1283 potentia
860 1196 899 1262 ad
926 1196 1022 1275 aliud,
1044 1198 1125 1263 sieut

199 1300 247 1353 est
270 1287 310 1353 de
333 1287 467 1373 potentia
492 1288 640 1352 materiae
653 1306 770 1374 primae
782 1301 922 1372 respectu
938 1283 1122 1362 lor-marum.

199 1375 285 1442 Sicut
308 1376 402 1459 igitur
426 1375 495 1440 finis
519 1388 650 1441 naturae
673 1376 704 1439 io
745 1379 944 1459 generatione
977 1394 1041 1440 noo
1076 1387 1123 1439 est

198 1464 349 1530 reducere
372 1465 535 1529 materiam
559 1464 598 1529 de
623 1464 759 1549 potentia
784 1464 815 1527 io
854 1475 967 1541 actum,
990 1462 1046 1528 sed
1069 1462 1124 1528 ali·

198 1552 273 1640 quid
297 1552 380 1638 quod
405 1552 443 1617 ad
467 1554 527 1618 boc
550 1554 761 1638 consequitur,
798 1551 911 1617 seilicet
934 1552 1123 1638 perpetuitas

197 1662 315 1719 rerum,
339 1660 510 1728 perquam
534 1641 572 1705 ad
597 1641 731 1707 diuinam
769 1639 1003 1705 similitudinem
1028 1661 1116 1706 acce·

198 1730 285 1810 dunt,
319 1731 363 1795 ita
399 1730 468 1795 finis
500 1745 600 1795 motus
635 1730 774 1795 caelestis
797 1749 860 1794 non
883 1742 929 1793 est
951 1728 1056 1795 reduci
1081 1729 1122 1796 de

123 1858 128 1869 ·
198 1819 336 1906 potentia
359 1819 390 1883 in
416 1832 531 1896 actum,
553 1818 607 1885 sed
632 1818 749 1905 aliquid
771 1836 965 1903 consequens
987 1817 1026 1881 ad
1041 1816 1124 1884 banc

198 1907 423 1983 reductionem,
446 1908 562 1973 scilicet
591 1908 752 1973 assimilari
793 1907 860 1971 Deo
894 1908 924 1970 in
955 1907 1125 1973 causando.

166 2023 169 2027 ·
198 1994 311 2062 Omnia
335 2011 439 2063 autem
464 1996 656 2082 generabilia
680 2011 711 2064 et
732 1996 945 2081 corruptibilia
957 2016 1038 2081 quae
1053 2017 1128 2063 cau·

197 2099 306 2151 santur
329 2101 524 2172 permotum
547 2086 635 2164 caeli,
665 2086 704 2151 ad
743 2087 903 2150 bominem
940 2084 1125 2151 ordinantur

199 2173 432 2258 quodammodo
455 2175 534 2238 sicut
556 2175 586 2239 io
611 2136 717 2253 linem,
747 2187 780 2238 ut
802 2188 961 2238 ostensum
984 2187 1030 2238 est
1052 2173 1125 2252 (lib.

199 2263 230 2338 3,
254 2284 280 2330 c.
304 2263 390 2348 81)
414 2262 542 2328 Motus'
535 2264 628 2347 igitur
651 2225 725 2328 caeli
749 2281 914 2349 praecipue
925 2276 971 2326 est
996 2276 1125 2348 propter

198 2353 431 2436 generationem
469 2352 672 2429 bominum;
664 2373 695 2427 rn
735 2352 794 2416 boe
831 2353 915 2416 enim
954 2351 1123 2417 maximam

199 2439 335 2505 divinam
374 2439 606 2506 similitudinem
641 2441 840 2542 consequitur
878 2440 909 2504 io
944 2439 1123 2518 causando,

198 2529 269 2614 quia
293 2529 392 2594 forma
418 2527 562 2605 bominis,
585 2530 700 2596 scilicet
722 2529 824 2594 anima
859 2527 1073 2606 rationalis,
1065 2549 1123 2593 ιιιι-

198 2617 333 2684 mediate
355 2631 477 2683 creatur
499 2639 517 2683 a
541 2617 617 2694 Deo,
642 2631 675 2683 ut
698 2633 857 2684 ostensum
895 2629 941 2681 est
963 2616 1011 2702 (l.
1033 2617 1067 2688 2,
1091 2637 1119 2682 c.

198 2706 267 2790 87).
291 2706 360 2772 Νοιι
382 2719 485 2770 autem
510 2719 702 2792 potestesse
726 2707 796 2772 linis
819 2705 1030 2791 multiplicatio
1055 2707 1122 2770 ani·

198 2812 320 2861 marum
345 2796 376 2858 in
415 2795 580 2869 infinitum,
617 2796 689 2882 quia
727 2794 881 2860 inlinitum
917 2793 1120 2860 contrariatur

199 2884 308 2949 rationi
332 2882 412 2948 linis.
436 2883 519 2948 Nibil
542 2885 635 2968 igitur
670 2885 888 2949 inconveniens
922 2882 1061 2968 sequitur
1081 2877 1130 2956 si‚''

199 2977 283 3038 certo
307 2991 437 3038 numero
462 2973 624 3038 bominum
647 2972 814 3058 completo,
835 2990 987 3058 ponamus
999 2983 1121 3036 motum

198 3061 275 3126 caeli
299 3061 468 3126 desistere.

266 3148 411 3215 Cessante
435 3163 536 3214 tamen
561 3161 647 3215 moto
678 3149 755 3214 caeli
788 3161 819 3214 et
852 3146 1051 3230 generatione
1088 3160 1121 3212 et

199 3239 396 3324 corruptione
419 3237 458 3302 ab
482 3237 655 3311 elementis
677 3259 785 3303 eorum
824 3237 993 3302 substantia
1018 3255 1121 3302 rema·

201 3325 285 3398 nebit
308 3345 345 3391 ex
369 3326 581 3392 immobilitate
597 3327 718 3392 divinae
732 3325 885 3394 bonitatis.
901 3323 1119 3390 Creauitenim

200 3431 250 3478 rea
273 3427 306 3478 ut
328 3427 440 3488 essene
464 3413 545 3478 unde
569 3433 636 3479 esse
660 3435 764 3481 rerum
800 3434 880 3502 quae
913 3411 1119 3499 aptitudinem

200 3501 316 3566 babent
338 3500 376 3565 ad
400 3503 635 3588 perpetuitatem
660 3504 897 3592 inperpetuum
931 3501 1120 3566 remanebit
