2484 3975
594 224 766 273 OPUSCCLU!

558 382 730 450 CAPUT
765 382 801 449 ll.
884 419 889 431 x

405 562 518 647 Opinio
540 561 718 628 Aristotelis
741 574 770 625 et
797 557 971 637 {loicermna'

331 649 371 715 de
385 670 513 716 numero
536 652 781 717 substantiarum
803 662 1033 733 separatarum.

287 825 384 912 llujus
406 840 510 894 autem
534 827 692 915 positionis
709 828 794 893 radix
808 828 963 893 invenitur
978 824 1153 893 ellieaoiam

166 912 170 919 ’
221 935 284 979 uon
314 917 440 982 babere.
649 936 652 943 ·

286 1003 354 1069 Non
377 1009 460 1071 enim
484 1026 609 1071 necesse
640 1021 685 1071 est
718 1020 751 1071 ut
785 1026 821 1071 ea
856 1024 936 1091 quae
974 1003 1152 1073 intellectus

219 1096 383 1178 separatim
407 1095 546 1180 intelligit
568 1098 734 1182 separatim
758 1115 826 1159 esse
842 1096 976 1161 babeant
991 1096 1021 1156 in
1039 1114 1150 1159 rerum

220 1195 341 1246 natura:
364 1185 526 1248 undenso
564 1184 747 1249 universalia
772 1198 892 1269 oportet
929 1197 1068 1268 separata
1095 1204 1151 1268 po-

181 1309 184 1323 ·
220 1289 296 1334 nere
319 1286 349 1337 et
372 1274 566 1337 subsistentia
590 1285 711 1360 praeter
733 1272 899 1357 singularia
923 1291 1024 1356 neque
1054 1274 1152 1337 etiam

221 1361 436 1427 mathematica
461 1377 582 1447 praeter
603 1362 770 1437 sensibilia,
785 1365 856 1445 quia
869 1360 1051 1425 universalia
1075 1378 1152 1425 sunt

220 1449 371 1513 esseutiae
405 1452 543 1535 ipsorum
578 1451 823 1536 particularium,
861 1463 892 1513 ει
928 1450 1151 1515 mathematica

221 1537 452 1603 terminationes
473 1541 628 1624 ¹(puaedam
653 1540 844 1605 sensibilium
868 1558 1046 1624 corporum.

288 1625 322 1689 lit
344 1627 415 1692 ideo
438 1629 613 1693 Aristoteles
638 1627 838 1693 manifestiori
873 1642 904 1691 et
937 1626 1061 1693 certiori
1099 1627 1148 1691 ria

222 1718 370 1798 prooessit
392 1717 431 1781 ad
466 1718 711 1801 investigandum
748 1717 932 1781 substantias
967 1737 983 1780 a
1016 1719 1150 1781 matoria

220 1817 389 1888 separatas,
410 1805 525 1872 scilieet
547 1828 602 1893 per
625 1808 705 1871 riam
730 1819 842 1871 motus.

287 1891 393 1959 Primo
415 1895 552 1979 quidem,
575 1898 773 1970 constituens,
796 1908 826 1959 et
856 1894 974 1958 ratione
990 1906 1020 1959 et
1042 1913 1150 1957 exem·
1230 1896 1231 1964 ᾖ

219 1979 289 2065 plis,
312 2002 405 2048 omne
428 1985 543 2049 scilieet
565 1984 649 2071 quod
673 2002 817 2050 movetur
839 1984 877 2048 ab
917 1984 977 2048 alio
1015 1986 1147 2058 movere

220 2084 251 2132 et
273 2071 298 2135 si
322 2072 437 2157 aliquid
461 2094 478 2136 a
503 2075 605 2159 seipso
630 2075 747 2138 mote‘ri
772 2074 902 2151 dicatur,
927 2073 986 2137 boo
1016 2093 1078 2136 non
1104 2091 1152 2136 est
1229 2125 1230 2149 p

217 2160 389 2225 secuudum
413 2162 507 2240 idem,
529 2164 584 2228 sed
607 2165 779 2228 seeundum
804 2163 939 2226 diversas
962 2162 1008 2226 sui
1033 2176 1150 2246 partes,

219 2250 258 2310 ita
281 2250 364 2334 quod
387 2251 502 2315 scilicet
525 2273 586 2317 una
610 2272 680 2338 pars
704 2252 770 2338 ejus
793 2253 830 2316 sit
862 2270 989 2316 movens
1024 2264 1054 2312 et
1088 2249 1149 2313 alra

218 2352 314 2414 mota;
336 2353 367 2402 et
388 2359 460 2403 euna
482 2360 548 2405 non
585 2343 623 2405 sit
647 2341 815 2426 procedere
854 2342 885 2404 in
923 2339 1076 2404 inlinitum
1115 2338 1147 2402 iu

217 2428 413 2492 moventibus
435 2441 466 2492 et
489 2431 589 2507 motis,
613 2432 696 2514 quia,
720 2442 841 2494 remoto
865 2429 965 2515 primo
987 2442 1147 2502 mouente,

217 2530 298 2580 esset
319 2536 512 2602 consequens
535 2520 627 2584 etiam
652 2519 709 2584 alia
733 2520 896 2595 removeri,
933 2531 1054 2603 oportet
1088 2517 1146 2580 de-

219 2605 316 2668 reuiri
341 2606 379 2670 ad
403 2607 527 2691 aliquod
544 2609 677 2693 primum
700 2627 829 2672 movens
839 2605 999 2672 immobile
1011 2603 1148 2690 etlad)

218 2692 343 2777 aliquod
367 2695 502 2780 primum
526 2697 641 2762 mobile
652 2695 736 2782 qnod
749 2697 1032 2779 moraturaseipso
1048 2693 1147 2760 modo
1225 2709 1226 2724 ³

220 2799 282 2866 quo
305 2782 419 2848 dietum
442 2797 499 2860 est3
521 2805 649 2872 semper
682 2787 764 2850 enim
801 2785 885 2870 quod
920 2804 974 2870 per
1007 2785 1147 2868 seipsum

219 2874 275 2952 esi,
300 2886 346 2936 est
369 2872 453 2957 prius
475 2889 505 2938 et
528 2895 619 2940 eausa
643 2872 709 2959 ejus
732 2875 814 2959 quod
839 2893 893 2959 per
916 2871 1009 2938 aliud.

287 2960 414 3037 Rursus,
437 2961 628 3027 Constituere
651 2963 781 3028 intendit
803 2976 906 3027 nrotus
928 2962 1144 3026 aeternitatem

220 3065 252 3112 ot
272 3051 355 3138 quod
381 3049 463 3113 nulla
487 3055 581 3116 virtus
604 3071 730 3116 morere
765 3065 864 3138 potest
899 3067 1037 3136 tempore
1074 3049 1145 3114 infi-

218 3142 293 3218 nito,
317 3138 373 3202 nisi
397 3139 515 3204 inlinita
538 3141 638 3208 luerit:
662 3142 796 3224 itemquo
819 3140 902 3225 quod
924 3139 1007 3203 nulla
1045 3138 1145 3203 virtus

217 3232 247 3292 in
271 3227 485 3311 nragnitudine
506 3227 546 3293 sit
569 3230 664 3292 rirtus
689 3229 815 3294 infinita.
840 3227 881 3291 Ex
919 3229 1030 3315 quibus
1064 3246 1143 3292 eora-

213 3315 307 3381 rludit
330 3315 413 3399 quod
439 3318 531 3382 virtus
571 3317 661 3402 primi
700 3319 828 3381 motoris
863 3337 925 3380 non
963 3331 1009 3381 est
1044 3315 1141 3382 virtus

214 3406 350 3487 corporis
374 3403 512 3488 alicujus3
547 3407 629 3468 unde
663 3421 782 3490 oportet
814 3405 949 3490 primum
983 3418 1140 3472 motarent

212 3512 280 3554 esse
304 3494 520 3575 incorporeum
544 3507 574 3558 et
598 3494 714 3580 absque
737 3495 958 3580 magnitudine.
1053 3568 1057 3582 x
