<?xml version="1.0" encoding="UTF-8"?>
<!DOCTYPE html PUBLIC "-//W3C//DTD XHTML 1.0 Transitional//EN"
    "http://www.w3.org/TR/xhtml1/DTD/xhtml1-transitional.dtd">
<html xmlns="http://www.w3.org/1999/xhtml" xml:lang="en" lang="en">
 <head>
  <title>
</title>
<meta http-equiv="Content-Type" content="text/html;charset=utf-8" />
  <meta name='ocr-system' content='tesseract 3.04.00' />
  <meta name='ocr-capabilities' content='ocr_page ocr_carea ocr_par ocr_line ocrx_word'/>
</head>
<body>
  <div class='ocr_page' id='page_1' title='image "./sanctithomaeaqu01thomgoog_0469.png"; bbox 0 0 2484 3975; ppageno 0'>
   <div class='ocr_carea' id='block_1_1' title="bbox 49 213 1056 3588">
    <p class='ocr_par' dir='ltr' id='par_1_1' title="bbox 49 213 1056 3588">
     <span class='ocr_line' id='line_1_1' title="bbox 314 213 996 284; baseline -0.007 0"><span class='ocrx_word' id='word_1_1' title='bbox 314 225 365 284; x_wconf 76' lang='lat' dir='ltr'><strong>‘nu</strong></span> <span class='ocrx_word' id='word_1_2' title='bbox 388 237 571 284; x_wconf 84' lang='lat' dir='ltr'><strong>suusrmrus</strong></span> <span class='ocrx_word' id='word_1_3' title='bbox 594 237 749 281; x_wconf 76' lang='lat' dir='ltr'><strong>suainirts</strong></span> <span class='ocrx_word' id='word_1_4' title='bbox 932 213 996 280; x_wconf 66' lang='lat' dir='ltr'><strong>tud</strong></span> 
     </span>
     <span class='ocr_line' id='line_1_2' title="bbox 84 302 998 408; baseline -0.002 -36.962"><span class='ocrx_word' id='word_1_5' title='bbox 84 306 211 372; x_wconf 87' lang='lat' dir='ltr'><strong>eundum</strong></span> <span class='ocrx_word' id='word_1_6' title='bbox 234 306 376 374; x_wconf 81' lang='lat' dir='ltr'>ordinem</span> <span class='ocrx_word' id='word_1_7' title='bbox 400 309 478 372; x_wconf 90' lang='lat' dir='ltr'><strong>ada</strong></span> <span class='ocrx_word' id='word_1_8' title='bbox 462 323 575 408; x_wconf 83' lang='lat' dir='ltr'><strong>aetum,</strong></span> <span class='ocrx_word' id='word_1_9' title='bbox 600 306 682 370; x_wconf 83' lang='lat' dir='ltr'><strong>unde</strong></span> <span class='ocrx_word' id='word_1_10' title='bbox 721 325 782 369; x_wconf 79' lang='lat' dir='ltr'><strong>raon</strong></span> <span class='ocrx_word' id='word_1_11' title='bbox 820 302 998 390; x_wconf 83' lang='lat' dir='ltr'><strong>simpliciter</strong></span> 
     </span>
     <span class='ocr_line' id='line_1_3' title="bbox 83 393 997 483; baseline -0.003 -23"><span class='ocrx_word' id='word_1_12' title='bbox 83 397 205 460; x_wconf 83' lang='lat' dir='ltr'><strong>dicimus</strong></span> <span class='ocrx_word' id='word_1_13' title='bbox 227 417 295 462; x_wconf 89' lang='lat' dir='ltr'><strong>esse</strong></span> <span class='ocrx_word' id='word_1_14' title='bbox 316 417 397 483; x_wconf 87' lang='lat' dir='ltr'><strong>quae</strong></span> <span class='ocrx_word' id='word_1_15' title='bbox 419 409 491 461; x_wconf 86' lang='lat' dir='ltr'><strong>sunt</strong></span> <span class='ocrx_word' id='word_1_16' title='bbox 513 397 544 459; x_wconf 90' lang='lat' dir='ltr'><strong>io</strong></span> <span class='ocrx_word' id='word_1_17' title='bbox 569 396 715 482; x_wconf 88' lang='lat' dir='ltr'><strong>potentia,</strong></span> <span class='ocrx_word' id='word_1_18' title='bbox 738 393 997 480; x_wconf 87' lang='lat' dir='ltr'><strong>sedsolumquoe</strong></span> 
     </span>
     <span class='ocr_line' id='line_1_4' title="bbox 82 481 997 588; baseline -0.002 -39"><span class='ocrx_word' id='word_1_19' title='bbox 82 498 148 549; x_wconf 88' lang='lat' dir='ltr'><strong>sunt</strong></span> <span class='ocrx_word' id='word_1_20' title='bbox 168 486 198 548; x_wconf 90' lang='lat' dir='ltr'><strong>in</strong></span> <span class='ocrx_word' id='word_1_21' title='bbox 222 498 301 550; x_wconf 87' lang='lat' dir='ltr'><strong>autu.</strong></span> <span class='ocrx_word' id='word_1_22' title='bbox 325 487 479 588; x_wconf 81' lang='lat' dir='ltr'><strong>Quanto</strong></span> <span class='ocrx_word' id='word_1_23' title='bbox 472 486 565 570; x_wconf 76' lang='lat' dir='ltr'><strong>igitur</strong></span> <span class='ocrx_word' id='word_1_24' title='bbox 588 484 685 567; x_wconf 79' lang='lat' dir='ltr'><strong>magis</strong></span> <span class='ocrx_word' id='word_1_25' title='bbox 721 481 904 548; x_wconf 82' lang='lat' dir='ltr'><strong>resolvendo</strong></span> <span class='ocrx_word' id='word_1_26' title='bbox 942 482 997 548; x_wconf 86' lang='lat' dir='ltr'><strong>de·</strong></span> 
     </span>
     <span class='ocr_line' id='line_1_5' title="bbox 80 572 996 678; baseline -0.004 -41"><span class='ocrx_word' id='word_1_27' title='bbox 80 573 229 638; x_wconf 80' lang='lat' dir='ltr'><strong>stenditur</strong></span> <span class='ocrx_word' id='word_1_28' title='bbox 252 574 290 638; x_wconf 89' lang='lat' dir='ltr'><strong>ad</strong></span> <span class='ocrx_word' id='word_1_29' title='bbox 315 575 479 678; x_wconf 38' lang='lat' dir='ltr'><strong>principia.</strong></span> <span class='ocrx_word' id='word_1_30' title='bbox 486 572 664 649; x_wconf 88' lang='lat' dir='ltr'><strong>materialia,</strong></span> <span class='ocrx_word' id='word_1_31' title='bbox 688 585 773 636; x_wconf 91' lang='lat' dir='ltr'><strong>tanto</strong></span> <span class='ocrx_word' id='word_1_32' title='bbox 812 573 913 634; x_wconf 88' lang='lat' dir='ltr'><strong>miuus</strong></span> <span class='ocrx_word' id='word_1_33' title='bbox 949 573 996 634; x_wconf 91' lang='lat' dir='ltr'><strong>in·</strong></span> 
     </span>
     <span class='ocr_line' id='line_1_6' title="bbox 80 659 996 746; baseline -0.001 -20"><span class='ocrx_word' id='word_1_34' title='bbox 80 665 194 726; x_wconf 75' lang='lat' dir='ltr'><strong>aeuitur</strong></span> <span class='ocrx_word' id='word_1_35' title='bbox 215 663 255 727; x_wconf 88' lang='lat' dir='ltr'><strong>do</strong></span> <span class='ocrx_word' id='word_1_36' title='bbox 278 665 396 729; x_wconf 88' lang='lat' dir='ltr'><strong>ratione</strong></span> <span class='ocrx_word' id='word_1_37' title='bbox 418 662 506 728; x_wconf 88' lang='lat' dir='ltr'><strong>entis.</strong></span> <span class='ocrx_word' id='word_1_38' title='bbox 530 661 681 746; x_wconf 88' lang='lat' dir='ltr'><strong>Suprema</strong></span> <span class='ocrx_word' id='word_1_39' title='bbox 706 673 807 724; x_wconf 89' lang='lat' dir='ltr'><strong>autem</strong></span> <span class='ocrx_word' id='word_1_40' title='bbox 831 679 861 722; x_wconf 94' lang='lat' dir='ltr'><strong>m</strong></span> <span class='ocrx_word' id='word_1_41' title='bbox 874 659 996 726; x_wconf 81' lang='lat' dir='ltr'><strong>entibus</strong></span> 
     </span>
     <span class='ocr_line' id='line_1_7' title="bbox 79 750 998 848; baseline -0.002 -34"><span class='ocrx_word' id='word_1_42' title='bbox 79 765 193 836; x_wconf 91' lang='lat' dir='ltr'><strong>oportet</strong></span> <span class='ocrx_word' id='word_1_43' title='bbox 216 770 284 816; x_wconf 87' lang='lat' dir='ltr'><strong>esse</strong></span> <span class='ocrx_word' id='word_1_44' title='bbox 307 754 441 817; x_wconf 80' lang='lat' dir='ltr'><strong>monime</strong></span> <span class='ocrx_word' id='word_1_45' title='bbox 463 750 556 828; x_wconf 83' lang='lat' dir='ltr'><strong>eutia3</strong></span> <span class='ocrx_word' id='word_1_46' title='bbox 581 769 652 813; x_wconf 87' lang='lat' dir='ltr'><strong>nam</strong></span> <span class='ocrx_word' id='word_1_47' title='bbox 676 763 707 814; x_wconf 89' lang='lat' dir='ltr'><strong>et</strong></span> <span class='ocrx_word' id='word_1_48' title='bbox 741 751 772 813; x_wconf 91' lang='lat' dir='ltr'><strong>in</strong></span> <span class='ocrx_word' id='word_1_49' title='bbox 810 767 998 848; x_wconf 85' lang='lat' dir='ltr'><strong>unoquoque</strong></span> 
     </span>
     <span class='ocr_line' id='line_1_8' title="bbox 79 836 996 942; baseline -0.001 -40"><span class='ocrx_word' id='word_1_50' title='bbox 79 859 198 922; x_wconf 77' lang='lat' dir='ltr'><strong>genere,</strong></span> <span class='ocrx_word' id='word_1_51' title='bbox 221 857 365 926; x_wconf 87' lang='lat' dir='ltr'><strong>suprema</strong></span> <span class='ocrx_word' id='word_1_52' title='bbox 398 859 478 942; x_wconf 85' lang='lat' dir='ltr'><strong>quae</strong></span> <span class='ocrx_word' id='word_1_53' title='bbox 501 853 572 904; x_wconf 90' lang='lat' dir='ltr'><strong>sunt</strong></span> <span class='ocrx_word' id='word_1_54' title='bbox 594 838 723 903; x_wconf 87' lang='lat' dir='ltr'><strong>aliorum</strong></span> <span class='ocrx_word' id='word_1_55' title='bbox 749 836 895 923; x_wconf 80' lang='lat' dir='ltr'><strong>principia</strong></span> <span class='ocrx_word' id='word_1_56' title='bbox 929 856 996 901; x_wconf 80' lang='lat' dir='ltr'><strong>esse</strong></span> 
     </span>
     <span class='ocr_line' id='line_1_9' title="bbox 78 926 997 1011; baseline 0 -20"><span class='ocrx_word' id='word_1_57' title='bbox 78 929 207 992; x_wconf 79' lang='lat' dir='ltr'><strong>maxime</strong></span> <span class='ocrx_word' id='word_1_58' title='bbox 228 926 381 1006; x_wconf 84' lang='lat' dir='ltr'><strong>dicuntur,</strong></span> <span class='ocrx_word' id='word_1_59' title='bbox 402 931 479 994; x_wconf 88' lang='lat' dir='ltr'><strong>siout</strong></span> <span class='ocrx_word' id='word_1_60' title='bbox 502 927 580 1011; x_wconf 80' lang='lat' dir='ltr'><strong>iguis</strong></span> <span class='ocrx_word' id='word_1_61' title='bbox 615 945 662 991; x_wconf 81' lang='lat' dir='ltr'><strong>ert</strong></span> <span class='ocrx_word' id='word_1_62' title='bbox 695 926 812 990; x_wconf 86' lang='lat' dir='ltr'><strong>ualidus</strong></span> <span class='ocrx_word' id='word_1_63' title='bbox 852 926 997 1003; x_wconf 79' lang='lat' dir='ltr'><strong>maxime3</strong></span> 
     </span>
     <span class='ocr_line' id='line_1_10' title="bbox 79 1014 996 1119; baseline -0.001 -40"><span class='ocrx_word' id='word_1_64' title='bbox 79 1019 201 1081; x_wconf 81' lang='lat' dir='ltr'><strong>undeet</strong></span> <span class='ocrx_word' id='word_1_65' title='bbox 223 1016 320 1096; x_wconf 84' lang='lat' dir='ltr'><strong>Plato,</strong></span> <span class='ocrx_word' id='word_1_66' title='bbox 343 1018 554 1119; x_wconf 76' lang='lat' dir='ltr'><strong>investigando</strong></span> <span class='ocrx_word' id='word_1_67' title='bbox 583 1035 728 1102; x_wconf 86' lang='lat' dir='ltr'><strong>suprema</strong></span> <span class='ocrx_word' id='word_1_68' title='bbox 763 1014 891 1092; x_wconf 87' lang='lat' dir='ltr'><strong>entium,</strong></span> <span class='ocrx_word' id='word_1_69' title='bbox 926 1034 996 1099; x_wconf 92' lang='lat' dir='ltr'><strong>pro-</strong></span> 
     </span>
     <span class='ocr_line' id='line_1_11' title="bbox 77 1104 996 1191; baseline -0.002 -22"><span class='ocrx_word' id='word_1_70' title='bbox 77 1107 164 1170; x_wconf 83' lang='lat' dir='ltr'><strong>oessit</strong></span> <span class='ocrx_word' id='word_1_71' title='bbox 185 1105 399 1171; x_wconf 81' lang='lat' dir='ltr'><strong>resolvendo</strong></span> <span class='ocrx_word' id='word_1_72' title='bbox 392 1127 422 1170; x_wconf 92' lang='lat' dir='ltr'><strong>m</strong></span> <span class='ocrx_word' id='word_1_73' title='bbox 446 1105 594 1191; x_wconf 82' lang='lat' dir='ltr'><strong>principia</strong></span> <span class='ocrx_word' id='word_1_74' title='bbox 618 1104 770 1179; x_wconf 77' lang='lat' dir='ltr'><strong>formalia,</strong></span> <span class='ocrx_word' id='word_1_75' title='bbox 804 1104 880 1167; x_wconf 89' lang='lat' dir='ltr'><strong>siout</strong></span> <span class='ocrx_word' id='word_1_76' title='bbox 903 1124 996 1188; x_wconf 85' lang='lat' dir='ltr'><strong>supra</strong></span> 
     </span>
     <span class='ocr_line' id='line_1_12' title="bbox 77 1192 995 1277; baseline 0 -21"><span class='ocrx_word' id='word_1_77' title='bbox 77 1193 188 1258; x_wconf 85' lang='lat' dir='ltr'><strong>dietum</strong></span> <span class='ocrx_word' id='word_1_78' title='bbox 212 1209 268 1262; x_wconf 89' lang='lat' dir='ltr'><strong>est.</strong></span> <span class='ocrx_word' id='word_1_79' title='bbox 292 1193 643 1259; x_wconf 68' lang='lat' dir='ltr'><strong>inconvenientissime</strong></span> <span class='ocrx_word' id='word_1_80' title='bbox 637 1196 729 1277; x_wconf 82' lang='lat' dir='ltr'><strong>igitur</strong></span> <span class='ocrx_word' id='word_1_81' title='bbox 753 1192 802 1256; x_wconf 90' lang='lat' dir='ltr'><strong>hio</strong></span> <span class='ocrx_word' id='word_1_82' title='bbox 831 1211 886 1277; x_wconf 91' lang='lat' dir='ltr'><strong>per</strong></span> <span class='ocrx_word' id='word_1_83' title='bbox 920 1211 995 1256; x_wconf 89' lang='lat' dir='ltr'><strong>oon·</strong></span> 
     </span>
     <span class='ocr_line' id='line_1_13' title="bbox 80 1280 995 1412; baseline -0.001 -67"><span class='ocrx_word' id='word_1_84' title='bbox 80 1284 202 1346; x_wconf 82' lang='lat' dir='ltr'><strong>uariam</strong></span> <span class='ocrx_word' id='word_1_85' title='bbox 228 1283 307 1348; x_wconf 87' lang='lat' dir='ltr'><strong>uiam</strong></span> <span class='ocrx_word' id='word_1_86' title='bbox 331 1286 478 1370; x_wconf 83' lang='lat' dir='ltr'><strong>prooessit</strong></span> <span class='ocrx_word' id='word_1_87' title='bbox 500 1282 532 1347; x_wconf 92' lang='lat' dir='ltr'><strong>in</strong></span> <span class='ocrx_word' id='word_1_88' title='bbox 560 1283 707 1412; x_wconf 85' lang='lat' dir='ltr'><strong>principia</strong></span> <span class='ocrx_word' id='word_1_89' title='bbox 741 1280 910 1345; x_wconf 87' lang='lat' dir='ltr'><strong>materialia</strong></span> <span class='ocrx_word' id='word_1_90' title='bbox 948 1301 995 1345; x_wconf 87' lang='lat' dir='ltr'><strong>re-</strong></span> 
     </span>
     <span class='ocr_line' id='line_1_14' title="bbox 74 1372 229 1435; baseline 0.007 -1"><span class='ocrx_word' id='word_1_91' title='bbox 74 1372 229 1435; x_wconf 87' lang='lat' dir='ltr'><strong>solvendo</strong></span> 
     </span>
     <span class='ocr_line' id='line_1_15' title="bbox 140 1457 994 1546; baseline -0.008 -18"><span class='ocrx_word' id='word_1_92' title='bbox 140 1459 295 1539; x_wconf 86' lang='lat' dir='ltr'><strong>Secundo,</strong></span> <span class='ocrx_word' id='word_1_93' title='bbox 316 1461 398 1545; x_wconf 85' lang='lat' dir='ltr'><strong>quia,</strong></span> <span class='ocrx_word' id='word_1_94' title='bbox 420 1472 570 1546; x_wconf 84' lang='lat' dir='ltr'><strong>quantum</strong></span> <span class='ocrx_word' id='word_1_95' title='bbox 594 1479 632 1523; x_wconf 80' lang='lat' dir='ltr'><strong>ex</strong></span> <span class='ocrx_word' id='word_1_96' title='bbox 654 1459 717 1522; x_wconf 87' lang='lat' dir='ltr'><strong>suis</strong></span> <span class='ocrx_word' id='word_1_97' title='bbox 740 1457 827 1522; x_wconf 84' lang='lat' dir='ltr'><strong>dietis</strong></span> <span class='ocrx_word' id='word_1_98' title='bbox 858 1471 994 1544; x_wconf 86' lang='lat' dir='ltr'><strong>apparet,</strong></span> 
     </span>
     <span class='ocr_line' id='line_1_16' title="bbox 73 1546 993 1635; baseline 0.002 -25"><span class='ocrx_word' id='word_1_99' title='bbox 73 1547 104 1611; x_wconf 92' lang='lat' dir='ltr'><strong>in</strong></span> <span class='ocrx_word' id='word_1_100' title='bbox 128 1550 323 1635; x_wconf 85' lang='lat' dir='ltr'><strong>antiquorum</strong></span> <span class='ocrx_word' id='word_1_101' title='bbox 346 1549 577 1634; x_wconf 87' lang='lat' dir='ltr'><strong>quodammodo</strong></span> <span class='ocrx_word' id='word_1_102' title='bbox 601 1546 787 1612; x_wconf 79' lang='lat' dir='ltr'><strong>naturalium</strong></span> <span class='ocrx_word' id='word_1_103' title='bbox 814 1547 993 1632; x_wconf 86' lang='lat' dir='ltr'><strong>opinionem</strong></span> 
     </span>
     <span class='ocr_line' id='line_1_17' title="bbox 71 1637 994 1723; baseline -0.003 -22"><span class='ocrx_word' id='word_1_104' title='bbox 71 1637 160 1716; x_wconf 87' lang='lat' dir='ltr'><strong>redit,</strong></span> <span class='ocrx_word' id='word_1_105' title='bbox 181 1642 233 1723; x_wconf 88' lang='lat' dir='ltr'><strong>qui</strong></span> <span class='ocrx_word' id='word_1_106' title='bbox 256 1651 427 1723; x_wconf 87' lang='lat' dir='ltr'><strong>posuerunt</strong></span> <span class='ocrx_word' id='word_1_107' title='bbox 449 1639 533 1723; x_wconf 88' lang='lat' dir='ltr'><strong>quod</strong></span> <span class='ocrx_word' id='word_1_108' title='bbox 555 1638 660 1701; x_wconf 87' lang='lat' dir='ltr'><strong>omnia</strong></span> <span class='ocrx_word' id='word_1_109' title='bbox 683 1649 785 1699; x_wconf 82' lang='lat' dir='ltr'><strong>esseut</strong></span> <span class='ocrx_word' id='word_1_110' title='bbox 805 1655 902 1699; x_wconf 94' lang='lat' dir='ltr'><strong>unum</strong></span> <span class='ocrx_word' id='word_1_111' title='bbox 926 1655 994 1715; x_wconf 88' lang='lat' dir='ltr'><strong>ens,</strong></span> 
     </span>
     <span class='ocr_line' id='line_1_18' title="bbox 74 1725 994 1813; baseline 0 -24"><span class='ocrx_word' id='word_1_112' title='bbox 74 1726 149 1790; x_wconf 90' lang='lat' dir='ltr'><strong>dum</strong></span> <span class='ocrx_word' id='word_1_113' title='bbox 174 1731 330 1813; x_wconf 88' lang='lat' dir='ltr'><strong>ponebant</strong></span> <span class='ocrx_word' id='word_1_114' title='bbox 352 1726 553 1792; x_wconf 83' lang='lat' dir='ltr'><strong>substantiam</strong></span> <span class='ocrx_word' id='word_1_115' title='bbox 575 1745 680 1789; x_wconf 90' lang='lat' dir='ltr'><strong>rerum</strong></span> <span class='ocrx_word' id='word_1_116' title='bbox 696 1725 834 1788; x_wconf 87' lang='lat' dir='ltr'><strong>omnium</strong></span> <span class='ocrx_word' id='word_1_117' title='bbox 849 1744 909 1788; x_wconf 90' lang='lat' dir='ltr'><strong>nou</strong></span> <span class='ocrx_word' id='word_1_118' title='bbox 926 1743 994 1789; x_wconf 86' lang='lat' dir='ltr'><strong>esse</strong></span> 
     </span>
     <span class='ocr_line' id='line_1_19' title="bbox 71 1813 994 1915; baseline -0.001 -38"><span class='ocrx_word' id='word_1_119' title='bbox 71 1813 155 1878; x_wconf 90' lang='lat' dir='ltr'><strong>aliud</strong></span> <span class='ocrx_word' id='word_1_120' title='bbox 179 1835 273 1900; x_wconf 88' lang='lat' dir='ltr'><strong>quam</strong></span> <span class='ocrx_word' id='word_1_121' title='bbox 297 1817 469 1889; x_wconf 90' lang='lat' dir='ltr'><strong>materiam,</strong></span> <span class='ocrx_word' id='word_1_122' title='bbox 491 1833 584 1915; x_wconf 82' lang='lat' dir='ltr'><strong>quam</strong></span> <span class='ocrx_word' id='word_1_123' title='bbox 609 1833 671 1877; x_wconf 92' lang='lat' dir='ltr'><strong>non</strong></span> <span class='ocrx_word' id='word_1_124' title='bbox 696 1813 851 1897; x_wconf 87' lang='lat' dir='ltr'><strong>ponebant</strong></span> <span class='ocrx_word' id='word_1_125' title='bbox 861 1832 929 1876; x_wconf 87' lang='lat' dir='ltr'><strong>esse</strong></span> <span class='ocrx_word' id='word_1_126' title='bbox 941 1813 994 1876; x_wconf 88' lang='lat' dir='ltr'><strong>olt</strong></span> 
     </span>
     <span class='ocr_line' id='line_1_20' title="bbox 70 1901 993 2003; baseline 0.001 -38"><span class='ocrx_word' id='word_1_127' title='bbox 70 1903 176 1986; x_wconf 90' lang='lat' dir='ltr'><strong>quid</strong></span> <span class='ocrx_word' id='word_1_128' title='bbox 170 1925 199 1966; x_wconf 95' lang='lat' dir='ltr'><strong>m</strong></span> <span class='ocrx_word' id='word_1_129' title='bbox 224 1906 357 1991; x_wconf 88' lang='lat' dir='ltr'><strong>potentia</strong></span> <span class='ocrx_word' id='word_1_130' title='bbox 383 1917 512 1981; x_wconf 87' lang='lat' dir='ltr'><strong>tantum,</strong></span> <span class='ocrx_word' id='word_1_131' title='bbox 534 1904 613 1967; x_wconf 86' lang='lat' dir='ltr'><strong>siout</strong></span> <span class='ocrx_word' id='word_1_132' title='bbox 635 1902 721 1965; x_wconf 87' lang='lat' dir='ltr'><strong>Plato</strong></span> <span class='ocrx_word' id='word_1_133' title='bbox 743 1913 774 1964; x_wconf 88' lang='lat' dir='ltr'><strong>et</strong></span> <span class='ocrx_word' id='word_1_134' title='bbox 808 1901 993 2003; x_wconf 74' lang='lat' dir='ltr'><strong>Aristoteles,</strong></span> 
     </span>
     <span class='ocr_line' id='line_1_21' title="bbox 68 1990 992 2079; baseline 0.002 -25"><span class='ocrx_word' id='word_1_135' title='bbox 68 1992 124 2055; x_wconf 91' lang='lat' dir='ltr'><strong>sed</strong></span> <span class='ocrx_word' id='word_1_136' title='bbox 149 2013 217 2057; x_wconf 87' lang='lat' dir='ltr'><strong>esse</strong></span> <span class='ocrx_word' id='word_1_137' title='bbox 240 1994 353 2079; x_wconf 89' lang='lat' dir='ltr'><strong>aliquid</strong></span> <span class='ocrx_word' id='word_1_138' title='bbox 377 2013 433 2058; x_wconf 90' lang='lat' dir='ltr'><strong>ens</strong></span> <span class='ocrx_word' id='word_1_139' title='bbox 455 2006 535 2066; x_wconf 70' lang='lat' dir='ltr'><strong>actua</strong></span> <span class='ocrx_word' id='word_1_140' title='bbox 558 1992 615 2056; x_wconf 86' lang='lat' dir='ltr'><strong>nisi</strong></span> <span class='ocrx_word' id='word_1_141' title='bbox 641 1990 724 2076; x_wconf 90' lang='lat' dir='ltr'><strong>quod</strong></span> <span class='ocrx_word' id='word_1_142' title='bbox 751 1992 866 2076; x_wconf 75' lang='lat' dir='ltr'><strong>antiqui</strong></span> <span class='ocrx_word' id='word_1_143' title='bbox 906 2006 992 2056; x_wconf 89' lang='lat' dir='ltr'><strong>natu·</strong></span> 
     </span>
     <span class='ocr_line' id='line_1_22' title="bbox 67 2080 993 2180; baseline 0.002 -37"><span class='ocrx_word' id='word_1_144' title='bbox 67 2081 160 2160; x_wconf 88' lang='lat' dir='ltr'><strong>rales,</strong></span> <span class='ocrx_word' id='word_1_145' title='bbox 184 2082 259 2146; x_wconf 86' lang='lat' dir='ltr'><strong>nihil</strong></span> <span class='ocrx_word' id='word_1_146' title='bbox 283 2082 366 2147; x_wconf 90' lang='lat' dir='ltr'><strong>aliud</strong></span> <span class='ocrx_word' id='word_1_147' title='bbox 389 2095 510 2168; x_wconf 89' lang='lat' dir='ltr'><strong>praeter</strong></span> <span class='ocrx_word' id='word_1_148' title='bbox 532 2101 661 2167; x_wconf 88' lang='lat' dir='ltr'><strong>oorpora</strong></span> <span class='ocrx_word' id='word_1_149' title='bbox 685 2099 752 2143; x_wconf 83' lang='lat' dir='ltr'><strong>esse</strong></span> <span class='ocrx_word' id='word_1_150' title='bbox 774 2080 993 2180; x_wconf 80' lang='lat' dir='ltr'><strong>existimantes,</strong></span> 
     </span>
     <span class='ocr_line' id='line_1_23' title="bbox 66 2167 991 2236; baseline 0.001 -3"><span class='ocrx_word' id='word_1_151' title='bbox 66 2169 150 2233; x_wconf 84' lang='lat' dir='ltr'><strong>liano</strong></span> <span class='ocrx_word' id='word_1_152' title='bbox 173 2171 333 2235; x_wconf 79' lang='lat' dir='ltr'><strong>materiem</strong></span> <span class='ocrx_word' id='word_1_153' title='bbox 356 2190 553 2236; x_wconf 80' lang='lat' dir='ltr'><strong>communem</strong></span> <span class='ocrx_word' id='word_1_154' title='bbox 577 2182 609 2233; x_wconf 92' lang='lat' dir='ltr'><strong>et</strong></span> <span class='ocrx_word' id='word_1_155' title='bbox 635 2167 835 2232; x_wconf 87' lang='lat' dir='ltr'><strong>substantiam</strong></span> <span class='ocrx_word' id='word_1_156' title='bbox 852 2171 991 2234; x_wconf 92' lang='lat' dir='ltr'><strong>omnium</strong></span> 
     </span>
     <span class='ocr_line' id='line_1_24' title="bbox 61 2257 992 2345; baseline 0.002 -25"><span class='ocrx_word' id='word_1_157' title='bbox 61 2257 191 2343; x_wconf 82' lang='lat' dir='ltr'><strong>aliquod</strong></span> <span class='ocrx_word' id='word_1_158' title='bbox 215 2280 327 2345; x_wconf 87' lang='lat' dir='ltr'><strong>corpus</strong></span> <span class='ocrx_word' id='word_1_159' title='bbox 351 2279 418 2324; x_wconf 87' lang='lat' dir='ltr'><strong>esse</strong></span> <span class='ocrx_word' id='word_1_160' title='bbox 441 2259 596 2337; x_wconf 79' lang='lat' dir='ltr'><strong>dicebant,</strong></span> <span class='ocrx_word' id='word_1_161' title='bbox 618 2270 691 2344; x_wconf 87' lang='lat' dir='ltr'><strong>puto</strong></span> <span class='ocrx_word' id='word_1_162' title='bbox 716 2271 767 2320; x_wconf 88' lang='lat' dir='ltr'><strong>out</strong></span> <span class='ocrx_word' id='word_1_163' title='bbox 805 2259 908 2341; x_wconf 82' lang='lat' dir='ltr'><strong>ignem</strong></span> <span class='ocrx_word' id='word_1_164' title='bbox 939 2272 992 2323; x_wconf 90' lang='lat' dir='ltr'><strong>aut</strong></span> 
     </span>
     <span class='ocr_line' id='line_1_25' title="bbox 62 2346 990 2434; baseline 0.002 -25"><span class='ocrx_word' id='word_1_165' title='bbox 62 2366 170 2411; x_wconf 88' lang='lat' dir='ltr'><strong>aerem</strong></span> <span class='ocrx_word' id='word_1_166' title='bbox 196 2363 248 2412; x_wconf 92' lang='lat' dir='ltr'><strong>aut</strong></span> <span class='ocrx_word' id='word_1_167' title='bbox 270 2348 386 2434; x_wconf 86' lang='lat' dir='ltr'><strong>aliquid</strong></span> <span class='ocrx_word' id='word_1_168' title='bbox 409 2349 557 2412; x_wconf 83' lang='lat' dir='ltr'><strong>medium.</strong></span> <span class='ocrx_word' id='word_1_169' title='bbox 590 2346 653 2410; x_wconf 82' lang='lat' dir='ltr'><strong>Sed</strong></span> <span class='ocrx_word' id='word_1_170' title='bbox 688 2348 755 2423; x_wconf 88' lang='lat' dir='ltr'><strong>iste,</strong></span> <span class='ocrx_word' id='word_1_171' title='bbox 788 2364 851 2409; x_wconf 91' lang='lat' dir='ltr'><strong>non</strong></span> <span class='ocrx_word' id='word_1_172' title='bbox 889 2346 990 2411; x_wconf 92' lang='lat' dir='ltr'><strong>solum</strong></span> 
     </span>
     <span class='ocr_line' id='line_1_26' title="bbox 62 2430 1056 2521; baseline -0.004 -24"><span class='ocrx_word' id='word_1_173' title='bbox 62 2436 95 2498; x_wconf 91' lang='lat' dir='ltr'><strong>in</strong></span> <span class='ocrx_word' id='word_1_174' title='bbox 120 2437 303 2521; x_wconf 81' lang='lat' dir='ltr'><strong>corporibus</strong></span> <span class='ocrx_word' id='word_1_175' title='bbox 326 2438 486 2501; x_wconf 90' lang='lat' dir='ltr'><strong>materiam</strong></span> <span class='ocrx_word' id='word_1_176' title='bbox 509 2456 614 2501; x_wconf 88' lang='lat' dir='ltr'><strong>rerum</strong></span> <span class='ocrx_word' id='word_1_177' title='bbox 650 2435 825 2499; x_wconf 85' lang='lat' dir='ltr'><strong>existimaus</strong></span> <span class='ocrx_word' id='word_1_178' title='bbox 852 2430 992 2521; x_wconf 86' lang='lat' dir='ltr'><strong>eompre-</strong></span> <span class='ocrx_word' id='word_1_179' title='bbox 1055 2488 1056 2493; x_wconf 75' lang='grc'>,</span> 
     </span>
     <span class='ocr_line' id='line_1_27' title="bbox 62 2523 990 2625; baseline 0 -37"><span class='ocrx_word' id='word_1_180' title='bbox 62 2523 174 2600; x_wconf 80' lang='lat' dir='ltr'><strong>nendi,</strong></span> <span class='ocrx_word' id='word_1_181' title='bbox 198 2525 273 2589; x_wconf 90' lang='lat' dir='ltr'><strong>illud</strong></span> <span class='ocrx_word' id='word_1_182' title='bbox 295 2546 392 2590; x_wconf 90' lang='lat' dir='ltr'><strong>unum</strong></span> <span class='ocrx_word' id='word_1_183' title='bbox 416 2526 499 2611; x_wconf 87' lang='lat' dir='ltr'><strong>quud</strong></span> <span class='ocrx_word' id='word_1_184' title='bbox 524 2528 625 2610; x_wconf 86' lang='lat' dir='ltr'><strong>posuit</strong></span> <span class='ocrx_word' id='word_1_185' title='bbox 647 2543 713 2588; x_wconf 89' lang='lat' dir='ltr'><strong>esse</strong></span> <span class='ocrx_word' id='word_1_186' title='bbox 737 2524 869 2625; x_wconf 85' lang='lat' dir='ltr'><strong>primam</strong></span> <span class='ocrx_word' id='word_1_187' title='bbox 894 2540 990 2589; x_wconf 90' lang='lat' dir='ltr'><strong>mate-</strong></span> 
     </span>
     <span class='ocr_line' id='line_1_28' title="bbox 61 2612 990 2679; baseline 0.001 -3"><span class='ocrx_word' id='word_1_188' title='bbox 61 2613 144 2677; x_wconf 89' lang='lat' dir='ltr'><strong>riam</strong></span> <span class='ocrx_word' id='word_1_189' title='bbox 166 2632 367 2679; x_wconf 80' lang='lat' dir='ltr'><strong>communem</strong></span> <span class='ocrx_word' id='word_1_190' title='bbox 390 2627 421 2678; x_wconf 92' lang='lat' dir='ltr'><strong>et</strong></span> <span class='ocrx_word' id='word_1_191' title='bbox 443 2615 643 2679; x_wconf 87' lang='lat' dir='ltr'><strong>substantiam</strong></span> <span class='ocrx_word' id='word_1_192' title='bbox 667 2613 805 2676; x_wconf 91' lang='lat' dir='ltr'><strong>onmium</strong></span> <span class='ocrx_word' id='word_1_193' title='bbox 830 2612 904 2676; x_wconf 87' lang='lat' dir='ltr'><strong>dixit</strong></span> <span class='ocrx_word' id='word_1_194' title='bbox 921 2630 990 2677; x_wconf 81' lang='lat' dir='ltr'><strong>esse</strong></span> 
     </span>
     <span class='ocr_line' id='line_1_29' title="bbox 60 2701 990 2789; baseline 0.002 -24"><span class='ocrx_word' id='word_1_195' title='bbox 60 2702 271 2767; x_wconf 89' lang='lat' dir='ltr'><strong>substantiam</strong></span> <span class='ocrx_word' id='word_1_196' title='bbox 294 2724 357 2767; x_wconf 90' lang='lat' dir='ltr'><strong>nou</strong></span> <span class='ocrx_word' id='word_1_197' title='bbox 380 2722 573 2789; x_wconf 82' lang='lat' dir='ltr'><strong>corpoream3</strong></span> <span class='ocrx_word' id='word_1_198' title='bbox 596 2716 627 2766; x_wconf 89' lang='lat' dir='ltr'><strong>et</strong></span> <span class='ocrx_word' id='word_1_199' title='bbox 649 2702 732 2787; x_wconf 93' lang='lat' dir='ltr'><strong>quod</strong></span> <span class='ocrx_word' id='word_1_200' title='bbox 766 2701 858 2764; x_wconf 85' lang='lat' dir='ltr'><strong>simili</strong></span> <span class='ocrx_word' id='word_1_201' title='bbox 896 2703 990 2767; x_wconf 92' lang='lat' dir='ltr'><strong>modo</strong></span> 
     </span>
     <span class='ocr_line' id='line_1_30' title="bbox 59 2790 990 2875; baseline 0.001 -21"><span class='ocrx_word' id='word_1_202' title='bbox 59 2792 204 2875; x_wconf 86' lang='lat' dir='ltr'><strong>posuerit</strong></span> <span class='ocrx_word' id='word_1_203' title='bbox 226 2792 306 2856; x_wconf 84' lang='lat' dir='ltr'><strong>liano</strong></span> <span class='ocrx_word' id='word_1_204' title='bbox 340 2791 545 2857; x_wconf 83' lang='lat' dir='ltr'><strong>universalem</strong></span> <span class='ocrx_word' id='word_1_205' title='bbox 581 2792 752 2867; x_wconf 87' lang='lat' dir='ltr'><strong>materiam,</strong></span> <span class='ocrx_word' id='word_1_206' title='bbox 786 2808 878 2875; x_wconf 88' lang='lat' dir='ltr'><strong>quam</strong></span> <span class='ocrx_word' id='word_1_207' title='bbox 917 2790 990 2855; x_wconf 89' lang='lat' dir='ltr'><strong>dioit</strong></span> 
     </span>
     <span class='ocr_line' id='line_1_31' title="bbox 58 2878 989 2965; baseline 0.002 -24"><span class='ocrx_word' id='word_1_208' title='bbox 58 2897 132 2944; x_wconf 87' lang='lat' dir='ltr'><strong>esse</strong></span> <span class='ocrx_word' id='word_1_209' title='bbox 154 2879 357 2944; x_wconf 83' lang='lat' dir='ltr'><strong>substantiam</strong></span> <span class='ocrx_word' id='word_1_210' title='bbox 381 2880 532 2957; x_wconf 89' lang='lat' dir='ltr'><strong>omnium,</strong></span> <span class='ocrx_word' id='word_1_211' title='bbox 554 2881 631 2943; x_wconf 87' lang='lat' dir='ltr'><strong>siout</strong></span> <span class='ocrx_word' id='word_1_212' title='bbox 654 2878 807 2943; x_wconf 82' lang='lat' dir='ltr'><strong>naturales</strong></span> <span class='ocrx_word' id='word_1_213' title='bbox 842 2880 900 2942; x_wconf 86' lang='lat' dir='ltr'><strong>lroo</strong></span> <span class='ocrx_word' id='word_1_214' title='bbox 935 2899 989 2965; x_wconf 88' lang='lat' dir='ltr'><strong>po-</strong></span> 
     </span>
     <span class='ocr_line' id='line_1_32' title="bbox 56 2967 990 3054; baseline 0.004 -24"><span class='ocrx_word' id='word_1_215' title='bbox 56 2970 181 3033; x_wconf 89' lang='lat' dir='ltr'><strong>nebant</strong></span> <span class='ocrx_word' id='word_1_216' title='bbox 198 2970 243 3031; x_wconf 90' lang='lat' dir='ltr'><strong>de</strong></span> <span class='ocrx_word' id='word_1_217' title='bbox 274 2969 377 3053; x_wconf 89' lang='lat' dir='ltr'><strong>aliquo</strong></span> <span class='ocrx_word' id='word_1_218' title='bbox 400 2989 463 3034; x_wconf 90' lang='lat' dir='ltr'><strong>uno</strong></span> <span class='ocrx_word' id='word_1_219' title='bbox 501 2986 676 3054; x_wconf 82' lang='lat' dir='ltr'><strong>corporum,</strong></span> <span class='ocrx_word' id='word_1_220' title='bbox 710 2967 904 3031; x_wconf 78' lang='lat' dir='ltr'><strong>manifestum</strong></span> <span class='ocrx_word' id='word_1_221' title='bbox 944 2983 990 3034; x_wconf 87' lang='lat' dir='ltr'><strong>est</strong></span> 
     </span>
     <span class='ocr_line' id='line_1_33' title="bbox 56 3054 989 3142; baseline 0.002 -23"><span class='ocrx_word' id='word_1_222' title='bbox 56 3076 98 3120; x_wconf 80' lang='lat' dir='ltr'><strong>ex</strong></span> <span class='ocrx_word' id='word_1_223' title='bbox 124 3057 186 3121; x_wconf 84' lang='lat' dir='ltr'><strong>lroo</strong></span> <span class='ocrx_word' id='word_1_224' title='bbox 210 3059 293 3142; x_wconf 89' lang='lat' dir='ltr'><strong>quod</strong></span> <span class='ocrx_word' id='word_1_225' title='bbox 316 3077 425 3121; x_wconf 87' lang='lat' dir='ltr'><strong>eorum</strong></span> <span class='ocrx_word' id='word_1_226' title='bbox 463 3077 542 3142; x_wconf 82' lang='lat' dir='ltr'><strong>quae</strong></span> <span class='ocrx_word' id='word_1_227' title='bbox 580 3054 767 3120; x_wconf 82' lang='lat' dir='ltr'><strong>conueniunt</strong></span> <span class='ocrx_word' id='word_1_228' title='bbox 806 3056 836 3119; x_wconf 91' lang='lat' dir='ltr'><strong>in</strong></span> <span class='ocrx_word' id='word_1_229' title='bbox 875 3074 989 3138; x_wconf 78' lang='lat' dir='ltr'><strong>genere</strong></span> 
     </span>
     <span class='ocr_line' id='line_1_34' title="bbox 54 3145 987 3229; baseline 0.002 -22"><span class='ocrx_word' id='word_1_230' title='bbox 54 3146 148 3229; x_wconf 90' lang='lat' dir='ltr'><strong>ponit</strong></span> <span class='ocrx_word' id='word_1_231' title='bbox 173 3165 271 3229; x_wconf 81' lang='lat' dir='ltr'><strong>genus</strong></span> <span class='ocrx_word' id='word_1_232' title='bbox 293 3166 361 3211; x_wconf 87' lang='lat' dir='ltr'><strong>esse</strong></span> <span class='ocrx_word' id='word_1_233' title='bbox 383 3148 554 3209; x_wconf 87' lang='lat' dir='ltr'><strong>materiam:</strong></span> <span class='ocrx_word' id='word_1_234' title='bbox 578 3145 764 3209; x_wconf 83' lang='lat' dir='ltr'><strong>dili&#39;erentias</strong></span> <span class='ocrx_word' id='word_1_235' title='bbox 788 3164 860 3208; x_wconf 88' lang='lat' dir='ltr'><strong>uero</strong></span> <span class='ocrx_word' id='word_1_236' title='bbox 876 3146 987 3228; x_wconf 85' lang='lat' dir='ltr'><strong>quibus</strong></span> 
     </span>
     <span class='ocr_line' id='line_1_35' title="bbox 52 3232 987 3320; baseline 0.003 -24"><span class='ocrx_word' id='word_1_237' title='bbox 52 3234 183 3316; x_wconf 86' lang='lat' dir='ltr'><strong>speeies</strong></span> <span class='ocrx_word' id='word_1_238' title='bbox 207 3234 361 3311; x_wconf 84' lang='lat' dir='ltr'><strong>differunt,</strong></span> <span class='ocrx_word' id='word_1_239' title='bbox 385 3237 471 3320; x_wconf 90' lang='lat' dir='ltr'><strong>pouit</strong></span> <span class='ocrx_word' id='word_1_240' title='bbox 493 3254 560 3297; x_wconf 88' lang='lat' dir='ltr'><strong>esse</strong></span> <span class='ocrx_word' id='word_1_241' title='bbox 573 3232 696 3297; x_wconf 83' lang='lat' dir='ltr'><strong>formas.</strong></span> <span class='ocrx_word' id='word_1_242' title='bbox 715 3234 793 3297; x_wconf 88' lang='lat' dir='ltr'><strong>Dieit</strong></span> <span class='ocrx_word' id='word_1_243' title='bbox 808 3238 891 3298; x_wconf 88' lang='lat' dir='ltr'><strong>enim</strong></span> <span class='ocrx_word' id='word_1_244' title='bbox 905 3235 987 3317; x_wconf 89' lang='lat' dir='ltr'><strong>quod</strong></span> 
     </span>
     <span class='ocr_line' id='line_1_36' title="bbox 50 3321 985 3406; baseline 0.004 -22"><span class='ocrx_word' id='word_1_245' title='bbox 50 3324 204 3386; x_wconf 88' lang='lat' dir='ltr'><strong>omnium</strong></span> <span class='ocrx_word' id='word_1_246' title='bbox 226 3323 429 3387; x_wconf 88' lang='lat' dir='ltr'><strong>materialium</strong></span> <span class='ocrx_word' id='word_1_247' title='bbox 454 3321 500 3386; x_wconf 86' lang='lat' dir='ltr'><strong>est</strong></span> <span class='ocrx_word' id='word_1_248' title='bbox 522 3325 652 3387; x_wconf 88' lang='lat' dir='ltr'><strong>materia</strong></span> <span class='ocrx_word' id='word_1_249' title='bbox 676 3325 849 3387; x_wconf 83' lang='lat' dir='ltr'><strong>commuuio</strong></span> <span class='ocrx_word' id='word_1_250' title='bbox 885 3324 985 3406; x_wconf 84' lang='lat' dir='ltr'><strong>ipsum</strong></span> 
     </span>
     <span class='ocr_line' id='line_1_37' title="bbox 50 3412 987 3498; baseline 0.003 -25"><span class='ocrx_word' id='word_1_251' title='bbox 50 3430 187 3495; x_wconf 84' lang='lat' dir='ltr'><strong>eorpus:</strong></span> <span class='ocrx_word' id='word_1_252' title='bbox 209 3432 394 3498; x_wconf 84' lang='lat' dir='ltr'><strong>rursumque</strong></span> <span class='ocrx_word' id='word_1_253' title='bbox 416 3412 556 3475; x_wconf 90' lang='lat' dir='ltr'><strong>omnium</strong></span> <span class='ocrx_word' id='word_1_254' title='bbox 579 3414 830 3489; x_wconf 82' lang='lat' dir='ltr'><strong>substantiarum,</strong></span> <span class='ocrx_word' id='word_1_255' title='bbox 843 3424 903 3475; x_wconf 90' lang='lat' dir='ltr'><strong>tam</strong></span> <span class='ocrx_word' id='word_1_256' title='bbox 921 3432 987 3476; x_wconf 85' lang='lat' dir='ltr'><strong>eor·</strong></span> 
     </span>
     <span class='ocr_line' id='line_1_38' title="bbox 49 3500 983 3588; baseline 0.002 -26"><span class='ocrx_word' id='word_1_257' title='bbox 49 3500 214 3585; x_wconf 87' lang='lat' dir='ltr'><strong>poraliutu</strong></span> <span class='ocrx_word' id='word_1_258' title='bbox 238 3520 331 3585; x_wconf 83' lang='lat' dir='ltr'><strong>quam</strong></span> <span class='ocrx_word' id='word_1_259' title='bbox 355 3500 569 3588; x_wconf 81' lang='lat' dir='ltr'><strong>spiritualium.</strong></span> <span class='ocrx_word' id='word_1_260' title='bbox 591 3503 637 3565; x_wconf 80' lang='lat' dir='ltr'><strong>e&#39;st</strong></span> <span class='ocrx_word' id='word_1_261' title='bbox 659 3502 833 3567; x_wconf 81' lang='lat' dir='ltr'><strong>oonrmuuio</strong></span> <span class='ocrx_word' id='word_1_262' title='bbox 856 3504 983 3567; x_wconf 80' lang='lat' dir='ltr'><strong>aratoria</strong></span> 
     </span>
    </p>
   </div>
   <div class='ocr_carea' id='block_1_2' title="bbox 99 3586 941 3657">
    <p class='ocr_par' dir='ltr' id='par_1_2' title="bbox 99 3586 941 3657">
     <span class='ocr_line' id='line_1_39' title="bbox 99 3586 941 3657; baseline -0.004 -2"><span class='ocrx_word' id='word_1_263' title='bbox 99 3586 136 3655; x_wconf 90' lang='lat' dir='ltr'><strong>S.</strong></span> <span class='ocrx_word' id='word_1_264' title='bbox 169 3589 223 3653; x_wconf 84' lang='lat' dir='ltr'><strong>T.lr</strong></span> <span class='ocrx_word' id='word_1_265' title='bbox 247 3588 394 3657; x_wconf 83' lang='lat' dir='ltr'><strong>Summae</strong></span> <span class='ocrx_word' id='word_1_266' title='bbox 417 3589 497 3655; x_wconf 79' lang='lat' dir='ltr'><strong>Ptit</strong></span> <span class='ocrx_word' id='word_1_267' title='bbox 522 3589 555 3657; x_wconf 88' lang='lat' dir='ltr'><strong>ll</strong></span> <span class='ocrx_word' id='word_1_268' title='bbox 579 3590 610 3655; x_wconf 75' lang='grc' dir='ltr'><strong>ὅ.</strong></span> <span class='ocrx_word' id='word_1_269' title='bbox 900 3593 941 3652; x_wconf 68' lang='lat' dir='ltr'><strong>{d</strong></span> 
     </span>
    </p>
   </div>
   <div class='ocr_carea' id='block_1_3' title="bbox 0 0 1246 3975">
    <p class='ocr_par' dir='ltr' id='par_1_3' title="bbox 0 0 1246 3975">
     <span class='ocr_line' id='line_1_40' title="bbox 0 0 1246 3975; baseline 0 7"><span class='ocrx_word' id='word_1_270' title='bbox 0 0 1246 3975; x_wconf 95' lang='lat' dir='ltr'><strong> </strong></span> 
     </span>
    </p>
   </div>
  </div>
 </body>
</html>
