2484 3975
401 250 457 297 nte.
481 254 519 301 tv.
543 254 607 299 can.
631 253 693 299 nv.
960 229 1004 298 ⁷5

81 333 219 405 guantur
242 318 383 387 homines
406 323 438 386 in
462 325 508 389 his
525 342 605 409 quae
618 322 846 409 suntadjnneta
862 335 1001 388 naturae.

81 412 150 479 Non
172 430 248 495 ergo
270 409 302 475 in
324 409 435 477 divinis
456 411 587 479 dicenda
611 424 657 476 est
679 432 740 477 ona
775 430 905 498 persona
928 430 1000 497 pro·

79 515 150 588 pter
172 500 320 565 unitatem
343 500 495 566 essentiae
518 500 723 581 subsistentis,
745 498 800 565 sed
813 498 999 587 plurespro·

80 602 150 677 pter
171 587 345 655 relationes.

150 676 190 741 Ex
213 676 273 742 hoc
296 688 400 741 antem
426 690 507 764 patet
529 677 614 764 qood
649 676 680 741 to
715 675 798 762 qnod
832 688 879 740 est
916 675 1004 761 quasi

82 764 335 831 individuationis
358 766 543 853 principium
568 786 630 832 non
645 766 862 853 seqnituresse
877 766 907 829 in
931 764 1004 841 aii0;

81 874 155 920 nam
179 872 282 939 neque
305 855 436 919 essentia
460 855 562 920 divina
586 867 632 919 est
654 855 685 919 in
710 853 770 919 olio
797 853 876 927 Deo,
900 870 1003 939 neque

81 941 248 1029 paternitas
271 942 370 1007 estin
394 944 481 1009 Filio.
505 942 654 1025 Quamvis
676 956 781 1008 antem
814 940 896 1006 dnae
933 962 1002 1028 per-

81 1049 188 1108 sonae,
211 1028 308 1095 Patris
331 1031 445 1097 scilicet
468 1046 499 1098 et
522 1030 600 1106 Filii,
625 1051 688 1097 non
709 1031 940 1117 distinguantur
954 1051 1002 1095 es·

80 1120 190 1197 sentia,
213 1116 267 1184 sed
290 1119 449 1199 neia'tionc,
472 1142 535 1187 non
570 1133 673 1185 tamen
707 1120 814 1186 relatio
837 1132 883 1185 est
916 1118 1000 1185 aliod

82 1226 176 1293 qoam
199 1209 329 1274 essentia
352 1208 523 1275 seeundum
547 1229 627 1287 tem,
649 1228 721 1274 eom
746 1208 855 1273 relatio
877 1207 908 1273 in
932 1208 1001 1274 Deo

83 1295 227 1362 accidens
249 1315 401 1363 essenon
425 1298 529 1382 possit.
553 1298 616 1363 Nee
640 1298 700 1363 hoo
722 1297 913 1384 impossibiie
951 1317 1000 1363 ne·

81 1384 250 1471 putabitur,
271 1385 296 1450 si
319 1386 387 1470 qnis
403 1385 565 1471 diligenter
594 1386 768 1453 consideret
789 1406 827 1452 ea
864 1404 944 1472 quae
968 1387 999 1450 in

80 1474 183 1560 primo
205 1472 285 1539 libro
308 1473 510 1541 determinata
545 1488 627 1555 sunt,
664 1475 717 1541 ubi
757 1484 919 1540 ostensum
953 1486 1000 1537 est

79 1562 163 1647 quod
186 1561 218 1626 in
240 1561 307 1627 Deo
329 1577 401 1628 sunt
423 1564 562 1630 omnium
585 1564 702 1629 entium
718 1562 920 1650 perfectiones
935 1580 999 1627 non

80 1649 252 1716 secundum
275 1652 530 1737 compositionem
555 1652 700 1737 aliquam,
732 1650 788 1716 sed
827 1648 999 1715 meandum

80 1738 227 1825 simplicit
251 1741 402 1807 essentiae
425 1743 585 1807 unitatem.
608 1741 686 1806 Nam
721 1738 860 1805 diversae
897 1738 1001 1825 pecie-

81 1828 210 1903 etiones,
232 1832 308 1911 quas
331 1848 381 1893 res
403 1842 503 1894 eneam
528 1846 585 1915 pen
606 1829 718 1894 muitas
740 1827 858 1893 obtinet
872 1825 1000 1905 formos,

80 1916 148 1981 Deo
165 1928 342 2002 competunt
364 1918 535 1983 secondum
558 1936 652 1983 unam
675 1929 706 1981 ει
738 1914 909 2002 simplicem
932 1914 1000 2002 ejus

79 2005 256 2079 essentiam
275 2005 375 2070 nonno
399 2008 494 2083 enim,
516 2006 599 2093 quod
623 2019 668 2071 cst
691 2005 999 2093 animai,per,a1iam

78 2092 307 2158 formam-vivit
329 2107 360 2158 et
383 2115 439 2182 per
462 2096 553 2161 aliam
577 2106 624 2161 est
646 2095 767 2182 sapiens
790 2108 820 2159 et
836 2114 892 2180 pet·
906 2093 999 2160 aliam

79 2194 126 2246 est
145 2181 256 2266 justus;
279 2201 358 2269 quae
381 2185 484 2249 omnia
509 2183 576 2249 Deo
616 2203 672 2271 per
708 2183 873 2249 essentiam
889 2251 893 2260 ,
911 2203 1000 2250 suem

80 2270 277 2334 conveniunt.
309 2269 394 2336 Sicut
417 2272 509 2356 igitur
531 2273 679 2359 sapientia
700 2285 731 2336 ει
750 2271 866 2359 institia
889 2271 920 2335 in
944 2273 1001 2337 ho·

80 2358 166 2422 mine
188 2358 312 2443 quidem
335 2374 407 2424 suot
430 2361 608 2439 accidentia,
632 2362 663 2426 in
698 2360 766 2426 Deo
803 2372 906 2424 antem
929 2373 1001 2425 suin

81 2446 164 2512 idem
188 2445 272 2533 quod
295 2446 398 2512 divina
422 2450 563 2523 essentie,
578 2453 621 2515 sic
644 2450 746 2535 aliqua
787 2449 905 2525 relatio,
927 2460 1000 2533 pota

81 2535 270 2623 paternitatis
293 2549 323 2599 et
346 2534 510 2615 filiationis,
533 2537 589 2602 etsi
612 2539 643 2602 in
667 2536 844 2603 hominibus
859 2535 899 2599 sit
920 2537 1000 2601 acei-
1074 2598 1082 2612 s

81 2624 168 2701 dens,
192 2625 222 2690 in
246 2623 312 2689 Deo
335 2637 381 2690 est
405 2625 505 2690 divina
529 2627 671 2691 essentia.
700 2625 769 2690 Non
803 2636 907 2688 autem
929 2623 1000 2691 ideo

80 2713 191 2779 dicitur
213 2711 297 2800 quod
315 2712 416 2779 divina
439 2715 588 2801 sapientia
611 2716 649 2780 sit
671 2713 740 2799 ejas
762 2713 905 2786 essentia,
928 2733 1001 2779 eum

79 2804 112 2868 in
135 2800 224 2867 nobis
246 2801 392 2887 sapientia
417 2823 511 2889 super
534 2803 698 2869 essentiam
720 2801 825 2876 addat,
856 2802 942 2886 quasi
956 2801 1001 2866 di·

78 2892 148 2955 vina
171 2890 318 2976 sapientia
342 2911 359 2955 n
384 2905 485 2957 nostra
509 2893 659 2980 sapientia
682 2891 815 2970 denotat,
847 2889 902 2955 sed
927 2891 1000 2977 quia

76 2978 144 3064 ejus
167 2979 297 3044 essentia
321 2992 457 3046 nostram
481 2982 650 3046 essentiam
681 2979 813 3058 excedit,
851 2979 892 3044 ita
916 2979 1002 3065 qnod

76 3067 163 3133 idad
186 3067 279 3153 quod·
292 3069 422 3133 essentia
447 3083 552 3136 nostra
576 3089 639 3135 non
656 3068 777 3143 sufficit,
790 3068 905 3134 seiiicet
919 3069 1001 3132 seire

75 3169 109 3222 ct
128 3154 245 3241 justum
268 3175 345 3235 esse,
371 3157 456 3222 Deus
496 3158 667 3224 secundum
708 3177 796 3223 suam
834 3156 1000 3221 essentiam

76 3244 171 3310 habet
193 3243 336 3330 perfecte
360 3242 490 3332 Oportet
513 3247 607 3331 igitur
629 3246 713 3333 qood
735 3243 884 3331 quidquid
908 3243 1003 3310 nobis

78 3334 221 3398 convenit
245 3333 415 3403 seeundum
439 3336 605 3400 essentiam
628 3348 660 3400 et
681 3334 863 3420 sapientiam
893 3331 1005 3397 distin--

79 3420 561 3499 etim,sitnu1Deosccundnm
599 3424 764 3489 essentiam
801 3441 890 3488 suom
915 3421 1001 3485 attei-

80 3507 202 3575 buatur.
219 3509 252 3575 Et
274 3510 381 3578 similis
405 3511 482 3579 ratio
505 3513 536 3580 in
553 3512 627 3580 aliis
648 3526 680 3581 et
706 3508 998 3586 observandassom
