2484 3975
211 192 279 260 ili
546 215 604 260 nto.
628 215 666 260 tt.
689 213 752 262 nte.
777 216 835 262 tut.
897 221 898 224 ¹

213 279 395 369 praedicari,
421 302 485 348 uon
524 283 625 349 solum
659 285 732 370 quia
766 299 811 350 est
845 280 1048 370 impossibile,
1083 281 1143 348 setl

212 373 307 435 etiam
332 371 404 457 quia
427 387 474 437 est
495 374 655 450 indecens,
686 373 830 440 insistunt
866 371 1004 439 inlideles
1027 370 1068 436 ati
1094 374 1145 437 iu·

211 460 397 525 carnationis
409 461 687 547 impugnationem,
701 483 762 527 nun
775 463 875 528 solum
889 463 1019 524 nitentes
1036 475 1144 525 osteu-

212 550 287 614 dere
310 568 380 615 ease
400 550 589 637 impoaaibile
611 550 696 636 qnod
714 553 790 617 litlee
806 549 955 616 catholiea
972 548 1145 635 praedicat,

212 637 382 702 sedetiam
406 639 611 724 incongruunt
646 658 713 704 esee
736 654 767 706 et
796 640 933 705 divinam
970 639 1141 703 bonitatem

212 745 276 792 uon
300 725 422 792 decere.

177 813 179 818 ’
281 815 332 879 Est
353 818 437 879 enim
460 814 582 881 divinae
605 815 734 882 bonitati
757 817 946 883 conveniens
970 826 1003 879 ut
1029 817 1139 880 omnia

212 925 304 970 auum
329 903 471 969 ordinem
494 918 629 970 teneant.
652 907 828 972 letantem
855 907 904 970 hio
930 905 1008 970 ordo
1030 923 1142 969 rerum

213 1006 248 1057 at
268 992 355 1058 Deus
380 993 420 1056 eit
451 1014 545 1080 tuper
579 995 683 1060 omnia
708 995 867 1070 exaltatus,
902 995 997 1058 ltomo
1031 1004 1141 1058 autem

213 1083 292 1148 inter
315 1081 438 1146 iniimus
458 1097 615 1149 creaturas
631 1084 833 1150 contineatur.
848 1083 916 1148 Non
940 1082 1032 1165 igitur
1048 1081 1142 1147 deeet

145 1182 151 1198 ¹
213 1170 351 1235 tliainanr
373 1169 565 1255 majestatem
589 1173 745 1237 humanae
769 1187 896 1239 naturae
919 1172 1010 1236 uniri.

213 1297 217 1302 ‚
281 1259 370 1338 ltem,
392 1261 416 1323 ai
447 1263 634 1326 conveniens
657 1260 713 1326 luit
736 1262 838 1327 Deum
875 1262 1034 1326 hominem
1060 1258 1143 1335 fieri,

214 1349 349 1434 oportuit
372 1349 432 1412 hoe
454 1368 521 1413 esse
549 1364 674 1436 propter
708 1351 841 1437 aliquam
878 1349 1039 1414 utilitatem
1065 1349 1143 1412 iude

214 1438 457 1524 provenientem.
481 1437 542 1503 Sed
573 1459 790 1525 quaeeunque
812 1438 924 1503 utilitas
948 1437 1049 1514 detur,
1064 1456 1140 1501 eum

212 1525 297 1590 liene
332 1525 529 1613 omnipotens
564 1530 612 1605 eit,
650 1527 731 1594 hano
768 1527 928 1592 utilitatem
963 1525 1142 1612 producere

214 1616 312 1700 potnit
333 1614 398 1679 sola
420 1635 476 1679 sua
499 1615 665 1680 uoluntate.
688 1616 765 1681 Cum
782 1616 874 1702 igitur
889 1615 1141 1700 unumquodque

213 1703 287 1768 lieri
302 1705 465 1768 conveniat
487 1724 582 1790 quam
605 1705 785 1769 brevissime
797 1718 906 1792 potent,
922 1724 985 1768 uon
998 1703 1139 1789 oportuit

211 1793 296 1877 quoti
318 1792 411 1870 Deua,
446 1807 572 1878 propter
604 1793 783 1878 hujusmodi
817 1793 989 1872 utilitatem,
1023 1794 1138 1857 liuma-

211 1901 284 1945 nam
308 1894 449 1945 naturam
471 1882 528 1946 sibi
553 1882 664 1946 uniret.

148 2033 151 2037 .
277 1969 397 2050 Adhuc,
419 1969 496 2037 Cum
521 1970 604 2036 Dens
627 1973 665 2036 sit
681 1969 861 2037 universalis
877 1969 1015 2035 omnium
1033 1989 1141 2049 causat,

212 2058 253 2123 ad
276 2060 436 2124 utilitatem
461 2060 554 2125 totius
582 2063 787 2125 universitatis
811 2080 917 2125 rerum
951 2078 1023 2123 eum
1048 2078 1140 2145 prae-

208 2148 301 2235 tipne
321 2150 481 2213 intendere
508 2163 639 2235 oportet.
675 2148 737 2214 Seu
772 2148 941 2235 assumptio
977 2147 1139 2211 humanae

207 2250 336 2302 naturae
365 2238 467 2303 solum
493 2239 533 2302 ad
557 2239 722 2303 utilitatem
748 2238 882 2302 huminis
898 2235 1040 2322 pertinet.
1064 2234 1136 2299 Non

209 2326 303 2410 igitur
332 2324 389 2391 luit
417 2326 604 2392 conveniens
638 2327 734 2415 quud,
770 2328 795 2391 si
828 2326 961 2389 alienam
991 2339 1138 2391 naturam

208 2412 473 2482 beatissumae
496 2414 654 2494 debuerit,
673 2415 775 2481 aulum
800 2429 941 2480 naturam
965 2414 1138 2479 humanam

209 2505 419 2590 assumpserit.

275 2592 427 2679 Amplius,
448 2592 572 2675 Quanto
594 2590 711 2677 aliquid
734 2605 780 2657 est
803 2591 893 2657 alicui
909 2590 1008 2676 magis
1022 2590 1139 2670 simile,

210 2693 296 2746 tanto
319 2685 347 2745 ei
370 2682 603 2747 convenientius
633 2684 746 2746 unitur.
777 2681 844 2745 Deo
878 2696 981 2745 autem
1005 2679 1139 2745 similior

211 2770 466 2857 etpropinquior
498 2783 544 2835 est
572 2770 710 2854 angelica
735 2784 843 2835 natura
868 2789 962 2855 quant
986 2769 1137 2833 humana.
1218 2786 1219 2805 ³

211 2855 278 2920 Non
303 2859 396 2943 igitur
416 2858 604 2924 conveniens
627 2858 682 2923 luit
705 2878 864 2924 assumere
897 2870 1040 2922 naturam
1076 2857 1137 2921 ltu-

212 2965 349 3027 manam,
370 2946 508 3032 angelioa
532 2948 758 3034 praetermissa.

279 3036 366 3114 ltem,
389 3037 422 3101 ld
446 3036 528 3121 quod
553 3050 601 3101 est
624 3037 807 3123 principium
832 3034 880 3118 (l)
906 3032 1138 3098 inltomineest

207 3123 406 3210 intelligentia
431 3126 576 3202 veritatis,
598 3126 629 3189 in
660 3146 723 3212 quo
747 3126 867 3189 videtur
891 3124 1009 3187 homini
1033 3123 1135 3207 impe·

206 3213 380 3279 dimentum
416 3214 575 3300 praestari,
603 3214 629 3279 si
665 3214 750 3279 Deus
784 3214 952 3279 humanam
988 3224 1132 3275 naturam

206 3304 382 3388 amumpsit3
405 3305 495 3368 datur
526 3303 610 3366 enim
634 3302 662 3366 ei
686 3322 723 3367 ea
761 3302 821 3369 lton
854 3304 968 3365 erroris
999 3300 1134 3381 occasio,

205 3402 239 3454 ut
259 3391 431 3455 consentiat
464 3391 512 3455 hia
533 3391 589 3476 qui
624 3406 794 3477 posuerunt
827 3390 929 3454 Deum
963 3407 1026 3453 non
1061 3408 1133 3451 eoae

256 3492 295 3562 (l)
313 3494 485 3564 Principium,
503 3496 522 3548 i.
539 3512 564 3547 e.
582 3495 726 3565 principato
745 3510 792 3549 seu
809 3494 990 3566 praecipuum.
