2484 3975
216 212 280 280 330
492 246 495 252 ·
590 235 764 282 oausautun
935 273 939 283 .

213 303 356 391 eorporis
390 305 596 373 mediantibus
633 308 696 372 suis
734 305 898 392 potentiis,
935 304 991 372 se'd
1037 306 1143 374 anima

212 413 269 479 per
290 393 425 480 seipsam
450 408 496 460 est
519 403 604 460 aetus
627 397 764 482 eorporis
798 395 874 460 dans
912 415 980 460 esse
1000 399 1142 482 ¹torpori

211 481 400 568 speeifieunr;
424 483 546 570 aliquae
568 498 672 549 antem
695 485 849 570 potentiae
876 481 944 568 ejus
966 497 1038 550 sunt
1055 498 1141 550 aetus

211 570 344 656 partium
361 573 569 657 quorumdum
586 574 735 660 eorporis,
759 572 954 660 perficientes
983 575 1065 660 ipsas
1101 574 1141 639 ad

211 659 329 744 aliquas
351 662 556 746 operationes.
581 661 632 726 Sie
655 681 730 747 ergo
754 661 890 748 potentia
921 675 1070 750 quaeest
1094 662 1142 726 in-

213 748 353 814 tellectus
376 749 490 816 nuliius
516 751 650 836 partium
676 752 814 837 eorporis
852 764 937 816 aetus
975 763 1031 828 est,
1069 752 1142 837 quia

214 837 281 921 ejus
303 838 441 924 operatio
476 860 538 905 oon
562 839 595 905 iit
620 859 676 926 per
712 859 864 925 organum
899 838 1071 926 corporale.
1095 839 1142 920 Et,

213 947 256 991 ne
277 926 368 992 alicui
392 928 530 994 rideatur
552 927 636 1014 quod
659 929 718 994 hoo
742 949 777 994 ex
801 941 907 994 nostro
941 949 1033 994 sensu
1057 927 1141 994 diea-

214 1035 285 1082 mus
307 1029 429 1102 praeter
443 1017 613 1082 Aristotelio
634 1018 847 1096 intentionem,
869 1015 1044 1082 inducendo
1066 1033 1139 1082 sunt

214 1104 308 1170 rerba
324 1106 495 1172 Aristotelis
519 1122 664 1193 expresse
681 1105 741 1172 hoo
755 1105 894 1172 dicentis.
911 1107 1040 1187 Quaerit
1054 1105 1139 1170 enim

212 1193 374 1279 (physio,
398 1195 449 1280 2)
468 1215 567 1281 usque
590 1194 633 1258 ad
652 1203 801 1280 quantum
818 1209 957 1282 oporteat
970 1215 1141 1278 eognosce-

211 1303 246 1348 re
268 1283 402 1369 speeiem
425 1299 457 1350 et
479 1283 562 1370 qood
585 1283 659 1369 qnid
695 1298 751 1360 est;
786 1305 847 1349 non
884 1283 969 1348 euim
1008 1303 1137 1348 ornnem

209 1372 343 1436 formam
365 1372 561 1439 considerare
580 1374 712 1460 pertinet
734 1372 773 1439 ad
798 1374 971 1459 physieom3
994 1386 1024 1437 et
1047 1371 1139 1438 solvit

209 1460 357 1526 subdeusr
389 1463 476 1529 «Aut
498 1461 764 1547 quemadmodum
789 1463 927 1528 medians
945 1481 1077 1530 nervum
1106 1475 1138 1526 et

209 1549 296 1615 saber
330 1570 383 1616 aes
418 1571 625 1637 usquequo»,
650 1551 680 1616 id
714 1566 759 1618 est
792 1572 891 1637 usqne
924 1551 963 1616 ad
997 1549 1136 1636 aliquem

210 1639 388 1713 terminum
410 1654 440 1705 et
463 1649 561 1726 osque
597 1640 635 1704 ad
670 1647 762 1726 quem
787 1640 955 1706 terminum
989 1639 1137 1715 ostendit,

210 1727 358 1796 subdens:
381 1728 500 1815 «Cujus
523 1729 606 1794 enim
630 1750 721 1795 eausa
738 1729 1028 1815 unumquodque»,
1044 1729 1135 1814 quasi

212 1818 304 1884 dieat:
327 1819 361 1883 in
395 1831 514 1884 tantum
548 1818 687 1884 medicus
721 1819 895 1884 considerat
931 1835 1062 1883 nervom
1102 1817 1133 1880 in

209 1921 359 1992 quantum
383 1909 513 1995 pertinet
535 1907 574 1972 ad
596 1907 770 1984 sanitatem,
793 1919 918 1995 propter
946 1925 1039 1992 quam
1064 1925 1135 1970 ner·

210 2018 284 2062 rum
322 1997 460 2063 medicus
494 1997 680 2075 consideran
714 2013 744 2064 et
776 1998 916 2063 similiter
950 1996 1036 2061 iaber
1069 2016 1134 2071 aes,

210 2099 336 2172 propter
358 2086 531 2151 artificium:
553 2098 585 2151 et
607 2088 678 2172 quia
703 2087 847 2175 physicus
872 2084 1046 2151 considerat
1071 2081 1134 2148 ior-

209 2196 293 2240 naam
318 2176 348 2241 in
371 2190 521 2261 quantum
544 2188 592 2240 est
612 2176 644 2240 in
668 2176 796 2241 materia
818 2175 893 2262 (sie
908 2174 991 2239 enim
1009 2186 1056 2237 est
1069 2170 1134 2237 for·

211 2285 261 2329 ma
284 2266 422 2350 eorporis
454 2263 632 2350 mobilis),
664 2264 805 2331 similiter
837 2262 1050 2349 aoeipieodum
1087 2275 1135 2327 est
1235 2278 1236 2304 t

208 2353 292 2439 quod
306 2353 455 2419 naturalis
471 2353 502 2419 in
518 2367 637 2419 tautum
653 2354 827 2419 considerat
843 2352 975 2417 sormam
990 2353 1021 2415 in
1034 2370 1133 2435 quan-

207 2458 273 2507 tum
297 2456 343 2509 eat
365 2444 396 2508 in
418 2440 558 2507 materia.
581 2442 747 2509 Terminus
770 2462 845 2527 ergo
875 2440 1135 2507 considerationis
1233 2458 1235 2465 ’

206 2531 324 2617 physici
347 2531 386 2597 de
409 2530 516 2597 formis
538 2545 585 2597 est
606 2531 638 2595 in
661 2530 767 2597 formis
783 2538 863 2617 quae
885 2541 956 2594 arant
979 2528 1009 2593 in
1034 2541 1134 2595 mate·

207 2620 252 2684 ria
275 2620 517 2705 quodammodo,
539 2633 570 2685 et
592 2620 652 2685 aiio
668 2619 762 2685 modo
776 2638 839 2684 uon
856 2632 928 2683 sunt
943 2618 973 2683 in
991 2618 1133 2696 materia;

205 2710 281 2775 istae
303 2709 388 2775 enirn
410 2708 529 2775 formae
549 2722 623 2774 suot
645 2708 676 2772 in
699 2708 834 2774 confinio
846 2706 1017 2772 formarum
1038 2726 1133 2793 sepa·

206 2812 343 2863 ratarum
366 2812 397 2861 et
420 2798 681 2874 immaterialium
705 2797 788 2862 uode
810 2795 924 2862 subdit:
954 2822 969 2853 ι
991 2794 1025 2859 Εῑ
1049 2796 1132 2861 eirea

203 2887 265 2953 hoe
287 2886 429 2970 (seilicet
452 2901 498 2951 est
521 2886 726 2951 consideratio
764 2883 939 2969 naturalis)
960 2884 1000 2949 de
1023 2882 1133 2950 formis

204 2989 378 3060 quaesunt
403 2990 562 3062 separatae
585 2976 722 3061 quidem,
746 2976 864 3062 species
880 2988 983 3038 autem
1007 2971 1039 3037 in
1064 2993 1131 3038 tna·

203 3066 332 3131 teria».
354 3064 442 3145 Quae
465 3078 567 3129 autem
591 3065 651 3134 sint
673 3062 749 3129 istae
765 3063 884 3135 iorrnae
900 3060 1043 3139 ostendit,
1058 3062 1130 3127 sub·

203 3155 292 3221 dens:
323 3182 337 3211 a
360 3154 460 3218 Homo
483 3154 566 3219 enim
592 3154 751 3219 hominem
775 3166 905 3238 generet
929 3171 965 3215 ex
990 3151 1132 3229 materia,

203 3257 234 3309 et
255 3244 300 3309 soi
324 3270 355 3306 ».
379 3244 491 3308 Forma
515 3259 592 3327 ergo
615 3242 749 3309 hominis
772 3255 818 3307 est
833 3243 864 3307 in
882 3241 1022 3318 materia,
1038 3252 1068 3304 et
1085 3252 1143 3305 est¹
1232 3270 1233 3273 ¹

201 3344 352 3418 separata:
375 3333 406 3396 io
430 3330 558 3396 materia
581 3331 719 3417 quidem,
757 3331 929 3397 seeundum
953 3328 1128 3415 essequod

202 3420 254 3484 dat
276 3421 397 3506 corpori
421 3419 495 3505 (sie
516 3420 601 3483 enim
625 3432 672 3485 est
694 3440 785 3485 eausa
809 3418 1016 3505 generationis
1033 3418 1057 3499 );
1079 3436 1127 3481 se·
1231 3470 1232 3479 ,

202 3519 306 3589 parata
330 3519 445 3584 autem,
468 3507 641 3573 seeundum
666 3509 808 3577 virtutem
832 3530 911 3597 quae
934 3520 981 3573 est
1003 3504 1128 3595 propria
