2484 3975
1220 25 1224 140 l

215 186 281 252 tet
592 201 763 254 orusoututt

216 275 296 342 fieri.
321 271 386 340 lloe
408 285 513 339 autem
535 293 573 339 ex
596 296 658 363 quo
681 275 797 363 aliquid
820 274 854 341 lit
876 285 921 341 est
944 273 1085 340 materia.
1108 272 1144 339 Si
1170 292 1174 300 ·

215 364 309 449 igitur
331 362 503 449 spirituales
525 363 713 431 substantiae
736 364 896 430 materiam
921 384 982 430 non
1014 363 1145 438 babent,

216 471 411 538 consequens
435 450 556 518 ridetur
577 473 629 518 eas
652 455 781 520 omuino
803 473 926 518 oausam
939 452 985 518 sui
999 471 1144 518 essenon

216 542 343 608 habere.
660 595 663 604 .

283 629 411 707 Rursus,
433 627 513 694 Fieri
534 630 654 695 moueri
675 629 832 716 quoddam
855 643 901 696 est
938 628 986 694 rel
1020 630 1146 696 mutari.

217 717 393 784 Mutationis
416 730 520 782 autem
544 719 646 784 omnis
668 733 699 784 et
712 731 816 786 motus
832 715 1003 803 subjeetum
1018 716 1146 804 aliquod

217 827 286 872 esse
308 817 438 892 oportue
460 819 506 869 est
543 808 627 871 enim
662 822 764 872 ntotus
801 821 887 872 aetus
921 807 1078 870 existentis
1115 806 1147 870 in

217 896 362 983 potentia.
386 891 515 981 Oportet
537 894 630 980 igitur
652 897 736 960 omni
761 897 788 962 ei
812 895 895 981 qnod
909 895 951 973 lit,
964 895 1147 980 subjeetum

217 983 341 1070 aliquod
365 983 578 1068 praeexistere.
602 983 781 1070 spirituales
817 986 909 1070 igitur
942 985 1148 1062 substantiae,

218 1075 244 1138 si
266 1071 485 1149 immateriales
507 1085 590 1148 suot,
613 1071 711 1138 lautae
734 1093 801 1139 esse
824 1094 886 1138 non
904 1087 1041 1160 possunt.

286 1162 374 1237 ltere,
398 1159 431 1225 ln
455 1161 591 1245 qualibet
612 1160 756 1242 lectione,
785 1182 857 1228 oum
895 1163 1073 1248 pervenitur
1107 1158 1148 1226 ad

219 1249 334 1315 laetum
357 1269 426 1314 esse
448 1248 602 1328 ultimum,
638 1272 700 1315 non
739 1263 879 1316 remanet
915 1249 1032 1336 aliquid
1067 1250 1148 1329 lieri,

219 1339 299 1404 sieut
321 1357 378 1401 neo
400 1351 469 1425 post
491 1336 634 1404 ultimum
657 1353 777 1406 motum
814 1359 881 1406 esse
918 1351 1057 1404 remanet
1082 1359 1149 1404 mo·

221 1428 294 1491 ueri.
318 1424 466 1492 Videmus
488 1441 603 1506 autem,
626 1429 656 1492 in
682 1429 728 1492 ltis
751 1447 831 1514 quae
853 1427 1150 1512 generantur,quod

220 1514 468 1600 unumquodque
489 1535 598 1581 eorum
623 1530 695 1582 tono
718 1516 831 1582 laetum
845 1517 1146 1602 essedioitur,quasi

220 1605 382 1671 terminata
405 1602 547 1683 faotione,
568 1606 693 1691 quaudo
717 1606 825 1690 aeoipit
848 1603 1148 1681 iormam3estenim

222 1692 322 1759 iorma
343 1694 549 1776 generationis
574 1695 732 1760 terminus.
756 1693 871 1779 Adepta
906 1695 998 1775 igitur
1037 1692 1148 1770 lorma,

221 1801 285 1847 nou
309 1794 403 1846 restat
425 1779 540 1869 aliquid
564 1781 712 1848 tiendum.
738 1782 861 1848 llabent
884 1782 977 1866 igitur
1013 1780 1149 1847 sormam

222 1891 285 1934 non
309 1869 342 1934 fit
363 1889 432 1943 ens,
454 1871 508 1936 sed
532 1884 579 1936 est
600 1890 657 1936 ens
680 1872 851 1936 seeundum
875 1891 964 1936 suam
1002 1869 1148 1937 formam.
1223 1935 1224 1942 ,

222 1957 254 2023 st
279 1958 371 2043 igitur
392 1958 508 2045 aliquid
529 1961 569 2025 sit
591 1960 762 2027 seeundum
786 1979 820 2025 se
843 1958 952 2038 forma,
986 1958 1046 2025 hoe
1084 1981 1149 2026 nou

221 2048 257 2113 tir
280 2068 344 2112 ens
367 2047 547 2135 Spirituules
570 2061 674 2115 autem
696 2048 885 2115 substantiae
900 2064 972 2115 sunt
993 2049 1149 2135 quaedam

223 2136 343 2201 lortnae
364 2137 575 2217 subsistentes,
597 2152 632 2204 ut
665 2159 703 2205 ex
761 2138 915 2206 raemissis
950 2136 1151 2205 manifestum
1222 2176 1223 2229 p

222 2238 278 2291 est.
302 2224 370 2290 Non
392 2227 485 2310 igitur
506 2226 679 2314 spirituales
702 2160 890 2293 salamitae
912 2228 959 2293 sui
981 2246 1049 2293 esse
1075 2246 1152 2293 eau·
1221 2270 1222 2281 a

223 2334 290 2378 sato
317 2314 442 2393 babent,
465 2315 551 2401 quasi
575 2315 614 2381 ab
638 2316 699 2383 alio
721 2314 828 2381 laetae.

290 2401 396 2468 Posset
417 2405 527 2490 aliquis
549 2404 589 2469 ad
612 2405 671 2471 boe
695 2404 903 2489 argumentari
925 2423 963 2469 ex
992 2402 1152 2491 opinioni·

222 2491 471 2559 bus-Aristotelis
492 2507 523 2557 et
545 2492 691 2571 Platonis,
713 2494 767 2581 qtu'
792 2492 967 2578 hujusmodi
1003 2492 1151 2559 substan·
1220 2546 1221 2561 ,

223 2581 280 2645 tias
303 2595 421 2666 ponunt
443 2602 511 2647 esse
532 2581 744 2668 sempiternes.
768 2582 893 2647 Nullum
916 2582 1152 2667 autemsempi·

221 2683 345 2736 ternum
368 2670 578 2736 videturesse
600 2671 725 2751 laetum,
748 2672 819 2756 quia
849 2691 904 2735 ens
942 2670 975 2735 lit
1011 2690 1049 2735 et
1083 2689 1152 2735 non
1220 2722 1221 2737 2

223 2774 306 2838 ente,
328 2759 407 2823 siout
428 2759 534 2825 album
557 2778 595 2825 ex
619 2780 682 2825 nou
705 2759 786 2838 albo;
810 2759 892 2825 uode
916 2758 1036 2825 ridetur
1074 2777 1152 2825 coo·
1220 2776 1221 2792 ¹

222 2866 357 2935 sequens
378 2862 412 2913 ut
433 2847 517 2934 quod
540 2846 574 2914 lit
597 2850 682 2936 prius
704 2869 767 2914 uon
789 2846 890 2913 luerit.
903 2847 954 2913 Sir
966 2848 1058 2931 igitur
1074 2866 1152 2913 uou-

222 2950 435 3023 aequamen,
458 2939 484 3003 si
507 2938 680 3025 spirituales
702 2937 891 3003 substantiae
929 2950 1001 3002 sunt
1033 2937 1153 3023 sempi-

221 3039 341 3103 ternae,
362 3027 447 3112 quod
469 3046 533 3091 non
556 3027 617 3092 rint
639 3024 747 3105 inette,
770 3045 828 3091 nee
852 3024 987 3091 babeant
1008 3025 1056 3091 sui
1078 3043 1153 3091 esse

224 3115 412 3203 principium
435 3128 467 3181 et
487 3133 625 3181 oausam.

291 3202 353 3269 Sed
376 3205 402 3269 si
423 3204 492 3290 quis
513 3201 677 3289 diligenter
699 3200 882 3279 consideret,
905 3201 944 3269 ab
966 3201 1077 3267 eadem
1098 3220 1154 3267 ra·

225 3292 295 3356 tliee
317 3292 451 3357 inveniet
474 3294 555 3356 bano
575 3293 754 3377 opinionem
778 3290 947 3379 proaedere
967 3303 999 3355 et
1029 3290 1155 3375 praedi·

225 3392 318 3457 etam,
333 3381 405 3465 quia
417 3381 580 3445 materiam
594 3401 609 3445 s
633 3380 804 3447 iritualibus
819 3379 997 3446 substantiis
1012 3377 1155 3444 adhibet.

226 3465 379 3533 Processit
400 3469 485 3533 enim
506 3401 681 3555 suptualleta
714 3467 820 3557 opinio
854 3488 892 3535 ex
929 3468 990 3535 boe
1022 3465 1156 3555 quidem
