2484 3975
468 249 656 296 nissanrtrro
957 229 1017 296 561

89 351 106 384 ι
140 319 312 398 mantione,
335 318 449 405 aliquid
474 339 564 405 posse
588 315 1021 406 inspicere-jucundissimum

90 441 106 472 s
138 424 184 478 est
206 439 238 475 ι.
263 409 400 496 Sapienti
423 409 630 495 prudentique
664 406 793 472 oonsilio
831 406 1022 474 adamussim

39 583 45 592 ,
90 501 263 589 respondet
286 518 364 586 opus
387 496 472 586 quod
495 497 630 583 Aquinas
652 496 856 563 elucubravit.

214 677 265 742 VI.
291 675 536 742 Commentarius
560 674 719 740 Francisci
744 671 907 760 sylvestri.

163 852 373 939 Amplissima
396 853 427 917 in
451 852 621 938 hocopus,
644 871 707 937 quo
730 850 770 916 de
793 851 926 936 agimus,
940 847 1031 916 Com·

94 944 253 1012 monteria
288 942 408 1026 scripsit
444 941 627 1016 Franciscus
665 939 831 1026 sylvester,
865 939 961 1025 petria
999 953 1031 1005 et

93 1033 258 1118 religionis
294 1029 490 1117 prblessione
528 1029 734 1107 ferrariensis,
755 1029 899 1113 Magister
936 1028 1030 1094 etiam

93 1121 260 1188 Generalis
284 1120 376 1184 totius
398 1117 522 1185 Ordinis
547 1119 811 1191 Praedicatorum‚
836 1137 918 1182 anno
945 1117 1031 1183 1515

94 1212 228 1276 electus.
255 1207 369 1272 Eadem
393 1208 601 1294 compleverat
624 1221 734 1273 auctor
757 1221 788 1272 et
804 1206 953 1273 Clementi
966 1205 1032 1286 Vll,

93 1297 241 1366 Pontifici
253 1297 397 1372 Maximo,
432 1310 664 1381 nuncupaverat
700 1297 869 1373 Bononiae,
892 1293 1032 1362 kalendis

93 1387 260 1455 sextilibus
283 1385 448 1454 MDXXlll.
460 1406 522 1470 quo
534 1385 668 1451 Veneriis
682 1387 830 1471 impressa
846 1383 933 1449 sucre
944 1405 1031 1450 sum·

93 1499 145 1542 ma
173 1475 334 1560 diligentia
351 1488 382 1539 et
403 1474 545 1561 expensis
567 1474 685 1540 Nobilis
708 1475 770 1541 Viri
793 1475 832 1540 D.
855 1473 1032 1539 Lucae-An·

94 1566 174 1632 tonii
200 1564 294 1630 Junta
318 1563 483 1641 florentini,
506 1563 556 1628 die
583 1565 624 1629 10
647 1562 800 1640 Octobris,
824 1565 855 1628 in
879 1561 962 1628 lolio.
980 1562 1032 1627 'l’i-

97 1655 184 1721 tulus
208 1666 265 1718 est:
291 1652 402 1718 Sancti
429 1653 683 1718 Tlromaeconlro
699 1653 836 1719 Gentiles
859 1672 928 1715 cum
943 1652 1032 1716 Com-

97 1744 268 1810 mentariis
305 1742 466 1806 Francisct'
503 1742 715 1808 Ferrariensis
754 1742 831 1807 Ord.
860 1739 1031 1806 Praedica-

98 1847 215 1901 lorum.

165 1919 253 1984 Hane
276 1919 434 2004 ignorasse
458 1919 628 1984 editionem
644 1918 766 1984 videtur
775 1917 907 1984 lacobus
919 1917 1033 1985 Echar·

97 2010 172 2089 dus,
195 2006 285 2093 cujus
309 2010 385 2074 haec
407 2008 500 2074 verba
525 2022 597 2073 sunt
622 2008 653 2073 in
680 2008 786 2093 Elogio
809 2008 923 2073 laudati
961 2008 1033 2094 syt-

99 2098 210 2164 vestri:
242 2124 255 2156 ι
278 2097 462 2163 Prodicrunt
485 2096 498 2174 (
516 2095 744 2163 Commentaria
760 2102 771 2187 )
790 2097 828 2164 ab
844 2098 911 2182 ejus
932 2111 1034 2163 morte

98 2216 113 2248 ι
145 2191 263 2273 (quae
288 2186 400 2252 accidit
422 2206 504 2253 anno
531 2185 617 2251 1528
636 2187 660 2266 ),
684 2187 813 2252 seorsim
828 2187 1033 2253 etsinetestu

99 2305 116 2336 ι
147 2276 182 2342 S.
212 2275 364 2353 Doctoris,
404 2275 536 2353 Parisiis,
576 2274 673 2351 lbbb;
710 2276 742 2340 in
771 2276 843 2342 lolio
880 2274 1033 2360 lugduni,

102 2394 117 2426 ι
151 2364 252 2437 1557,
275 2380 304 2430 et
328 2364 524 2449 Antuerpioe‚
552 2364 651 2441 1568;
674 2378 792 2450 postea,
815 2385 886 2429 curn
910 2364 941 2429 S.
954 2363 1038 2429 Tito-

103 2482 119 2515 s
152 2474 225 2519 mae
249 2454 388 2562 liperum
413 2453 600 2518 editionibus
624 2449 821 2537 generalibus
836 2456 850 2537 (
865 2467 950 2518 torno
974 2452 1037 2540 lx)

105 2563 236 2700 1555515
251 2542 413 2706 1551115555
418 2562 507 2717 npibste
510 2541 750 2695 obbrramrbbbibs
772 2541 1041 2717 n'u'nebbarbibffi

108 2734 229 2810 prostat
249 2720 531 2805 lonrrn.·Baptistae
555 2720 673 2804 Egnatii
698 2719 831 2806 Epistola
856 2719 894 2783 ad
933 2719 1041 2785 Lecto·

111 2831 193 2888 retu,
216 2811 268 2877 ubi
292 2810 332 2874 de
356 2809 512 2893 Aquinaris
546 2828 640 2895 opere
681 2808 725 2874 sic
763 2808 940 2895 pronuntiet
988 2807 1041 2876 Vir

112 2900 321 2966 doctissimus:
353 2927 366 2960 ι
389 2897 481 2981 Quod
506 2918 594 2984 opus,
616 2897 656 2963 ad
690 2897 860 2963 multorum
893 2896 1041 2964 Veterum

111 2988 306 3143 ltdlll.
319 2984 966 3162 “tlttlltttldl‘nztltlt.
983 3005 1042 3141 'Ii‘

110 3166 266 3247 sudarint,
288 3164 420 3232 conferri
443 3186 515 3231 curn
538 3165 617 3230 Divo
641 3164 763 3231 Thomu
788 3164 905 3251 possint
939 3188 971 3228 a.
1000 3212 1009 3229 .
1033 3212 1042 3229 .
