2484 3975
189 173 253 238 tus
328 226 332 233 .
566 194 737 240 causentur

249 262 311 326 Nec
333 273 433 347 potest
455 262 559 327 dicere
582 263 691 349 aliquis
715 262 797 349 qnod
829 261 1111 346 intelligibilitatem

183 372 245 417 non
269 348 418 436 impediat
441 352 567 416 materia
591 352 757 438 quaelibet,
788 352 842 417 sed
877 352 1005 416 rnateria
1044 372 1116 416 cor·

183 440 296 526 poralis
320 451 448 504 tantum.
472 439 503 504 Si
525 442 610 505 enim
636 442 693 505 lroc
718 454 798 506 essct
821 440 939 505 ratione
963 441 1113 505 materiae

182 527 350 613 corporalis
373 540 504 605 tanturn,
525 550 597 595 cunr
620 531 748 594 materia
773 550 834 595 non
858 528 978 594 dicatur
1001 550 1115 616 corpo·

182 618 255 681 ralis
278 615 335 681 nisi
359 617 529 683 secuudum
553 618 637 703 quod
661 632 720 683 stat
746 618 804 683 rub
828 616 928 683 farma
952 638 1115 704 corporea,

182 720 256 771 tunc
278 718 434 792 oporteret
455 707 539 791 quod
562 708 623 771 lroc
647 708 774 773 haberet
796 707 924 773 materia
957 728 976 772 a
1013 706 1113 772 forma

183 794 349 882 corporali,
370 794 484 860 scilicet
506 796 658 881 impedire
682 795 970 881 intelligibilitatem.
996 796 1030 859 ta
1053 796 1115 861 boc

184 905 246 948 non
272 898 370 968 potest
394 903 473 961 esse,
496 884 568 968 quia
591 897 619 947 et
645 885 712 971 ipsa
735 884 834 949 lornra
852 884 1020 969 corporalis
1043 899 1114 949 actu

182 970 381 1056 intelligibilis
394 986 451 1050 est,
474 973 551 1037 sicut
574 987 604 1037 et
626 971 705 1038 aliae
728 972 859 1047 farinae,
883 973 1005 1039 scilicet
1029 993 1113 1058 quae

183 1060 343 1125 amatoria
367 1060 595 1125 abstrahuntur.
620 1060 709 1127 Unde
744 1061 775 1126 in
800 1062 902 1127 anima
927 1060 1111 1127 intellectiva

185 1163 215 1212 et
243 1149 498 1230 inintelligentia
529 1150 616 1215 nullo
651 1150 745 1215 inodo
780 1168 826 1217 est
861 1152 1044 1237 compositio
1074 1171 1114 1216 ex

183 1238 309 1301 materia
333 1251 363 1301 et
385 1237 494 1310 laima,
520 1253 553 1302 ut
573 1240 635 1305 boc
659 1240 753 1304 niodo
792 1240 958 1326 accipiatur
983 1240 1111 1305 materia

183 1328 215 1389 in
238 1327 282 1389 eis
306 1326 385 1389 siout
408 1327 439 1390 in
462 1327 639 1393 substantiis
662 1330 885 1415 corporalibus,
922 1328 977 1394 sed
1000 1342 1047 1393 est
1070 1329 1111 1393 ibi

182 1415 365 1500 compositio
389 1413 507 1481 formae
530 1428 560 1480 et
582 1436 660 1482 esse.
686 1418 784 1496 Unde,
807 1420 838 1482 in
863 1432 1040 1483 commento
1057 1438 1112 1481 iio·

183 1524 242 1567 riae
267 1505 482 1588 propositionis
499 1504 568 1570 libri
591 1506 632 1571 de
655 1506 761 1573 Caucis
798 1506 860 1592 (l),
883 1508 993 1573 dicitur
1027 1506 1112 1592 quod

182 1592 382 1677 intelligentie
407 1606 453 1657 est
476 1594 593 1659 babens
616 1594 750 1659 formam
773 1610 894 1673 elcese,
917 1612 948 1661 et
963 1596 1113 1681 accipitur

183 1681 225 1747 ibi
249 1679 347 1745 lorino
372 1702 428 1767 pro
450 1683 515 1768 ipsa
532 1682 703 1769 qnidditate
728 1684 776 1749 vel
813 1686 943 1751 essentia
967 1684 1112 1769 simplici.

183 1770 217 1834 Et
240 1771 397 1856 quomodo
422 1774 481 1836 linc
505 1770 698 1860 lit‚planum
723 1788 769 1839 est
792 1774 905 1839 videre.
934 1774 1112 1855 Quaecum-

183 1880 244 1944 que
266 1860 350 1923 enim
373 1861 414 1925 ita
438 1880 472 1925 se
495 1860 610 1925 liabent
635 1862 674 1927 ad
698 1862 828 1928 invicem
853 1862 999 1947 (liquori
1014 1882 1111 1927 naum

183 1963 332 2012 estcausa
356 1968 424 2014 esse
448 1948 584 2028 alterius,
607 1950 683 2016 illud
707 1952 791 2037 quod
829 1952 922 2018 habet
959 1952 1111 2016 cntionem

183 2057 294 2102 causae
318 2050 417 2123 potest
440 2039 556 2103 babere
579 2060 647 2106 esse
671 2041 738 2106 sine
761 2041 868 2119 altera,
883 2041 938 2107 secl
963 2059 1113 2105 nonnon-

184 2128 312 2190 vertitur
335 2126 397 2212 (5).
422 2127 505 2192 Talis
527 2142 634 2193 autern
658 2130 813 2200 inuenitur
843 2129 992 2196 habitudo
1015 2142 1114 2194 mate-

183 2216 247 2279 riae
269 2230 300 2280 et
323 2215 440 2280 lormae
467 2216 551 2303 quad
585 2217 685 2284 forma
720 2220 773 2284 dat
799 2239 867 2284 esse
902 2217 1059 2294 materiae3
1082 2231 1114 2282 et

183 2304 253 2368 ideo
278 2305 467 2390 impossibile
492 2321 536 2370 est
574 2327 642 2372 esse
680 2306 816 2394 aliquam
848 2309 1007 2372 materiam
1044 2306 1113 2370 sine

184 2393 292 2471 forma,
316 2407 420 2459 tamen
444 2415 506 2458 non
531 2408 577 2458 est
600 2396 789 2482 impossibile
813 2416 882 2463 esse
904 2396 1039 2480 aliquam
1053 2393 1116 2460 lor·

183 2504 267 2547 inani
290 2483 356 2547 sine
381 2485 519 2548 materia.
543 2484 656 2550 Forma
688 2486 770 2550 enim
794 2505 857 2551 non
892 2484 996 2561 habet,
1020 2483 1051 2548 in
1075 2503 1116 2548 eo

182 2572 265 2658 quad
288 2572 387 2636 forma
409 2573 472 2660 (4),
494 2573 736 2658 dependentium
774 2574 812 2639 ad
839 2574 1012 2649 materians
1047 2573 1115 2648 sed,

182 2665 206 2725 si
231 2661 425 2726 inveniantur
447 2662 568 2746 aliquae
580 2661 699 2727 formae
715 2681 795 2747 quae
819 2684 880 2728 non
897 2675 1023 2748 possunt
1047 2679 1117 2725 esse

181 2753 239 2814 nisi
263 2753 293 2814 in
318 2751 455 2826 materia,
479 2750 538 2815 hoc
561 2751 670 2816 accidit
693 2752 737 2816 eis
753 2751 924 2817 secundum
940 2749 1025 2835 quod
1042 2762 1117 2814 sunt

181 2839 329 2904 distantes
351 2859 368 2902 a
392 2839 493 2924 primo
516 2840 679 2924 principio,
704 2840 788 2925 quod
813 2853 859 2905 est
883 2851 968 2904 actus
993 2839 1115 2923 primus

182 2943 211 2992 et
237 2949 341 3014 pinus.
365 2927 452 2991 Unde
475 2927 545 2992 illae
567 2927 687 2995 lorinae
709 2949 790 3014 quae
814 2941 885 2994 sunt
913 2928 1113 3015 propinquis·

182 3019 280 3082 simae
306 3016 405 3101 primo
430 3017 579 3102 principio
601 3033 673 3083 sunt
696 3017 815 3083 lorrnae
839 3037 943 3102 perse
966 3018 1033 3082 sine
1047 3037 1115 3082 ma-

235 3122 274 3189 (l)
294 3123 332 3173 De
350 3121 399 3173 hoc
417 3121 485 3173 libro
501 3122 535 3174 de
555 3122 655 3190 Caucis,
673 3123 707 3176 cl.
727 3140 785 3192 pag.
810 3121 874 3185 att,
897 3123 947 3175 val.
969 3120 991 3174 l.

235 3193 275 3263 (ii
296 3191 481 3261 Quaecumque
500 3196 569 3245 enim
585 3198 626 3247 ita
642 3212 670 3247 sc
687 3197 811 3248 liabent...
840 3194 938 3248 Sensus
967 3199 1016 3246 est:
1047 3191 1113 3244 Cam

183 3266 236 3317 dno
253 3266 291 3315 ita
309 3280 337 3315 se
355 3263 454 3315 habeat
472 3263 506 3314 ad
536 3267 647 3318 invicem
681 3267 753 3336 quod
780 3280 864 3318 unam
895 3269 936 3318 est
961 3279 1040 3319 causa
1058 3279 1116 3316 esse

182 3337 301 3398 ulterius,
322 3333 386 3385 illud
403 3334 500 3402 quod...

237 3404 277 3466 αὖ)
294 3403 345 3456 Sed
370 3421 422 3456 nan
439 3407 606 3468 movantur,
625 3407 643 3457 i.
656 3422 679 3459 e.
697 3408 744 3459 sed
766 3423 819 3460 non
836 3423 851 3460 e
869 3420 1004 3459 converse

237 3473 276 3544 (l)
294 3473 326 3527 ia
344 3492 373 3528 co
391 3475 458 3543 quod
467 3475 567 3544 samia,
586 3478 604 3528 i.
622 3493 645 3531 e.
664 3479 821 3548 inquantum
841 3478 935 3532 laima.
