2484 3975
224 232 267 299 7l
535 232 590 300 cla.
621 252 659 299 rs.
690 254 752 300 nto.
775 255 836 301 mu

222 320 398 401 materialis,
421 320 618 389 manifestum
658 326 811 410 estquod
848 343 911 389 non
944 336 1065 412 oportet
1102 327 1138 391 in

218 410 297 476 Filio
320 410 378 476 Dei
401 430 469 476 esse
507 412 590 478 aliud
625 412 776 499 recipiens
804 424 835 478 et
868 412 953 478 eliud
990 426 1139 481 naturam

218 512 384 585 receptam.
408 498 472 567 Hoc
495 502 578 567 enim
603 502 637 566 in
660 501 1137 586 materialibusgenerationibus

217 588 357 653 accidere
381 608 506 655 necesse
528 603 584 667 εει,
608 590 639 654 in
663 603 813 675 quantum
837 590 964 655 materia
1001 610 1135 676 genera·

217 676 239 740 ti
263 676 370 763 recipit
393 676 525 743 formam
549 679 733 761 generantis.
757 678 790 743 ln
813 680 1012 764 generatione
1027 692 1136 745 autem

217 764 401 850 intelligibili
425 785 487 831 non
510 765 632 843 sicest3
656 768 826 833 nonenim
850 769 894 833 sic
929 769 1058 833 verbum
1092 768 1136 834 ab
1228 839 1229 850 ,

217 852 375 920 intellectu
399 855 535 920 exoritur
557 855 641 942 quod
666 876 735 942 pars
765 855 832 941 ejus
872 855 1137 943 praeintelligatur
1228 863 1229 876 ¹

214 955 251 1007 ut
272 943 422 1029 recipiens
444 955 476 1008 et
498 964 568 1029 pars
591 944 658 1029 ejus
680 944 719 1009 ab
742 943 897 1010 intellectu
935 944 1054 1023 elllnat;
1075 946 1134 1011 sod

219 1031 351 1096 totaliter
374 1031 503 1097 verbum
526 1032 566 1097 ab
588 1033 745 1099 intellectu
768 1034 920 1118 originem
934 1033 1038 1110 babet,
1053 1033 1136 1100 sicut

218 1134 248 1185 ct
272 1120 302 1184 iu
325 1118 416 1185 nobis
439 1120 570 1186 totaliter
593 1142 690 1187 unum
716 1122 843 1187 verbum
866 1141 903 1187 ex
935 1122 998 1187 alio
1034 1123 1155 1189 oritur·¹

217 1220 251 1275 ut
273 1207 429 1275 conclusio
452 1228 489 1275 ex
512 1210 677 1296 principiis.
702 1210 759 1276 Ubi
782 1225 885 1275 autern
908 1211 1041 1277 totaliter
1076 1212 1133 1278 ali·
1228 1237 1229 1260 t

218 1296 294 1383 quid
317 1316 354 1362 er
377 1298 437 1363 elio
460 1298 567 1377 oritur,
589 1318 652 1364 non
676 1312 724 1365 εει
738 1300 902 1384 assignare
930 1300 1080 1386 recipiens
1102 1317 1138 1365 et
1228 1321 1229 1332 ¹

216 1398 392 1471 receptum,
414 1386 469 1453 sed
493 1400 590 1453 totum
612 1390 697 1475 quod
721 1390 857 1454 exoritur
883 1388 923 1453 ab
958 1408 997 1453 eo
1030 1401 1078 1455 est
1114 1410 1136 1455 a

216 1494 279 1561 quo
303 1473 412 1541 oritur.
1228 1543 1229 1558 ,

188 1638 191 1657 Ι
281 1562 428 1629 Similiter
451 1564 543 1632 etiam
566 1578 651 1651 patet
673 1564 757 1651 quod
780 1586 843 1630 non
867 1564 1133 1632 excluditurdivi·
1228 1565 1229 1592 ³

216 1672 275 1717 nate
297 1653 501 1737 generationis
525 1654 624 1719 unitas
646 1674 684 1718 ex
707 1655 766 1718 boc
788 1654 870 1740 qdod
894 1655 925 1718 in
950 1654 1029 1719 'Deo
1062 1654 1132 1741 pln-

215 1742 295 1806 rium
319 1741 549 1807 subsistentium
573 1742 726 1808 distinctio
749 1762 818 1807 esse
840 1763 903 1808 non
940 1744 1044 1829 possit.
1078 1744 1132 1809 Es·

213 1830 311 1895 sentia
335 1830 416 1895 enim
441 1830 554 1909 divina,
578 1831 633 1896 etsi
663 1830 832 1896 subsistens
857 1833 906 1908 sit,
939 1844 1132 1898 nontamen

214 1931 314 2006 potest
336 1918 470 2007 separari
494 1940 510 1984 a
535 1919 684 1985 relatione
706 1940 799 2006 quum
836 1932 958 2007 oportet
995 1920 1026 1985 in
1061 1921 1132 1990 Deo

213 2007 341 2092 intelligi
364 2029 401 2074 ex
424 2010 483 2074 boc
506 2009 589 2095 quod
619 2009 749 2074 uerbum
786 2022 969 2096 conceptum
1007 2009 1132 2076 diuinae

212 2099 324 2161 mentis
348 2111 394 2163 est
416 2097 455 2164 eb
478 2098 545 2185 ipso
570 2096 637 2162 Deo
661 2097 791 2162 dicente:
818 2117 892 2162 nem
926 2111 958 2163 et
992 2098 1131 2164 Verbum

212 2197 259 2251 est
280 2185 383 2251 divina
405 2186 548 2264 essentia,
571 2199 604 2251 nt
627 2200 785 2251 ostensum
808 2200 865 2267 est,
899 2201 930 2251 et
967 2185 1052 2252 Deus
1084 2187 1134 2254 di·

214 2293 297 2352 cens,
320 2295 336 2338 ε
362 2295 423 2362 quo
446 2286 492 2340 est
515 2274 661 2352 Verbum,
685 2289 730 2340 est
754 2277 847 2340 eti-am
872 2275 1132 2354 disinaossentia,

211 2383 277 2428 non
298 2363 356 2438 alis
380 2377 411 2429 et
433 2363 502 2441 alia,
525 2361 580 2428 sed
618 2364 729 2429 eadem
771 2383 911 2428 numero.
945 2362 1131 2449 Huiusmodi
1226 2384 1227 2429 t

212 2465 314 2518 autem
339 2453 502 2519 relationes
526 2472 588 2517 non
612 2469 683 2517 sunt
705 2452 874 2531 accidentia
898 2453 929 2516 in
959 2451 1036 2528 Deo,
1073 2455 1131 2520 sed

210 2559 260 2606 res
282 2540 492 2618 subsistentes
515 2540 582 2606 Deo
605 2543 689 2606 enim
729 2541 805 2606 nibil
844 2541 985 2606 cocidere
1018 2554 1131 2629 potest,

211 2642 358 2716 utsupra
382 2630 546 2718 probatum
572 2643 627 2695 est.
652 2630 731 2695 Sunt
755 2629 848 2715 igitur
869 2629 973 2717 plures
988 2649 1039 2696 res
1054 2632 1131 2696 snb·

209 2717 360 2795 sistentes,
382 2719 407 2783 si
431 2719 594 2784 relationes
617 2718 863 2796 considerentun
885 2732 932 2783 est
948 2733 1052 2783 autem
1065 2739 1128 2784 una

208 2823 258 2870 res
281 2807 463 2886 subsistens,
480 2806 506 2872 si
530 2807 742 2872 consideretur
764 2807 907 2870 essentia.
931 2807 967 2871 bt
999 2819 1129 2894 propter

209 2893 269 2958 boc
293 2893 422 2960 dicimus
446 2915 543 2961 unum
567 2895 671 2962 Deum
695 2914 773 2968 esse,
795 2896 868 2981 quia
890 2909 1131 2962 esturraessen-

208 2983 248 3045 tis
271 2982 449 3060 subsistens,
471 2997 501 3048 et
536 2984 639 3071 plures
671 3003 829 3070 personas,
859 2996 986 3070 propter
1019 2984 1129 3051 distin·

209 3071 342 3136 ctionem
367 3072 598 3138 subsistentium
634 3072 830 3138 relationum:
855 3091 1058 3159 personarum
1095 3095 1132 3139 ε-

208 3160 272 3224 nim
295 3158 449 3226 distinctio
473 3161 564 3226 etiam
582 3163 612 3226 in
637 3161 730 3227 rebus
753 3162 897 3226 humanis
924 3181 987 3226 non
1025 3173 1127 3228 atten-

208 3246 289 3312 ditur
312 3249 482 3315 secundum
506 3251 671 3316 essentiam
693 3250 819 3337 speciei,
855 3249 911 3314 sed
949 3249 1128 3319 secundum

208 3355 244 3399 ea
267 3357 346 3422 quae
368 3351 440 3404 sunt
462 3351 589 3404 naturae
612 3338 727 3425 speciei
750 3338 904 3424 adjuncta;
932 3337 963 3402 in
979 3338 1127 3406 omnibus

206 3425 290 3488 enim
303 3427 440 3511 personis
456 3427 619 3492 bominum
642 3441 687 3492 cst
711 3447 771 3492 una
787 3425 900 3512 speciei
915 3439 1035 3503 natura,
1051 3441 1128 3494 sunt

209 3525 312 3578 tanton
335 3513 440 3600 plures
463 3534 626 3602 personae,
649 3529 776 3603 propter
813 3517 873 3582 boc
894 3515 979 3602 quod
1016 3514 1126 3583 distin·
