2484 3975
420 235 475 280 tro.
501 239 539 284 ιι.
564 237 628 283 ιιι.
651 238 710 282 ιιι.
947 215 1015 281 lid

98 322 201 376 autern
228 305 342 392 aliquid
380 307 536 392 procedat,
560 327 690 371 manens
712 305 792 369 intra
814 325 905 370 suum
926 307 1012 391 prin·

98 399 225 488 cipiurn,
247 396 400 461 invenitur
429 396 530 460 solum
563 396 593 459 in
630 396 809 480 operatione
842 394 1014 460 intellectus

98 501 128 554 et
165 484 339 562 voluntatis,
373 495 406 548 ut
444 505 480 548 ex
520 484 608 549 dictis
644 496 744 570 patet.
784 481 871 547 Unde
908 503 1015 569 perso·

97 596 157 642 nae
194 574 315 639 divinae
353 571 548 658 multiplicari
588 594 647 637 non
686 583 835 658 possunt,
868 571 927 636 nisi
964 591 1014 636 se·

96 663 233 732 cundum
257 660 340 746 quod
364 662 455 745 exigit
479 663 632 746 processio
655 661 826 726 intellectus
849 672 879 724 et
902 659 1012 726 rolon-

97 754 165 819 totis
189 753 220 816 iu
243 749 400 817 Deo.N0n
423 764 468 815 est
491 764 593 815 autern
620 750 764 835 possibile
788 747 871 833 quod
895 749 926 814 in
947 749 1015 815 Deo

96 840 209 907 sitnisi
233 859 293 904 una
314 840 468 924 processio
484 840 653 904 secuudum
668 839 868 914 intellectum,
880 858 919 904 eo
931 837 1016 924 quod

96 951 188 996 suurn
206 927 379 1011 intelligere
403 942 448 992 est
471 949 566 992 unum
591 943 620 991 et
644 927 772 1012 simplex
787 939 817 993 et
832 925 1014 1012 perlectum,

97 1020 182 1106 quia,
206 1015 405 1098 intelligendo
429 1037 473 1094 se,
496 1017 636 1101 inteiligit
652 1018 755 1080 ornnia
769 1016 838 1091 olia3
850 1029 879 1080 et
896 1017 1014 1080 sicuon

97 1119 197 1192 potest
220 1105 339 1170 esseio
363 1103 429 1169 Deo
452 1106 510 1170 nisi
534 1128 594 1171 una
619 1106 703 1169 verbi
733 1105 899 1191 processio.
923 1104 1016 1169 Simi-

98 1196 168 1260 liter
192 1206 292 1258 auteui
317 1206 488 1280 oporteret
527 1196 755 1280 processionem
793 1193 908 1260 amoris
945 1213 1014 1259 esse

98 1303 191 1348 unam
215 1294 343 1354 tantum,
367 1283 437 1366 quia
461 1285 553 1348 etiam
579 1283 714 1347 divinum
738 1282 816 1347 velle
839 1295 885 1346 est
914 1302 1013 1348 unum

96 1384 213 1438 tuntum
239 1384 268 1435 et
291 1371 432 1456 simplex3
454 1373 587 1436 amando
611 1373 694 1436 enirn
718 1391 762 1448 se,
802 1384 883 1436 aurat
907 1371 1013 1437 omnia

63 1528 65 1535 ,
95 1461 164 1526 alic.
188 1460 255 1525 Nou
278 1474 324 1524 est
347 1461 438 1544 igitur
460 1461 605 1547 possibile
628 1459 711 1545 qirod
735 1461 847 1524 sintin
871 1460 938 1524 Deo
954 1459 1012 1525 nisi

86 1550 176 1614 duee
198 1568 348 1636 personae
371 1549 582 1635 procedentes:
607 1571 667 1613 una
691 1568 747 1634 per
769 1548 897 1612 modum
925 1547 1014 1613 intel·

95 1638 203 1717 lectus,
226 1650 259 1701 ut
281 1639 422 1713 verbum,
445 1639 558 1703 scilieet
581 1638 686 1714 Filius3
709 1650 739 1701 et
773 1637 832 1700 alic
867 1656 922 1723 per
944 1656 1013 1702 rno-

96 1726 172 1791 durn
195 1725 320 1804 amoris,
342 1728 457 1791 scilicet
483 1740 516 1792 ut
540 1727 670 1812 Spiritus
704 1725 834 1790 Sanctus
867 1724 930 1812 (l);
967 1738 1015 1791 est

96 1817 190 1880 etium
213 1827 244 1878 et
266 1835 327 1880 una
350 1835 481 1901 persona
507 1837 567 1880 nou
592 1813 900 1901 procedens,scilicet
913 1815 1013 1880 Pater.

96 1903 204 1970 Solum
228 1903 321 1989 igitur
344 1917 405 1969 tres
417 1925 568 1991 personae
584 1906 614 1967 iu
628 1905 777 1968 Trinitate
792 1922 861 1967 esse
876 1917 1013 1991 possunt

163 1994 249 2069 ltetn,
273 1991 305 2057 Si
327 1994 498 2059 secundum
524 1995 753 2080 processionem
785 2007 906 2078 oportet
944 2013 1016 2080 per·
1066 2000 1070 2008 '

39 2098 41 2105 ·
94 2102 188 2149 sonas
210 2079 327 2147 divinas
350 2083 507 2167 distingui,
530 2122 574 2135 -
597 2082 708 2147 rnodus
731 2095 834 2146 autem
863 2102 1016 2169 personae

95 2184 246 2258 quantum
269 2170 308 2234 od
332 2174 554 2258 processiones,
577 2192 639 2235 non
664 2185 762 2257 potest
786 2190 853 2236 esse
881 2172 939 2236 nisi
964 2173 1017 2235 tri·

119 2261 178 2335 lex,
201 2270 234 2323 ut
256 2259 371 2325 seilicet
392 2261 430 2325 sit
452 2274 503 2324 out
516 2261 645 2324 omniuo
661 2282 722 2325 non
734 2260 915 2345 procedens,
931 2259 1016 2344 quod

95 2282 195 2413 ssstris
217 2361 273 2426 est,
296 2362 347 2413 aot
372 2369 388 2413 a
412 2368 474 2412 uon
498 2349 683 2433 procedente
717 2347 898 2433 procedens,
931 2347 1016 2433 quod

96 2437 165 2502 Filii
189 2450 244 2514 est,
268 2450 320 2501 cut
342 2457 358 2501 a
382 2438 567 2521 procedente
591 2436 761 2522 procedens
785 2436 869 2521 quod
885 2436 1018 2522 Spiritus

95 2526 200 2591 Sancti
223 2538 278 2604 est,
301 2564 346 2575 -
368 2525 556 2611 impossibile
579 2540 623 2589 est
647 2526 739 2609 igitur
762 2545 878 2610 ponere
913 2524 1018 2611 plures

19 2636 21 2641 ·
95 2634 190 2701 quem
214 2626 275 2678 tres
300 2634 456 2700 personas.
484 2614 566 2678 Licet
590 2626 691 2678 autern
717 2615 747 2677 in
772 2612 1019 2679 aliisriventibus

96 2703 216 2791 possint
243 2702 408 2767 relationes
438 2704 564 2788 originis
598 2702 803 2787 multiplicari,
837 2716 871 2767 ut
906 2701 1021 2766 scilicet

92 2793 156 2858 sint
179 2792 210 2856 in
232 2804 339 2856 natura
364 2791 498 2856 humanu
525 2792 629 2877 plures
654 2807 754 2878 patres
770 2804 801 2854 et
833 2791 937 2877 plures
952 2790 1019 2867 filii,

95 2883 129 2947 in
153 2880 256 2944 diviua
284 2893 387 2944 tamen
425 2894 533 2946 natura
568 2881 629 2946 hoe
664 2879 793 2944 omuino
828 2878 1019 2966 impossibile

94 2982 142 3035 est
165 2988 243 3046 esse;
266 2988 338 3033 nam
362 2968 477 3047 filiatio,
501 2991 571 3034 curn
596 2972 627 3033 in
652 2985 760 3032 natura
786 2969 825 3033 sit
848 2969 1020 3053 uninsspe·

94 3058 166 3135 ciei,
189 3078 250 3122 non
275 3071 372 3143 potest
397 3057 593 3144 multiplicari
618 3058 676 3123 nisi
716 3057 888 3121 secundum
921 3055 1023 3119 matess

94 3148 173 3213 riam
198 3158 250 3209 aut
272 3145 544 3232 sulijeetom,sicut
568 3160 613 3210 est
636 3150 730 3210 etiam
755 3145 795 3210 de
819 3145 886 3210 aliis
901 3143 1019 3209 formis.

97 3234 198 3313 Unde,
221 3254 290 3298 corn
314 3236 345 3299 in
369 3235 436 3301 Deo
460 3256 520 3300 non
544 3235 582 3299 sit
607 3237 735 3301 materia
760 3251 811 3298 aut
834 3232 1022 3319 subjectum,

96 3339 128 3390 et
141 3326 225 3409 ipsse
242 3323 406 3389 relationes
429 3324 489 3389 sint
511 3325 722 3402 subsistentes,
740 3337 773 3388 ut
789 3345 826 3388 ex
838 3321 1019 3409 supradietis

151 3444 188 3515 (l)
208 3445 272 3499 Alio
289 3464 335 3515 per
351 3450 456 3501 modum
473 3452 595 3502 amoris..
616 3448 743 3513 intellige:
762 3447 819 3502 Alia
837 3464 885 3522 per
913 3446 1019 3503 modum

100 3514 254 3586 veluntatis,
272 3526 303 3572 ut
321 3534 404 3591 amor,
421 3522 516 3575 scilieet
535 3521 649 3592 Spiritus
666 3520 788 3575 Sanetus
