2484 3975
218 235 262 301 16
475 252 531 295 ttn.
555 251 595 296 tv.
618 250 681 296 cer.
705 252 765 295 utu.
789 252 824 295 cr
847 250 886 295 rx.

218 342 288 389 esse
311 331 447 408 oportet,
466 320 581 387 scilicet
605 341 660 406 per
682 339 834 385 amorem.
858 319 1030 387 dictamen
1052 322 1147 389 unio·

221 414 270 477 nis
295 410 407 477 modus
431 431 493 480 non
532 409 667 475 excludit
701 412 852 475 essentiae
889 410 1050 486 unitatem,
1086 415 1147 477 sed

218 501 318 582 magis
343 519 412 563 eam
436 499 639 575 demonstran
662 497 773 563 dicitur
796 499 891 563 enim:
920 497 1015 562 Pater
1039 502 1149 586 ditipr‘t

218 590 347 667 Filium,
372 600 403 656 et
424 590 529 653 omnio
568 589 655 652 dedit
688 588 721 650 in
752 607 848 652 moun
870 587 945 671 ejus,
977 588 1076 667 Joan„
1113 591 1147 669 5,

218 679 270 745 55:
314 697 368 763 per
392 678 473 763 quod
498 676 659 763 plenitudo
683 677 848 743 divinitatis
882 676 1054 743 ostenditur
1075 698 1147 744 esse

217 769 248 833 iu
272 767 361 843 Filio,
385 780 418 831 ut
441 764 558 829 dictum
582 778 638 829 cst.

283 856 334 920 Sic
356 856 449 939 igitur
473 866 558 939 patet
582 852 667 938 quod
703 854 881 919 testimonia
915 852 1148 940 scripturarum

217 964 297 1032 quae
319 943 420 1007 Ariani
445 964 501 1027 pro
525 962 557 1006 se
581 943 781 1009 assumebant
805 962 868 1007 nou
892 957 1067 1029 repugnant
1094 963 1149 1007 ve·

218 1034 298 1100 ritati
323 1052 417 1119 quam
440 1029 518 1095 fides
544 1032 693 1097 catholica
718 1030 889 1097 confitetur.

551 1151 722 1218 CAPUT
757 1152 808 1217 tx.

287 1259 404 1324 Scintio
428 1258 471 1323 nd
495 1261 696 1323 auctoritates
726 1257 852 1322 Photiui
883 1269 914 1322 et
937 1257 1077 1325 Sobeth't'.

291 1383 332 1449 Ex
356 1382 403 1447 his
427 1394 531 1446 autern
548 1382 751 1447 consideratis
775 1396 903 1471 apparet
924 1385 1007 1467 quod
1026 1406 1083 1450 nec
1106 1406 1146 1452 ea

218 1492 297 1560 quae
322 1470 472 1536 Photinus
496 1483 527 1534 et
550 1468 703 1535 Sabeiiius
721 1491 776 1555 pro
799 1474 862 1537 suis
892 1474 1089 1558 opinionibus
1104 1496 1147 1540 ex

219 1563 314 1627 sacris
334 1560 503 1645 Scripturis
527 1559 724 1624 adducebant
746 1580 856 1625 eorum
884 1581 1006 1627 errores
1028 1563 1146 1629 confir·

219 1670 306 1717 mare
329 1662 467 1735 possunt.

285 1738 362 1804 Nam
385 1738 468 1824 quod
493 1735 648 1823 Dominus
674 1751 742 1823 post
776 1738 1034 1805 resurrectionem
1057 1739 1145 1806 dicit:

218 1829 305 1893 Doto
328 1836 372 1891 eat
396 1828 472 1891 mitit
495 1830 595 1889 omnis
616 1836 753 1909 potestas
776 1828 809 1889 ic
831 1828 917 1891 caeto
937 1840 969 1892 et
990 1829 1024 1894 in
1046 1840 1146 1908 terro,

220 1916 417 1995 Matium,
443 1916 493 1990 18,
518 1936 580 1979 non
605 1914 676 1979 ideo
718 1914 830 1979 dieitur
867 1921 953 2002 quasi
991 1933 1065 1983 tunc
1104 1921 1148 1985 de

219 2027 301 2072 novo
326 2007 406 2072 hanc
430 2017 613 2091 potestatem
637 2006 800 2090 acceperit,
822 2005 877 2070 sed
912 2009 983 2095 quia
1007 2021 1146 2096 potestas

218 2115 313 2182 quam
338 2095 431 2159 Filius
448 2092 505 2157 Dei
530 2092 568 2157 ab
585 2107 711 2158 aeterno
751 2111 921 2180 acceperat,
961 2099 993 2162 in
1028 2097 1145 2165 eodem

220 2185 348 2250 homine
364 2182 442 2248 sacto
467 2201 617 2267 apparere
637 2182 794 2268 inceperat
806 2203 861 2270 per
870 2187 1035 2252 uictoriam
1046 2207 1145 2272 quam

219 2273 258 2340 dc
281 2285 381 2338 morte
406 2271 556 2336 habuerat
582 2271 785 2354 resurgendo.

284 2362 376 2445 Quod
401 2380 473 2426 vero
497 2358 660 2444 Apostolus
695 2359 779 2437 dicit,
813 2359 853 2424 de
887 2362 965 2426 Fiiio
1001 2362 1143 2449 loquens:
1225 2374 1227 2429 ἱ

221 2452 282 2533 Qut
303 2452 404 2536 fuctus
427 2460 474 2514 cst
495 2449 522 2512 ei
546 2467 583 2511 cn
619 2451 734 2513 semine
768 2448 882 2525 David,
921 2451 1021 2529 Rom„
1055 2453 1085 2531 1,
1110 2454 1144 2532 5,

218 2541 382 2606 manifeste
402 2536 577 2604 ostenditur
599 2536 732 2621 qualiter
753 2539 793 2602 sit
830 2539 1063 2624 intelligendum
1101 2562 1144 2608 ex

218 2651 256 2695 eo
282 2630 366 2716 quod
390 2628 522 2703 additur,
545 2626 713 2690 secuudum
737 2646 871 2692 curnem.
895 2629 962 2694 Non
986 2631 1070 2695 euim
1093 2630 1144 2697 di·

218 2719 261 2782 xit
283 2717 367 2805 quod
390 2717 484 2782 Filius
507 2714 565 2780 Dei
581 2729 661 2779 esset
673 2715 852 2800 simpliciter
867 2717 975 2797 iactus,
988 2719 1043 2784 sed
1056 2719 1145 2805 quod

215 2806 317 2872 iaetus
340 2819 474 2870 essetcrt
496 2804 615 2868 semiue
654 2803 755 2866 David
793 2806 965 2870 secundum
1003 2827 1144 2886 carnem,

219 2915 275 2982 per
290 2896 533 2980 assumptionem
557 2894 713 2956 hnmanae
738 2905 876 2973 naturae3
899 2896 977 2962 siout
1012 2909 1042 2961 et
1065 2895 1146 2962 dioi-

219 2997 278 3048 tur:
309 2981 439 3048 Verbum
462 3001 535 3046 coro
557 2981 674 3064 facturn
698 2991 754 3058 cst,
775 2981 864 3046 loun.
896 2985 925 3063 1,
966 2984 1017 3050 ils.
1054 2984 1147 3052 Unde

219 3073 312 3138 etiam
336 3083 419 3158 patet
440 3069 525 3154 quod
549 3070 609 3133 hoc
632 3070 715 3155 quod
739 3070 886 3156 sequitur:
929 3072 989 3153 Qui
1008 3075 1146 3158 proede-

219 3162 354 3227 stinatus
377 3168 422 3224 est
444 3157 543 3222 Ftttna
567 3157 626 3221 Dei
647 3159 682 3223 in
703 3160 826 3237 virtute,
852 3159 962 3246 Rom„
976 3164 1005 3241 1,
1035 3163 1069 3241 d,
1092 3183 1145 3227 se·

220 3251 359 3317 cundum
393 3249 562 3314 humanam
602 3260 745 3320 naturam
779 3248 819 3312 ad
854 3249 965 3319 Filium
1000 3253 1145 3338 pertinet.

222 3339 316 3422 Quod
339 3337 423 3407 enim
448 3337 583 3400 humana
608 3349 720 3404 nutura
743 3337 821 3406 Filio
843 3336 900 3403 Dei
935 3339 1085 3416 uniretur,
1109 3356 1148 3408 ut

215 3429 378 3494 sichomo
402 3438 505 3511 posset
526 3423 585 3488 dici
610 3421 705 3495 Filius
727 3425 795 3502 Dei,
828 3446 891 3493 nou
916 3425 971 3492 suit
1009 3449 1047 3497 et
1085 3430 1149 3496 bu·

222 3516 322 3584 manis
345 3515 472 3592 meritis,
495 3511 549 3580 sed
572 3528 610 3578 ex
633 3513 730 3598 gratia
753 3512 812 3578 Dei
834 3515 1098 3602 praedestinantis.
