2484 3975
224 209 289 278 ¹08
543 228 600 272 cru.
631 228 669 273 tv.
694 228 758 275 cir.
781 203 864 273 xxr'tt.

221 296 356 364 hominis
379 295 475 363 Filius
496 295 609 363 dicitur
632 297 711 363 mitti
726 294 933 374 invisibiliter,
942 314 1014 362 enm
1038 295 1156 382 uliquis

222 387 267 452 sic
290 387 320 452 in
345 385 447 454 divino
481 385 658 470 cognitione
691 385 886 452 constituitur
917 384 1002 471 qttod
1036 404 1075 452 ex
1096 385 1156 452 toli

222 475 399 560 cognitione
432 474 490 542 Dei
525 495 613 540 emur
648 474 794 560 procedat
823 473 857 538 in
890 473 1028 540 homine.
1063 473 1158 540 Unde

223 577 307 651 potet
329 562 412 649 quod
437 583 493 628 nec
516 563 574 628 iste
596 565 691 628 etism
717 563 829 628 modus
852 562 1008 629 missionis
1029 562 1062 628 in
1072 563 1158 628 Fttto

223 673 241 718 a
264 651 380 739 Spiritu
415 651 528 717 Soncto
561 651 801 718 minorationem
823 650 950 729 inducit,
971 650 1028 718 sed
1049 651 1159 718 solum

171 807 175 817 ,
223 741 453 828 processionem
481 740 520 805 nb
544 739 616 806 elio.

290 829 439 896 Similiter
466 829 570 906 etiem,
594 848 652 893 nec
689 826 838 916 Spiritum
872 827 1021 895 Senetotn
1053 849 1072 895 u
1106 827 1160 894 dis
1220 900 1222 905 ,

224 918 349 984 sinitote
382 917 518 984 excindit
544 917 629 1002 quod
671 916 764 982 Peter
797 930 829 982 et
864 917 959 983 Filius
997 916 1159 984 interdum
1220 939 1222 947 ’

223 1019 506 1084 connumeruntur,
544 1027 606 1072 non
649 1004 729 1071 iectu
767 1006 929 1072 mentione
965 1007 1006 1072 de
1038 1006 1161 1094 Spiritu

226 1096 353 1173 Sancto,
375 1096 454 1162 sicut
478 1114 537 1160 nec
559 1094 673 1160 Filium
694 1115 713 1160 a
736 1094 902 1161 Divinitote
924 1093 1161 1181 excluditqnod

159 1263 161 1268 Ι
225 1183 383 1250 interdum
412 1183 446 1250 fit
481 1184 598 1250 mentio
621 1183 661 1250 tie
684 1182 786 1259 Petro,
809 1203 874 1248 non
895 1182 975 1250 iectu
996 1186 1161 1250 mentione

227 1273 267 1338 de
290 1273 379 1350 Filio,
414 1292 470 1359 per
503 1273 563 1338 hoc
586 1273 670 1336 euim
705 1274 795 1338 tacite
828 1271 986 1360 Scriptum
1019 1273 1161 1338 incinunt

229 1361 314 1446 quod
334 1359 483 1448 quidquid
500 1362 538 1426 od
553 1361 742 1427 divinitatem
760 1362 917 1447 pertinens
931 1362 972 1427 de
983 1382 1046 1428 uno
1062 1361 1161 1428 trium

230 1447 342 1516 dicitur
365 1449 405 1514 de
429 1450 573 1517 omnibus
597 1463 642 1516 est
664 1448 909 1534 inteiligendutm
924 1470 963 1517 eo
984 1449 1068 1538 quod
1084 1461 1163 1517 sunt

229 1559 310 1604 unus
333 1538 429 1604 Deus.
457 1539 519 1605 Nee
542 1539 635 1605 etiem
659 1551 758 1626 potest
774 1539 860 1604 Deus
873 1539 964 1604 Potor
978 1541 1047 1605 sine
1061 1539 1162 1606 corbo

230 1640 261 1694 et
284 1647 391 1693 umore
413 1627 551 1712 intelligi,
593 1647 652 1692 nec
673 1647 692 1692 e
714 1647 873 1705 converso3
896 1640 928 1694 et
949 1641 1076 1716 pmpter
1100 1628 1163 1694 hoc

231 1716 267 1802 in
287 1737 349 1783 uno
376 1719 468 1783 trium
510 1735 620 1783 omnes
654 1729 717 1781 tres
751 1715 976 1801 intelliguntur,
1011 1716 1097 1783 unde
1129 1729 1164 1784 et

231 1804 387 1872 interdum
413 1804 447 1870 fit
470 1805 587 1870 mentio
610 1804 650 1869 de
672 1805 739 1870 soio
763 1804 850 1881 Filio,
874 1805 905 1870 in
928 1805 1063 1893 eoquod
1073 1825 1163 1872 com-

230 1914 327 1960 mune
350 1906 395 1958 est
423 1893 532 1972 tribus,
556 1891 633 1958 sicut
656 1905 703 1960 est
725 1893 812 1958 illud:
828 1893 933 1978 Neque
950 1894 1076 1960 Patrem
1090 1896 1163 1981 quie

230 1985 326 2063 novit,
348 1982 409 2048 nisi
431 1983 542 2062 Filius,
566 1981 686 2063 Mutth„
722 1983 775 2061 ii,
808 1982 863 2062 27,
895 2004 968 2050 cum
1002 1997 1107 2050 temen
1130 1997 1164 2052 et

231 2072 323 2137 Peter
346 2084 377 2136 et
398 2070 529 2158 Spiritus
554 2070 690 2136 Sanctus
715 2072 840 2138 Putrem
862 2074 1163 2156 eognosconcsimi·

232 2161 301 2227 liter
324 2161 418 2226 etiam
441 2161 481 2226 de
514 2159 631 2246 Spiritu
663 2160 779 2227 Sancto
816 2159 941 2227 dieitur:
978 2162 1065 2243 ane
1098 2162 1163 2231 Dei

232 2261 314 2329 mitt,
337 2269 425 2315 nemu
448 2250 587 2334 copnouit
608 2250 669 2315 nist·
701 2248 839 2334 Spiritus
871 2249 944 2329 Dei,
980 2250 1105 2330 iiior„
1127 2253 1162 2331 2,

235 2339 289 2418 ii,
310 2358 382 2403 cum
407 2351 510 2411 tomen
546 2352 665 2403 certum
688 2339 729 2403 sit
759 2337 845 2424 quod
868 2339 908 2403 ob
932 2340 989 2405 boc
1011 2341 1164 2425 cognitio·

238 2447 278 2494 ne
300 2427 475 2493 divinorum
489 2446 589 2513 neque
602 2425 693 2492 Peter
707 2447 810 2512 neque
831 2427 927 2492 iiiios
947 2428 1163 2496 excluduntur.

300 2516 388 2582 Petet
411 2517 504 2581 etium
528 2514 615 2601 quod
639 2535 704 2581 non
736 2528 839 2602 potest
872 2516 994 2581 ostendi
1029 2517 1162 2605 Spiritus

234 2604 364 2671 Sanctus
386 2624 454 2671 esse
481 2618 623 2671 creatura
653 2624 708 2691 per
741 2604 801 2669 hoc
823 2604 908 2690 quod
941 2606 982 2672 tie
1014 2606 1086 2693 ipsu
1122 2608 1156 2673 in

234 2693 394 2781 Scriptura
420 2693 513 2759 Sucro
536 2693 640 2779 eiiquo
663 2692 845 2758 admotum
891 2696 1057 2761 ertinentio
1079 2695 1163 2763 dictu

234 2783 453 2860 inveniuntur3
493 2794 564 2847 sunt
597 2782 682 2846 enim
716 2779 895 2867 accipiendo
926 2782 1159 2871 metaphorice:

90 2872 95 2887 ’
235 2872 280 2937 sie
301 2873 386 2937 enim
409 2886 440 2935 et
461 2871 528 2936 Deo
551 2869 717 2956 aliquando
739 2868 907 2955 Seripituru
929 2872 1023 2939 Sucro
1041 2887 1165 2940 motum

236 2960 385 3035 attribuit,
405 2971 440 3023 nt
463 2973 509 3024 est
530 2958 615 3024 iilud:
649 2959 726 3024 Cum
762 2960 923 3026 audissent
958 2980 1065 3027 uocem
1101 2962 1166 3031 Do·

234 3050 313 3113 mini
347 3047 407 3117 Dei
429 3047 660 3115 deambulantis
692 3048 726 3112 itt
756 3049 919 3131 paradiso,
958 3049 1046 3129 Gen,
1076 3051 1109 3128 5,
1131 3051 1165 3131 83

234 3150 276 3203 et:
315 3135 520 3212 Dementiam,
543 3147 573 3201 et
607 3135 718 3201 uidebo
752 3147 860 3202 utrum
896 3139 1096 3205 clamorem...
1130 3161 1165 3205 o·

234 3246 310 3311 pere
330 3227 561 3312 compleverint,
584 3223 672 3302 Gen,
708 3224 760 3304 18,
796 3225 852 3292 Si.
874 3226 968 3308 Quod
992 3246 1069 3312 ergo
1090 3228 1167 3295 dici-

235 3328 295 3381 tur:
326 3312 461 3400 Spiritus
500 3314 625 3379 Domini
656 3312 814 3396 ferebatur
835 3334 928 3400 cuper
955 3336 1064 3401 equus,
1087 3316 1165 3386 Gen.

236 3405 269 3482 i,
306 3403 339 3475 ᾖ,
377 3402 612 3491 inteiligendum
651 3415 698 3467 est
735 3422 774 3467 eo
811 3403 907 3469 moto
946 3426 1008 3493 quo
1046 3405 1165 3474 dictum

234 3504 295 3569 est,
317 3492 395 3559 siout
417 3491 529 3557 dicitur
552 3489 637 3576 quoti
674 3490 817 3560 noluntas
849 3491 948 3561 fertur
970 3494 1004 3561 in
1035 3495 1166 3563 toiitum
