<?xml version="1.0" encoding="UTF-8"?>
<!DOCTYPE html PUBLIC "-//W3C//DTD XHTML 1.0 Transitional//EN"
    "http://www.w3.org/TR/xhtml1/DTD/xhtml1-transitional.dtd">
<html xmlns="http://www.w3.org/1999/xhtml" xml:lang="en" lang="en">
 <head>
  <title>
</title>
<meta http-equiv="Content-Type" content="text/html;charset=utf-8" />
  <meta name='ocr-system' content='tesseract 3.04.00' />
  <meta name='ocr-capabilities' content='ocr_page ocr_carea ocr_par ocr_line ocrx_word'/>
</head>
<body>
  <div class='ocr_page' id='page_1' title='image "./sanctithomaeaqu01thomgoog_0154.png"; bbox 0 0 2484 3975; ppageno 0'>
   <div class='ocr_carea' id='block_1_1' title="bbox 236 207 1157 384">
    <p class='ocr_par' dir='ltr' id='par_1_1' title="bbox 236 207 1157 384">
     <span class='ocr_line' id='line_1_1' title="bbox 238 207 862 276; baseline 0.003 -4"><span class='ocrx_word' id='word_1_1' title='bbox 238 207 302 274; x_wconf 71' lang='grc'>1110</span> <span class='ocrx_word' id='word_1_2' title='bbox 534 227 590 272; x_wconf 85' lang='lat' dir='ltr'><strong>uto.</strong></span> <span class='ocrx_word' id='word_1_3' title='bbox 615 227 653 272; x_wconf 83' lang='lat' dir='ltr'><strong>tv.</strong></span> <span class='ocrx_word' id='word_1_4' title='bbox 677 228 741 274; x_wconf 76' lang='lat' dir='ltr'><strong>uir.</strong></span> <span class='ocrx_word' id='word_1_5' title='bbox 764 226 862 276; x_wconf 80' lang='lat' dir='ltr'><strong>xtttr.</strong></span> 
     </span>
     <span class='ocr_line' id='line_1_2' title="bbox 236 293 1157 384; baseline 0 -22"><span class='ocrx_word' id='word_1_6' title='bbox 236 307 335 383; x_wconf 88' lang='lat' dir='ltr'><strong>potest</strong></span> <span class='ocrx_word' id='word_1_7' title='bbox 358 293 459 361; x_wconf 90' lang='lat' dir='ltr'><strong>Verbo</strong></span> <span class='ocrx_word' id='word_1_8' title='bbox 482 293 538 360; x_wconf 85' lang='lat' dir='ltr'><strong>Dei</strong></span> <span class='ocrx_word' id='word_1_9' title='bbox 556 296 688 362; x_wconf 88' lang='lat' dir='ltr'><strong>attribui.</strong></span> <span class='ocrx_word' id='word_1_10' title='bbox 712 297 805 362; x_wconf 86' lang='lat' dir='ltr'><strong>Recte</strong></span> <span class='ocrx_word' id='word_1_11' title='bbox 833 298 924 382; x_wconf 73' lang='lat' dir='ltr'><strong>igitur</strong></span> <span class='ocrx_word' id='word_1_12' title='bbox 956 309 1056 384; x_wconf 82' lang='lat' dir='ltr'><strong>potest</strong></span> <span class='ocrx_word' id='word_1_13' title='bbox 1091 296 1157 364; x_wconf 86' lang='lat' dir='ltr'><strong>diei</strong></span> 
     </span>
    </p>
   </div>
   <div class='ocr_carea' id='block_1_2' title="bbox 178 384 1219 3579">
    <p class='ocr_par' dir='ltr' id='par_1_2' title="bbox 235 384 1157 560">
     <span class='ocr_line' id='line_1_3' title="bbox 235 384 1157 471; baseline 0.002 -21"><span class='ocrx_word' id='word_1_14' title='bbox 235 386 319 471; x_wconf 83' lang='lat' dir='ltr'><strong>quod</strong></span> <span class='ocrx_word' id='word_1_15' title='bbox 341 384 477 451; x_wconf 81' lang='lat' dir='ltr'>Verbum</span> <span class='ocrx_word' id='word_1_16' title='bbox 501 384 557 450; x_wconf 88' lang='lat' dir='ltr'><strong>Dei</strong></span> <span class='ocrx_word' id='word_1_17' title='bbox 582 402 611 450; x_wconf 89' lang='lat' dir='ltr'><strong>et</strong></span> <span class='ocrx_word' id='word_1_18' title='bbox 634 385 718 451; x_wconf 90' lang='lat' dir='ltr'><strong>Deus</strong></span> <span class='ocrx_word' id='word_1_19' title='bbox 755 400 801 450; x_wconf 91' lang='lat' dir='ltr'><strong>est</strong></span> <span class='ocrx_word' id='word_1_20' title='bbox 824 407 941 471; x_wconf 87' lang='lat' dir='ltr'><strong>passus,</strong></span> <span class='ocrx_word' id='word_1_21' title='bbox 977 385 1157 465; x_wconf 83' lang='lat' dir='ltr'><strong>crucifixus,</strong></span> 
     </span>
     <span class='ocr_line' id='line_1_4' title="bbox 235 472 973 560; baseline 0.003 -22"><span class='ocrx_word' id='word_1_22' title='bbox 235 488 376 540; x_wconf 85' lang='lat' dir='ltr'><strong>mortuus</strong></span> <span class='ocrx_word' id='word_1_23' title='bbox 399 485 431 537; x_wconf 91' lang='lat' dir='ltr'><strong>et</strong></span> <span class='ocrx_word' id='word_1_24' title='bbox 454 472 601 559; x_wconf 83' lang='lat' dir='ltr'><strong>sepultus,</strong></span> <span class='ocrx_word' id='word_1_25' title='bbox 624 474 707 558; x_wconf 77' lang='lat' dir='ltr'><strong>quod</strong></span> <span class='ocrx_word' id='word_1_26' title='bbox 730 475 786 560; x_wconf 90' lang='lat' dir='ltr'><strong>ipsi</strong></span> <span class='ocrx_word' id='word_1_27' title='bbox 810 475 973 559; x_wconf 72' lang='lat' dir='ltr'><strong>negabant.</strong></span> 
     </span>
    </p>

    <p class='ocr_par' dir='ltr' id='par_1_3' title="bbox 178 561 1160 1892">
     <span class='ocr_line' id='line_1_5' title="bbox 301 561 1159 648; baseline 0 -20"><span class='ocrx_word' id='word_1_28' title='bbox 301 563 388 640; x_wconf 85' lang='lat' dir='ltr'><strong>item,</strong></span> <span class='ocrx_word' id='word_1_29' title='bbox 427 561 588 648; x_wconf 73' lang='lat' dir='ltr'>Apostolus</span> <span class='ocrx_word' id='word_1_30' title='bbox 623 563 704 628; x_wconf 86' lang='lat' dir='ltr'><strong>dicit:</strong></span> <span class='ocrx_word' id='word_1_31' title='bbox 743 561 879 628; x_wconf 81' lang='lat' dir='ltr'><strong>Docebat</strong></span> <span class='ocrx_word' id='word_1_32' title='bbox 910 585 988 639; x_wconf 87' lang='lat' dir='ltr'><strong>eum,</strong></span> <span class='ocrx_word' id='word_1_33' title='bbox 1019 575 1159 648; x_wconf 83' lang='lat' dir='ltr'><strong>propter</strong></span> 
     </span>
     <span class='ocr_line' id='line_1_6' title="bbox 231 650 1157 737; baseline 0.002 -21"><span class='ocrx_word' id='word_1_34' title='bbox 231 672 322 736; x_wconf 84' lang='lat' dir='ltr'><strong>quem</strong></span> <span class='ocrx_word' id='word_1_35' title='bbox 336 650 451 727; x_wconf 89' lang='lat' dir='ltr'><strong>omnia,</strong></span> <span class='ocrx_word' id='word_1_36' title='bbox 474 662 503 715; x_wconf 91' lang='lat' dir='ltr'><strong>et</strong></span> <span class='ocrx_word' id='word_1_37' title='bbox 522 671 580 733; x_wconf 83' lang='lat' dir='ltr'><strong>per</strong></span> <span class='ocrx_word' id='word_1_38' title='bbox 602 671 690 735; x_wconf 81' lang='lat' dir='ltr'><strong>quem</strong></span> <span class='ocrx_word' id='word_1_39' title='bbox 713 653 829 730; x_wconf 83' lang='lat' dir='ltr'><strong>omnia,</strong></span> <span class='ocrx_word' id='word_1_40' title='bbox 849 653 903 736; x_wconf 84' lang='lat' dir='ltr'><strong>qui</strong></span> <span class='ocrx_word' id='word_1_41' title='bbox 933 654 1047 718; x_wconf 78' lang='lat' dir='ltr'><strong>mattos</strong></span> <span class='ocrx_word' id='word_1_42' title='bbox 1066 653 1157 737; x_wconf 69' lang='lat' dir='ltr'><strong>tilios</strong></span> 
     </span>
     <span class='ocr_line' id='line_1_7' title="bbox 232 741 1160 827; baseline 0.002 -23"><span class='ocrx_word' id='word_1_43' title='bbox 232 742 409 827; x_wconf 79' lang='lat' dir='ltr'><strong>inploriam</strong></span> <span class='ocrx_word' id='word_1_44' title='bbox 424 741 601 804; x_wconf 83' lang='lat' dir='ltr'><strong>adduaerat</strong></span> <span class='ocrx_word' id='word_1_45' title='bbox 625 752 782 806; x_wconf 75' lang='lat' dir='ltr'><strong><em>auctorem</em></strong></span> <span class='ocrx_word' id='word_1_46' title='bbox 815 741 927 806; x_wconf 78' lang='lat' dir='ltr'><strong>ralatio</strong></span> <span class='ocrx_word' id='word_1_47' title='bbox 959 763 1065 808; x_wconf 82' lang='lat' dir='ltr'><strong>aarum</strong></span> <span class='ocrx_word' id='word_1_48' title='bbox 1096 762 1160 826; x_wconf 80' lang='lat' dir='ltr'><strong>per</strong></span> 
     </span>
     <span class='ocr_line' id='line_1_8' title="bbox 231 829 1158 916; baseline 0 -22"><span class='ocrx_word' id='word_1_49' title='bbox 231 831 410 913; x_wconf 81' lang='lat' dir='ltr'><strong>passionem</strong></span> <span class='ocrx_word' id='word_1_50' title='bbox 446 830 665 907; x_wconf 85' lang='lat' dir='ltr'><strong>ooantrnmari,</strong></span> <span class='ocrx_word' id='word_1_51' title='bbox 700 829 815 908; x_wconf 75' lang='lat' dir='ltr'><strong>Heba..</strong></span> <span class='ocrx_word' id='word_1_52' title='bbox 852 830 896 907; x_wconf 68' lang='grc'><strong>1,</strong></span> <span class='ocrx_word' id='word_1_53' title='bbox 926 831 991 895; x_wconf 89' lang='lat' dir='ltr'><strong>to.</strong></span> <span class='ocrx_word' id='word_1_54' title='bbox 1026 831 1069 895; x_wconf 80' lang='lat' dir='ltr'><strong>Ex</strong></span> <span class='ocrx_word' id='word_1_55' title='bbox 1092 850 1158 916; x_wconf 90' lang='lat' dir='ltr'><strong>quo</strong></span> 
     </span>
     <span class='ocr_line' id='line_1_9' title="bbox 237 916 1160 1004; baseline 0 -22"><span class='ocrx_word' id='word_1_56' title='bbox 237 917 370 984; x_wconf 88' lang='lat' dir='ltr'><strong>habetur</strong></span> <span class='ocrx_word' id='word_1_57' title='bbox 394 916 475 1003; x_wconf 87' lang='lat' dir='ltr'><strong>quod</strong></span> <span class='ocrx_word' id='word_1_58' title='bbox 499 917 551 982; x_wconf 91' lang='lat' dir='ltr'><strong>ille</strong></span> <span class='ocrx_word' id='word_1_59' title='bbox 584 932 709 1004; x_wconf 91' lang='lat' dir='ltr'><strong>propter</strong></span> <span class='ocrx_word' id='word_1_60' title='bbox 742 939 837 1004; x_wconf 88' lang='lat' dir='ltr'><strong>quem</strong></span> <span class='ocrx_word' id='word_1_61' title='bbox 875 932 946 983; x_wconf 86' lang='lat' dir='ltr'><strong>sunt</strong></span> <span class='ocrx_word' id='word_1_62' title='bbox 984 920 1091 984; x_wconf 84' lang='lat' dir='ltr'><strong>omnia</strong></span> <span class='ocrx_word' id='word_1_63' title='bbox 1127 934 1160 983; x_wconf 90' lang='lat' dir='ltr'><strong>et</strong></span> 
     </span>
     <span class='ocr_line' id='line_1_10' title="bbox 237 1004 1158 1093; baseline 0.002 -22"><span class='ocrx_word' id='word_1_64' title='bbox 237 1008 289 1091; x_wconf 87' lang='lat' dir='ltr'><strong>qui</strong></span> <span class='ocrx_word' id='word_1_65' title='bbox 314 1007 455 1073; x_wconf 88' lang='lat' dir='ltr'><strong>homines</strong></span> <span class='ocrx_word' id='word_1_66' title='bbox 478 1007 509 1070; x_wconf 93' lang='lat' dir='ltr'><strong>in</strong></span> <span class='ocrx_word' id='word_1_67' title='bbox 533 1004 662 1090; x_wconf 79' lang='lat' dir='ltr'><strong>gloriam</strong></span> <span class='ocrx_word' id='word_1_68' title='bbox 686 1005 809 1072; x_wconf 77' lang='lat' dir='ltr'>adducit</span> <span class='ocrx_word' id='word_1_69' title='bbox 832 1020 862 1073; x_wconf 88' lang='lat' dir='ltr'><strong>et</strong></span> <span class='ocrx_word' id='word_1_70' title='bbox 885 1008 937 1093; x_wconf 84' lang='lat' dir='ltr'><strong>qui</strong></span> <span class='ocrx_word' id='word_1_71' title='bbox 967 1022 1013 1074; x_wconf 89' lang='lat' dir='ltr'><strong>est</strong></span> <span class='ocrx_word' id='word_1_72' title='bbox 1047 1021 1158 1073; x_wconf 78' lang='lat' dir='ltr'>auctor</span> 
     </span>
     <span class='ocr_line' id='line_1_11' title="bbox 236 1096 1156 1180; baseline 0 -20"><span class='ocrx_word' id='word_1_73' title='bbox 236 1096 342 1160; x_wconf 80' lang='lat' dir='ltr'><strong>salutis</strong></span> <span class='ocrx_word' id='word_1_74' title='bbox 365 1096 530 1170; x_wconf 79' lang='lat' dir='ltr'><strong>humanae,</strong></span> <span class='ocrx_word' id='word_1_75' title='bbox 553 1114 660 1180; x_wconf 90' lang='lat' dir='ltr'><strong>passus</strong></span> <span class='ocrx_word' id='word_1_76' title='bbox 682 1108 728 1160; x_wconf 86' lang='lat' dir='ltr'><strong>est</strong></span> <span class='ocrx_word' id='word_1_77' title='bbox 750 1109 780 1161; x_wconf 92' lang='lat' dir='ltr'><strong>et</strong></span> <span class='ocrx_word' id='word_1_78' title='bbox 803 1112 952 1161; x_wconf 90' lang='lat' dir='ltr'><strong>mortuus.</strong></span> <span class='ocrx_word' id='word_1_79' title='bbox 991 1097 1052 1162; x_wconf 89' lang='lat' dir='ltr'><strong>Sed</strong></span> <span class='ocrx_word' id='word_1_80' title='bbox 1075 1098 1156 1161; x_wconf 86' lang='lat' dir='ltr'><strong>haee</strong></span> 
     </span>
     <span class='ocr_line' id='line_1_12' title="bbox 178 1183 1156 1271; baseline 0 -23"><span class='ocrx_word' id='word_1_81' title='bbox 178 1252 188 1271; x_wconf 28' lang='lat' dir='ltr'>X</span> <span class='ocrx_word' id='word_1_82' title='bbox 237 1198 369 1269; x_wconf 86' lang='lat' dir='ltr'><strong>qttatuor</strong></span> <span class='ocrx_word' id='word_1_83' title='bbox 391 1183 585 1267; x_wconf 76' lang='lat' dir='ltr'><strong>singulariter</strong></span> <span class='ocrx_word' id='word_1_84' title='bbox 607 1196 679 1248; x_wconf 89' lang='lat' dir='ltr'><strong>sunt</strong></span> <span class='ocrx_word' id='word_1_85' title='bbox 701 1183 769 1260; x_wconf 84' lang='lat' dir='ltr'><strong>Dei,</strong></span> <span class='ocrx_word' id='word_1_86' title='bbox 806 1199 837 1249; x_wconf 88' lang='lat' dir='ltr'><strong>et</strong></span> <span class='ocrx_word' id='word_1_87' title='bbox 875 1186 949 1249; x_wconf 88' lang='lat' dir='ltr'><strong>nulii</strong></span> <span class='ocrx_word' id='word_1_88' title='bbox 984 1187 1034 1251; x_wconf 85' lang='lat' dir='ltr'><strong>aiii</strong></span> <span class='ocrx_word' id='word_1_89' title='bbox 1068 1185 1156 1250; x_wconf 82' lang='lat' dir='ltr'><strong>attri-</strong></span> 
     </span>
     <span class='ocr_line' id='line_1_13' title="bbox 234 1272 1155 1358; baseline 0.001 -21"><span class='ocrx_word' id='word_1_90' title='bbox 234 1273 382 1350; x_wconf 90' lang='lat' dir='ltr'><strong>buuntur;</strong></span> <span class='ocrx_word' id='word_1_91' title='bbox 404 1273 514 1338; x_wconf 84' lang='lat' dir='ltr'><strong>dieitur</strong></span> <span class='ocrx_word' id='word_1_92' title='bbox 536 1273 630 1336; x_wconf 82' lang='lat' dir='ltr'><strong>enirn:</strong></span> <span class='ocrx_word' id='word_1_93' title='bbox 658 1272 807 1337; x_wconf 82' lang='lat' dir='ltr'><strong>Universa</strong></span> <span class='ocrx_word' id='word_1_94' title='bbox 814 1286 945 1358; x_wconf 84' lang='lat' dir='ltr'><strong>propter</strong></span> <span class='ocrx_word' id='word_1_95' title='bbox 954 1275 1155 1358; x_wconf 77' lang='lat' dir='ltr'><strong>semetipsum</strong></span> 
     </span>
     <span class='ocr_line' id='line_1_14' title="bbox 232 1361 1156 1445; baseline 0.002 -19"><span class='ocrx_word' id='word_1_96' title='bbox 232 1373 378 1445; x_wconf 86' lang='lat' dir='ltr'><strong>operatus</strong></span> <span class='ocrx_word' id='word_1_97' title='bbox 402 1370 447 1425; x_wconf 86' lang='lat' dir='ltr'><strong>est</strong></span> <span class='ocrx_word' id='word_1_98' title='bbox 462 1361 623 1438; x_wconf 85' lang='lat' dir='ltr'><strong>Dominus,</strong></span> <span class='ocrx_word' id='word_1_99' title='bbox 645 1361 802 1438; x_wconf 67' lang='lat' dir='ltr'><strong>proverb„</strong></span> <span class='ocrx_word' id='word_1_100' title='bbox 830 1362 882 1440; x_wconf 82' lang='lat' dir='ltr'><strong>to,</strong></span> <span class='ocrx_word' id='word_1_101' title='bbox 901 1363 932 1440; x_wconf 79' lang='lat' dir='ltr'><strong>a;</strong></span> <span class='ocrx_word' id='word_1_102' title='bbox 945 1378 976 1429; x_wconf 93' lang='lat' dir='ltr'><strong>et</strong></span> <span class='ocrx_word' id='word_1_103' title='bbox 997 1363 1036 1428; x_wconf 92' lang='lat' dir='ltr'><strong>de</strong></span> <span class='ocrx_word' id='word_1_104' title='bbox 1049 1363 1156 1430; x_wconf 79' lang='lat' dir='ltr'><strong>Verbo</strong></span> 
     </span>
     <span class='ocr_line' id='line_1_15' title="bbox 232 1450 1155 1534; baseline -0.001 -18"><span class='ocrx_word' id='word_1_105' title='bbox 232 1451 290 1516; x_wconf 91' lang='lat' dir='ltr'><strong>Dei</strong></span> <span class='ocrx_word' id='word_1_106' title='bbox 314 1451 432 1515; x_wconf 87' lang='lat' dir='ltr'><strong>dieitur:</strong></span> <span class='ocrx_word' id='word_1_107' title='bbox 459 1450 573 1514; x_wconf 87' lang='lat' dir='ltr'><strong>Omnia</strong></span> <span class='ocrx_word' id='word_1_108' title='bbox 591 1471 651 1534; x_wconf 81' lang='lat' dir='ltr'><strong>per</strong></span> <span class='ocrx_word' id='word_1_109' title='bbox 672 1453 774 1534; x_wconf 86' lang='lat' dir='ltr'><strong>ipsum</strong></span> <span class='ocrx_word' id='word_1_110' title='bbox 794 1451 879 1533; x_wconf 76' lang='lat' dir='ltr'><strong>saeta</strong></span> <span class='ocrx_word' id='word_1_111' title='bbox 916 1465 997 1526; x_wconf 81' lang='lat' dir='ltr'><strong>sant,</strong></span> <span class='ocrx_word' id='word_1_112' title='bbox 1029 1453 1155 1528; x_wconf 66' lang='lat' dir='ltr'><strong>loann„</strong></span> 
     </span>
     <span class='ocr_line' id='line_1_16' title="bbox 234 1538 1154 1623; baseline 0 -18"><span class='ocrx_word' id='word_1_113' title='bbox 234 1542 264 1614; x_wconf 95' lang='grc'><strong>1,</strong></span> <span class='ocrx_word' id='word_1_114' title='bbox 287 1541 318 1617; x_wconf 81' lang='grc'><strong>5;</strong></span> <span class='ocrx_word' id='word_1_115' title='bbox 341 1552 384 1603; x_wconf 86' lang='lat' dir='ltr'><strong>et:</strong></span> <span class='ocrx_word' id='word_1_116' title='bbox 400 1538 544 1603; x_wconf 77' lang='lat' dir='ltr'><strong><em>Gratiam</em></strong></span> <span class='ocrx_word' id='word_1_117' title='bbox 560 1548 589 1602; x_wconf 84' lang='lat' dir='ltr'><strong>et</strong></span> <span class='ocrx_word' id='word_1_118' title='bbox 604 1541 739 1623; x_wconf 79' lang='lat' dir='ltr'><strong>ptoriam</strong></span> <span class='ocrx_word' id='word_1_119' title='bbox 753 1540 842 1604; x_wconf 81' lang='lat' dir='ltr'><strong>dabit</strong></span> <span class='ocrx_word' id='word_1_120' title='bbox 853 1540 1154 1620; x_wconf 86' lang='lat' dir='ltr'><strong>Dominae‚Psaim.‚</strong></span> 
     </span>
     <span class='ocr_line' id='line_1_17' title="bbox 232 1627 1155 1711; baseline -0.002 -17"><span class='ocrx_word' id='word_1_121' title='bbox 232 1629 286 1707; x_wconf 78' lang='lat'><strong>85,</strong></span> <span class='ocrx_word' id='word_1_122' title='bbox 311 1628 363 1706; x_wconf 66' lang='lat'><strong>193</strong></span> <span class='ocrx_word' id='word_1_123' title='bbox 385 1642 415 1692; x_wconf 92' lang='lat' dir='ltr'><strong>et</strong></span> <span class='ocrx_word' id='word_1_124' title='bbox 438 1627 518 1692; x_wconf 84' lang='lat' dir='ltr'><strong>aiibi:</strong></span> <span class='ocrx_word' id='word_1_125' title='bbox 544 1627 637 1692; x_wconf 84' lang='lat' dir='ltr'><strong>Salus</strong></span> <span class='ocrx_word' id='word_1_126' title='bbox 659 1640 763 1692; x_wconf 86' lang='lat' dir='ltr'><strong>autem</strong></span> <span class='ocrx_word' id='word_1_127' title='bbox 775 1630 936 1711; x_wconf 81' lang='lat' dir='ltr'><strong>justo-rum</strong></span> <span class='ocrx_word' id='word_1_128' title='bbox 958 1652 979 1694; x_wconf 96' lang='lat' dir='ltr'><strong>a</strong></span> <span class='ocrx_word' id='word_1_129' title='bbox 1009 1631 1155 1705; x_wconf 86' lang='lat' dir='ltr'><strong>Domino,</strong></span> 
     </span>
     <span class='ocr_line' id='line_1_18' title="bbox 234 1715 1154 1802; baseline 0.001 -20"><span class='ocrx_word' id='word_1_130' title='bbox 234 1719 358 1792; x_wconf 70' lang='lat' dir='ltr'><strong>Psaim„</strong></span> <span class='ocrx_word' id='word_1_131' title='bbox 381 1717 434 1795; x_wconf 80' lang='lat'><strong>36,</strong></span> <span class='ocrx_word' id='word_1_132' title='bbox 458 1716 510 1781; x_wconf 79' lang='lat'><strong>59.</strong></span> <span class='ocrx_word' id='word_1_133' title='bbox 534 1715 728 1781; x_wconf 73' lang='lat' dir='ltr'><strong>Manifestum</strong></span> <span class='ocrx_word' id='word_1_134' title='bbox 766 1731 812 1782; x_wconf 91' lang='lat' dir='ltr'><strong>est</strong></span> <span class='ocrx_word' id='word_1_135' title='bbox 845 1718 937 1802; x_wconf 79' lang='lat' dir='ltr'><strong>igitur</strong></span> <span class='ocrx_word' id='word_1_136' title='bbox 971 1734 1054 1783; x_wconf 83' lang='lat' dir='ltr'><strong>reete</strong></span> <span class='ocrx_word' id='word_1_137' title='bbox 1092 1719 1154 1783; x_wconf 84' lang='lat' dir='ltr'><strong>diei</strong></span> 
     </span>
     <span class='ocr_line' id='line_1_19' title="bbox 236 1805 1082 1892; baseline 0.001 -21"><span class='ocrx_word' id='word_1_138' title='bbox 236 1807 350 1885; x_wconf 87' lang='lat' dir='ltr'><strong>Deum,</strong></span> <span class='ocrx_word' id='word_1_139' title='bbox 372 1806 427 1870; x_wconf 88' lang='lat' dir='ltr'><strong>Dei</strong></span> <span class='ocrx_word' id='word_1_140' title='bbox 453 1805 599 1882; x_wconf 90' lang='lat' dir='ltr'><strong>Verbum,</strong></span> <span class='ocrx_word' id='word_1_141' title='bbox 623 1825 690 1870; x_wconf 87' lang='lat' dir='ltr'><strong>esse</strong></span> <span class='ocrx_word' id='word_1_142' title='bbox 714 1826 838 1892; x_wconf 80' lang='lat' dir='ltr'><strong>pansum</strong></span> <span class='ocrx_word' id='word_1_143' title='bbox 861 1820 891 1871; x_wconf 91' lang='lat' dir='ltr'><strong>et</strong></span> <span class='ocrx_word' id='word_1_144' title='bbox 915 1823 1082 1872; x_wconf 88' lang='lat' dir='ltr'><strong>mortuum.</strong></span> 
     </span>
    </p>

    <p class='ocr_par' dir='ltr' id='par_1_4' title="bbox 229 1893 1219 2780">
     <span class='ocr_line' id='line_1_20' title="bbox 299 1893 1152 1986; baseline 0.001 -26"><span class='ocrx_word' id='word_1_145' title='bbox 299 1895 472 1971; x_wconf 88' lang='lat' dir='ltr'><strong>Praeterea,</strong></span> <span class='ocrx_word' id='word_1_146' title='bbox 495 1893 577 1958; x_wconf 90' lang='lat' dir='ltr'><strong>Lieet</strong></span> <span class='ocrx_word' id='word_1_147' title='bbox 599 1894 709 1978; x_wconf 86' lang='lat' dir='ltr'><strong>aliquis</strong></span> <span class='ocrx_word' id='word_1_148' title='bbox 732 1895 826 1960; x_wconf 90' lang='lat' dir='ltr'><strong>homo</strong></span> <span class='ocrx_word' id='word_1_149' title='bbox 850 1897 1081 1986; x_wconf 72' lang='lat' dir='ltr'><strong>participatione</strong></span> <span class='ocrx_word' id='word_1_150' title='bbox 1104 1895 1152 1961; x_wconf 92' lang='lat' dir='ltr'><strong>di·</strong></span> 
     </span>
     <span class='ocr_line' id='line_1_21' title="bbox 234 1983 1154 2070; baseline 0.002 -21"><span class='ocrx_word' id='word_1_151' title='bbox 234 1985 298 2051; x_wconf 76' lang='lat' dir='ltr'><strong>rini</strong></span> <span class='ocrx_word' id='word_1_152' title='bbox 322 1984 449 2049; x_wconf 89' lang='lat' dir='ltr'><strong>dominii</strong></span> <span class='ocrx_word' id='word_1_153' title='bbox 473 1983 617 2049; x_wconf 89' lang='lat' dir='ltr'><strong>dominus</strong></span> <span class='ocrx_word' id='word_1_154' title='bbox 641 1983 700 2049; x_wconf 90' lang='lat' dir='ltr'><strong>dioi</strong></span> <span class='ocrx_word' id='word_1_155' title='bbox 724 1984 830 2070; x_wconf 87' lang='lat' dir='ltr'><strong>possit,</strong></span> <span class='ocrx_word' id='word_1_156' title='bbox 864 1984 967 2051; x_wconf 88' lang='lat' dir='ltr'><strong>nuilus</strong></span> <span class='ocrx_word' id='word_1_157' title='bbox 991 1985 1085 2050; x_wconf 88' lang='lat' dir='ltr'><strong>homo</strong></span> <span class='ocrx_word' id='word_1_158' title='bbox 1110 2001 1154 2051; x_wconf 91' lang='lat' dir='ltr'><strong>ta·</strong></span> 
     </span>
     <span class='ocr_line' id='line_1_22' title="bbox 233 2073 1151 2161; baseline 0.002 -23"><span class='ocrx_word' id='word_1_159' title='bbox 233 2095 306 2139; x_wconf 89' lang='lat' dir='ltr'><strong>men</strong></span> <span class='ocrx_word' id='word_1_160' title='bbox 330 2094 431 2161; x_wconf 89' lang='lat' dir='ltr'><strong>neque</strong></span> <span class='ocrx_word' id='word_1_161' title='bbox 454 2085 592 2137; x_wconf 88' lang='lat' dir='ltr'><strong>ereatura</strong></span> <span class='ocrx_word' id='word_1_162' title='bbox 630 2073 731 2157; x_wconf 88' lang='lat' dir='ltr'><strong>aliqua</strong></span> <span class='ocrx_word' id='word_1_163' title='bbox 765 2087 864 2159; x_wconf 90' lang='lat' dir='ltr'><strong>potest</strong></span> <span class='ocrx_word' id='word_1_164' title='bbox 903 2073 961 2139; x_wconf 90' lang='lat' dir='ltr'><strong>diei</strong></span> <span class='ocrx_word' id='word_1_165' title='bbox 997 2075 1151 2141; x_wconf 80' lang='lat' dir='ltr'><strong>Dominus</strong></span> 
     </span>
     <span class='ocr_line' id='line_1_23' title="bbox 233 2160 1151 2247; baseline 0.001 -19"><span class='ocrx_word' id='word_1_166' title='bbox 233 2164 361 2247; x_wconf 61' lang='lat' dir='ltr'><strong>gloriam</strong></span> <span class='ocrx_word' id='word_1_167' title='bbox 395 2160 466 2247; x_wconf 86' lang='lat' dir='ltr'><strong>quia</strong></span> <span class='ocrx_word' id='word_1_168' title='bbox 505 2160 635 2245; x_wconf 81' lang='lat' dir='ltr'><strong>gloriam</strong></span> <span class='ocrx_word' id='word_1_169' title='bbox 674 2161 795 2227; x_wconf 83' lang='lat' dir='ltr'><strong>suturae</strong></span> <span class='ocrx_word' id='word_1_170' title='bbox 829 2161 1026 2227; x_wconf 90' lang='lat' dir='ltr'><strong>beatitudinis</strong></span> <span class='ocrx_word' id='word_1_171' title='bbox 1064 2164 1151 2230; x_wconf 86' lang='lat' dir='ltr'><strong>soius</strong></span> 
     </span>
     <span class='ocr_line' id='line_1_24' title="bbox 230 2247 1152 2335; baseline -0.001 -18"><span class='ocrx_word' id='word_1_172' title='bbox 230 2252 316 2317; x_wconf 86' lang='lat' dir='ltr'><strong>Deus</strong></span> <span class='ocrx_word' id='word_1_173' title='bbox 338 2271 374 2316; x_wconf 82' lang='lat' dir='ltr'><strong>ex</strong></span> <span class='ocrx_word' id='word_1_174' title='bbox 399 2265 506 2315; x_wconf 90' lang='lat' dir='ltr'><strong>natura</strong></span> <span class='ocrx_word' id='word_1_175' title='bbox 531 2250 678 2334; x_wconf 84' lang='lat' dir='ltr'><strong>possidet,</strong></span> <span class='ocrx_word' id='word_1_176' title='bbox 702 2250 752 2314; x_wconf 83' lang='lat' dir='ltr'><strong>alii</strong></span> <span class='ocrx_word' id='word_1_177' title='bbox 777 2270 855 2315; x_wconf 85' lang='lat' dir='ltr'><strong>vero</strong></span> <span class='ocrx_word' id='word_1_178' title='bbox 871 2271 926 2335; x_wconf 90' lang='lat' dir='ltr'><strong>per</strong></span> <span class='ocrx_word' id='word_1_179' title='bbox 949 2247 1066 2316; x_wconf 84' lang='lat' dir='ltr'><strong>donum</strong></span> <span class='ocrx_word' id='word_1_180' title='bbox 1082 2254 1152 2335; x_wconf 78' lang='lat' dir='ltr'><strong>gra-</strong></span> 
     </span>
     <span class='ocr_line' id='line_1_25' title="bbox 230 2337 1153 2423; baseline -0.001 -17"><span class='ocrx_word' id='word_1_181' title='bbox 230 2344 301 2418; x_wconf 90' lang='lat' dir='ltr'><strong>tiae;</strong></span> <span class='ocrx_word' id='word_1_182' title='bbox 323 2340 406 2405; x_wconf 91' lang='lat' dir='ltr'><strong>uude</strong></span> <span class='ocrx_word' id='word_1_183' title='bbox 429 2352 458 2401; x_wconf 93' lang='lat' dir='ltr'><strong>et</strong></span> <span class='ocrx_word' id='word_1_184' title='bbox 475 2337 593 2403; x_wconf 89' lang='lat' dir='ltr'><strong>dieitur:</strong></span> <span class='ocrx_word' id='word_1_185' title='bbox 617 2338 771 2408; x_wconf 83' lang='lat' dir='ltr'><strong>Dominus</strong></span> <span class='ocrx_word' id='word_1_186' title='bbox 784 2341 932 2404; x_wconf 84' lang='lat' dir='ltr'><strong>virtutum</strong></span> <span class='ocrx_word' id='word_1_187' title='bbox 946 2342 1012 2423; x_wconf 82' lang='lat' dir='ltr'><strong>ipse</strong></span> <span class='ocrx_word' id='word_1_188' title='bbox 1028 2342 1153 2405; x_wconf 81' lang='lat' dir='ltr'><strong>rstRea</strong></span> 
     </span>
     <span class='ocr_line' id='line_1_26' title="bbox 232 2426 1155 2515; baseline 0 -21"><span class='ocrx_word' id='word_1_189' title='bbox 232 2428 362 2515; x_wconf 76' lang='lat' dir='ltr'><strong>aioriae,</strong></span> <span class='ocrx_word' id='word_1_190' title='bbox 385 2427 510 2505; x_wconf 67' lang='lat' dir='ltr'><strong>psalm„</strong></span> <span class='ocrx_word' id='word_1_191' title='bbox 534 2426 587 2505; x_wconf 66' lang='grc'><strong>95,</strong></span> <span class='ocrx_word' id='word_1_192' title='bbox 612 2428 664 2493; x_wconf 89' lang='grc'><strong>10.</strong></span> <span class='ocrx_word' id='word_1_193' title='bbox 680 2427 742 2492; x_wconf 84' lang='lat' dir='ltr'><strong>Sed</strong></span> <span class='ocrx_word' id='word_1_194' title='bbox 767 2428 928 2513; x_wconf 81' lang='lat' dir='ltr'><strong>Apostolus</strong></span> <span class='ocrx_word' id='word_1_195' title='bbox 951 2430 1024 2493; x_wconf 83' lang='lat' dir='ltr'><strong>dicit</strong></span> <span class='ocrx_word' id='word_1_196' title='bbox 1046 2430 1155 2495; x_wconf 90' lang='lat' dir='ltr'><strong>Domi·</strong></span> 
     </span>
     <span class='ocr_line' id='line_1_27' title="bbox 231 2517 1155 2602; baseline 0 -19"><span class='ocrx_word' id='word_1_197' title='bbox 231 2540 308 2585; x_wconf 88' lang='lat' dir='ltr'><strong>num</strong></span> <span class='ocrx_word' id='word_1_198' title='bbox 331 2517 447 2602; x_wconf 76' lang='lat' dir='ltr'><strong>gloriae</strong></span> <span class='ocrx_word' id='word_1_199' title='bbox 470 2535 538 2581; x_wconf 87' lang='lat' dir='ltr'><strong>esse</strong></span> <span class='ocrx_word' id='word_1_200' title='bbox 560 2517 752 2581; x_wconf 80' lang='lat' dir='ltr'><strong>crucifixum:</strong></span> <span class='ocrx_word' id='word_1_201' title='bbox 767 2517 802 2581; x_wconf 84' lang='lat' dir='ltr'><strong>Si</strong></span> <span class='ocrx_word' id='word_1_202' title='bbox 823 2518 905 2581; x_wconf 85' lang='lat' dir='ltr'><strong>enim</strong></span> <span class='ocrx_word' id='word_1_203' title='bbox 934 2521 1155 2602; x_wconf 62' lang='lat' dir='ltr'><strong>ropaoaisseaa</strong></span> 
     </span>
     <span class='ocr_line' id='line_1_28' title="bbox 229 2604 1156 2691; baseline 0.001 -20"><span class='ocrx_word' id='word_1_204' title='bbox 229 2627 386 2691; x_wconf 80' lang='lat' dir='ltr'><strong>tranquaut</strong></span> <span class='ocrx_word' id='word_1_205' title='bbox 416 2604 584 2674; x_wconf 84' lang='lat' dir='ltr'><strong>Dominum</strong></span> <span class='ocrx_word' id='word_1_206' title='bbox 606 2607 724 2689; x_wconf 78' lang='lat' dir='ltr'><strong>ptoriae</strong></span> <span class='ocrx_word' id='word_1_207' title='bbox 760 2605 990 2686; x_wconf 72' lang='lat' dir='ltr'><strong>crucifixissent,</strong></span> <span class='ocrx_word' id='word_1_208' title='bbox 1029 2606 1042 2671; x_wconf 97' lang='grc'>1</span> <span class='ocrx_word' id='word_1_209' title='bbox 1072 2605 1156 2685; x_wconf 67' lang='lat' dir='ltr'><strong>Cor„</strong></span> 
     </span>
     <span class='ocr_line' id='line_1_29' title="bbox 231 2694 1219 2780; baseline -0.002 -17"><span class='ocrx_word' id='word_1_210' title='bbox 231 2698 265 2775; x_wconf 72' lang='lat'><strong>2,</strong></span> <span class='ocrx_word' id='word_1_211' title='bbox 287 2696 317 2761; x_wconf 84' lang='lat'><strong>8.</strong></span> <span class='ocrx_word' id='word_1_212' title='bbox 342 2695 420 2762; x_wconf 89' lang='lat' dir='ltr'><strong>Vere</strong></span> <span class='ocrx_word' id='word_1_213' title='bbox 443 2696 533 2779; x_wconf 79' lang='lat' dir='ltr'><strong>igitur</strong></span> <span class='ocrx_word' id='word_1_214' title='bbox 549 2694 607 2757; x_wconf 87' lang='lat' dir='ltr'><strong>diei</strong></span> <span class='ocrx_word' id='word_1_215' title='bbox 625 2707 723 2779; x_wconf 92' lang='lat' dir='ltr'><strong>potest</strong></span> <span class='ocrx_word' id='word_1_216' title='bbox 735 2695 816 2780; x_wconf 91' lang='lat' dir='ltr'><strong>quod</strong></span> <span class='ocrx_word' id='word_1_217' title='bbox 831 2694 915 2758; x_wconf 90' lang='lat' dir='ltr'><strong>Deus</strong></span> <span class='ocrx_word' id='word_1_218' title='bbox 927 2695 1154 2761; x_wconf 85' lang='lat' dir='ltr'><strong>sitoruoiiixus.</strong></span> <span class='ocrx_word' id='word_1_219' title='bbox 1218 2717 1219 2722; x_wconf 50' lang='lat'>¹</span> 
     </span>
    </p>

    <p class='ocr_par' dir='ltr' id='par_1_5' title="bbox 197 2782 1157 3579">
     <span class='ocr_line' id='line_1_30' title="bbox 299 2782 1154 2869; baseline 0 -20"><span class='ocrx_word' id='word_1_220' title='bbox 299 2784 416 2862; x_wconf 74' lang='lat' dir='ltr'><strong>Adhuc,</strong></span> <span class='ocrx_word' id='word_1_221' title='bbox 428 2783 562 2849; x_wconf 77' lang='lat' dir='ltr'><strong>Verbum</strong></span> <span class='ocrx_word' id='word_1_222' title='bbox 586 2782 643 2846; x_wconf 86' lang='lat' dir='ltr'><strong>Dei</strong></span> <span class='ocrx_word' id='word_1_223' title='bbox 662 2783 773 2847; x_wconf 87' lang='lat' dir='ltr'><strong>dieitur</strong></span> <span class='ocrx_word' id='word_1_224' title='bbox 794 2783 851 2848; x_wconf 89' lang='lat' dir='ltr'><strong>Dei</strong></span> <span class='ocrx_word' id='word_1_225' title='bbox 875 2783 969 2849; x_wconf 86' lang='lat' dir='ltr'><strong>Filius</strong></span> <span class='ocrx_word' id='word_1_226' title='bbox 985 2804 1041 2869; x_wconf 89' lang='lat' dir='ltr'><strong>per</strong></span> <span class='ocrx_word' id='word_1_227' title='bbox 1063 2798 1154 2850; x_wconf 90' lang='lat' dir='ltr'><strong>natu-</strong></span> 
     </span>
     <span class='ocr_line' id='line_1_31' title="bbox 237 2871 1157 2958; baseline 0.002 -22"><span class='ocrx_word' id='word_1_228' title='bbox 237 2894 316 2950; x_wconf 87' lang='lat' dir='ltr'><strong>ram,</strong></span> <span class='ocrx_word' id='word_1_229' title='bbox 329 2888 362 2936; x_wconf 91' lang='lat' dir='ltr'><strong>ut</strong></span> <span class='ocrx_word' id='word_1_230' title='bbox 386 2893 421 2937; x_wconf 88' lang='lat' dir='ltr'><strong>ex</strong></span> <span class='ocrx_word' id='word_1_231' title='bbox 445 2871 626 2954; x_wconf 86' lang='lat' dir='ltr'><strong>supradietis</strong></span> <span class='ocrx_word' id='word_1_232' title='bbox 650 2874 690 2954; x_wconf 88' lang='lat' dir='ltr'><strong>(o.</strong></span> <span class='ocrx_word' id='word_1_233' title='bbox 707 2872 743 2934; x_wconf 97' lang='grc'><strong>11</strong></span> <span class='ocrx_word' id='word_1_234' title='bbox 763 2885 791 2935; x_wconf 92' lang='lat' dir='ltr'><strong>et</strong></span> <span class='ocrx_word' id='word_1_235' title='bbox 807 2872 862 2955; x_wconf 77' lang='lat' dir='ltr'><strong>tt)</strong></span> <span class='ocrx_word' id='word_1_236' title='bbox 880 2874 1079 2958; x_wconf 76' lang='lat' dir='ltr'><strong>patet3itomo</strong></span> <span class='ocrx_word' id='word_1_237' title='bbox 1101 2895 1157 2938; x_wconf 87' lang='lat' dir='ltr'><strong>au·</strong></span> 
     </span>
     <span class='ocr_line' id='line_1_32' title="bbox 236 2959 1156 3047; baseline 0.002 -22"><span class='ocrx_word' id='word_1_238' title='bbox 236 2975 309 3041; x_wconf 88' lang='lat' dir='ltr'><strong>tem,</strong></span> <span class='ocrx_word' id='word_1_239' title='bbox 333 2976 458 3047; x_wconf 92' lang='lat' dir='ltr'><strong>propter</strong></span> <span class='ocrx_word' id='word_1_240' title='bbox 481 2959 734 3023; x_wconf 84' lang='lat' dir='ltr'><strong>inhabitationem</strong></span> <span class='ocrx_word' id='word_1_241' title='bbox 756 2960 825 3038; x_wconf 88' lang='lat' dir='ltr'><strong>Dei,</strong></span> <span class='ocrx_word' id='word_1_242' title='bbox 848 2961 958 3025; x_wconf 85' lang='lat' dir='ltr'><strong>dieitur</strong></span> <span class='ocrx_word' id='word_1_243' title='bbox 990 2962 1047 3026; x_wconf 92' lang='lat' dir='ltr'><strong>Dei</strong></span> <span class='ocrx_word' id='word_1_244' title='bbox 1071 2962 1156 3028; x_wconf 82' lang='lat' dir='ltr'><strong>iilius</strong></span> 
     </span>
     <span class='ocr_line' id='line_1_33' title="bbox 233 3047 1155 3137; baseline 0.003 -23"><span class='ocrx_word' id='word_1_245' title='bbox 233 3052 440 3137; x_wconf 78' lang='lat' dir='ltr'><strong>pergratiam</strong></span> <span class='ocrx_word' id='word_1_246' title='bbox 465 3048 647 3133; x_wconf 84' lang='lat' dir='ltr'><strong>adoptionis.</strong></span> <span class='ocrx_word' id='word_1_247' title='bbox 670 3047 721 3113; x_wconf 88' lang='lat' dir='ltr'><strong>Sia</strong></span> <span class='ocrx_word' id='word_1_248' title='bbox 744 3048 834 3132; x_wconf 78' lang='lat' dir='ltr'><strong>igitur</strong></span> <span class='ocrx_word' id='word_1_249' title='bbox 857 3050 887 3113; x_wconf 91' lang='lat' dir='ltr'><strong>in</strong></span> <span class='ocrx_word' id='word_1_250' title='bbox 917 3050 1053 3115; x_wconf 89' lang='lat' dir='ltr'><strong>Domino</strong></span> <span class='ocrx_word' id='word_1_251' title='bbox 1078 3052 1155 3117; x_wconf 81' lang='lat' dir='ltr'><strong>Jesu</strong></span> 
     </span>
     <span class='ocr_line' id='line_1_34' title="bbox 233 3136 1156 3223; baseline 0.001 -19"><span class='ocrx_word' id='word_1_252' title='bbox 233 3139 362 3215; x_wconf 83' lang='lat' dir='ltr'><strong>Christo,</strong></span> <span class='ocrx_word' id='word_1_253' title='bbox 388 3136 559 3203; x_wconf 87' lang='lat' dir='ltr'><strong>seeundum</strong></span> <span class='ocrx_word' id='word_1_254' title='bbox 584 3138 767 3223; x_wconf 89' lang='lat' dir='ltr'><strong>positionem</strong></span> <span class='ocrx_word' id='word_1_255' title='bbox 788 3138 985 3223; x_wconf 76' lang='lat' dir='ltr'><strong>praedictam,</strong></span> <span class='ocrx_word' id='word_1_256' title='bbox 1006 3154 1053 3203; x_wconf 90' lang='lat' dir='ltr'><strong>est</strong></span> <span class='ocrx_word' id='word_1_257' title='bbox 1074 3142 1156 3205; x_wconf 81' lang='lat' dir='ltr'><strong>aoei-</strong></span> 
     </span>
     <span class='ocr_line' id='line_1_35' title="bbox 232 3226 1154 3316; baseline -0.001 -22"><span class='ocrx_word' id='word_1_258' title='bbox 232 3249 308 3316; x_wconf 89' lang='lat' dir='ltr'><strong>pere</strong></span> <span class='ocrx_word' id='word_1_259' title='bbox 332 3241 497 3313; x_wconf 89' lang='lat' dir='ltr'><strong>utrumque</strong></span> <span class='ocrx_word' id='word_1_260' title='bbox 521 3226 675 3291; x_wconf 80' lang='lat' dir='ltr'><strong>ntianonis</strong></span> <span class='ocrx_word' id='word_1_261' title='bbox 698 3227 839 3304; x_wconf 83' lang='lat' dir='ltr'><strong>modurn;</strong></span> <span class='ocrx_word' id='word_1_262' title='bbox 861 3248 933 3291; x_wconf 89' lang='lat' dir='ltr'><strong>natn</strong></span> <span class='ocrx_word' id='word_1_263' title='bbox 952 3228 1087 3293; x_wconf 83' lang='lat' dir='ltr'><strong>Verbum</strong></span> <span class='ocrx_word' id='word_1_264' title='bbox 1104 3229 1154 3293; x_wconf 88' lang='lat' dir='ltr'><strong>in·</strong></span> 
     </span>
     <span class='ocr_line' id='line_1_36' title="bbox 235 3314 1155 3401; baseline 0 -19"><span class='ocrx_word' id='word_1_265' title='bbox 235 3317 377 3383; x_wconf 86' lang='lat' dir='ltr'><strong>habitans</strong></span> <span class='ocrx_word' id='word_1_266' title='bbox 400 3331 445 3379; x_wconf 91' lang='lat' dir='ltr'><strong>est</strong></span> <span class='ocrx_word' id='word_1_267' title='bbox 468 3316 524 3379; x_wconf 86' lang='lat' dir='ltr'><strong>Dei</strong></span> <span class='ocrx_word' id='word_1_268' title='bbox 548 3314 642 3379; x_wconf 88' lang='lat' dir='ltr'><strong>Filius</strong></span> <span class='ocrx_word' id='word_1_269' title='bbox 665 3335 720 3401; x_wconf 88' lang='lat' dir='ltr'><strong>per</strong></span> <span class='ocrx_word' id='word_1_270' title='bbox 742 3329 895 3392; x_wconf 88' lang='lat' dir='ltr'><strong>noturam;</strong></span> <span class='ocrx_word' id='word_1_271' title='bbox 913 3317 1008 3380; x_wconf 91' lang='lat' dir='ltr'><strong>homo</strong></span> <span class='ocrx_word' id='word_1_272' title='bbox 1031 3317 1155 3381; x_wconf 87' lang='lat' dir='ltr'><strong>inhabi-</strong></span> 
     </span>
     <span class='ocr_line' id='line_1_37' title="bbox 233 3404 1156 3489; baseline 0.003 -21"><span class='ocrx_word' id='word_1_273' title='bbox 233 3419 313 3469; x_wconf 84' lang='lat' dir='ltr'><strong>tatus</strong></span> <span class='ocrx_word' id='word_1_274' title='bbox 336 3418 382 3471; x_wconf 88' lang='lat' dir='ltr'><strong>est</strong></span> <span class='ocrx_word' id='word_1_275' title='bbox 404 3404 460 3469; x_wconf 84' lang='lat' dir='ltr'><strong>Dei</strong></span> <span class='ocrx_word' id='word_1_276' title='bbox 485 3404 565 3469; x_wconf 82' lang='lat' dir='ltr'><strong>lilius</strong></span> <span class='ocrx_word' id='word_1_277' title='bbox 590 3424 645 3488; x_wconf 90' lang='lat' dir='ltr'><strong>per</strong></span> <span class='ocrx_word' id='word_1_278' title='bbox 677 3406 807 3486; x_wconf 83' lang='lat' dir='ltr'><strong>gratiam</strong></span> <span class='ocrx_word' id='word_1_279' title='bbox 845 3406 1027 3489; x_wconf 89' lang='lat' dir='ltr'><strong>adoptionis.</strong></span> <span class='ocrx_word' id='word_1_280' title='bbox 1066 3404 1156 3471; x_wconf 90' lang='lat' dir='ltr'><strong>Unde</strong></span> 
     </span>
     <span class='ocr_line' id='line_1_38' title="bbox 197 3492 1155 3579; baseline 0.006 -22"><span class='ocrx_word' id='word_1_281' title='bbox 197 3531 200 3537; x_wconf 94' lang='lat'>·</span> <span class='ocrx_word' id='word_1_282' title='bbox 232 3494 328 3559; x_wconf 84' lang='lat' dir='ltr'><strong>ltottto</strong></span> <span class='ocrx_word' id='word_1_283' title='bbox 354 3494 404 3559; x_wconf 85' lang='lat' dir='ltr'><strong>ille</strong></span> <span class='ocrx_word' id='word_1_284' title='bbox 428 3512 489 3558; x_wconf 92' lang='lat' dir='ltr'><strong>non</strong></span> <span class='ocrx_word' id='word_1_285' title='bbox 514 3506 612 3577; x_wconf 90' lang='lat' dir='ltr'><strong>potest</strong></span> <span class='ocrx_word' id='word_1_286' title='bbox 635 3492 695 3556; x_wconf 89' lang='lat' dir='ltr'><strong>diui</strong></span> <span class='ocrx_word' id='word_1_287' title='bbox 719 3496 861 3579; x_wconf 89' lang='lat' dir='ltr'><strong>proprius</strong></span> <span class='ocrx_word' id='word_1_288' title='bbox 892 3492 939 3557; x_wconf 83' lang='lat' dir='ltr'><strong>uei</strong></span> <span class='ocrx_word' id='word_1_289' title='bbox 974 3494 1155 3577; x_wconf 85' lang='lat' dir='ltr'><strong>unigenitus</strong></span> 
     </span>
    </p>
   </div>
   <div class='ocr_carea' id='block_1_3' title="bbox 0 0 1246 3975">
    <p class='ocr_par' dir='ltr' id='par_1_6' title="bbox 0 0 1246 3975">
     <span class='ocr_line' id='line_1_39' title="bbox 0 0 1246 3975; baseline 0 0"><span class='ocrx_word' id='word_1_290' title='bbox 0 0 1246 3975; x_wconf 95' lang='lat' dir='ltr'><strong> </strong></span> 
     </span>
    </p>
   </div>
  </div>
 </body>
</html>
