2484 3975
411 260 467 310 tta.
490 246 530 308 rt.
554 257 617 307 aar.
640 259 710 307 xtrt.
771 269 773 274 ·
956 238 1018 307 103

404 407 589 487 unior
624 417 717 485 xxn.

109 629 112 634 ·
199 601 244 665 De
266 595 425 685 effectibus
458 595 617 662 attributis
643 596 773 680 Spiritui
795 592 921 675 Sancta,

167 690 334 756 troandum
363 685 446 772 qaod
468 696 567 751 maret
589 697 767 752 creaturam
788 684 822 748 in
845 684 954 750 Deam.

169 867 221 932 llis
244 865 337 950 igitur
360 861 558 929 consideratis
591 883 672 950 qaae
694 883 750 950 per
772 861 920 948 Spiritum
944 860 1019 926 San·

100 967 185 1022 otum
207 955 239 1020 in
263 953 362 1018 Sacris
385 953 548 1039 Scriptnris
565 953 683 1018 nobisa
699 952 766 1018 Deo
782 951 848 1016 fieri
865 950 1021 1029 dicuntur,

101 1056 223 1131 oportet
246 1041 440 1107 considerare
463 1041 621 1128 quomodo
638 1041 854 1129 perspiritum
871 1039 1020 1106 Sanctum

104 1151 287 1198 moveamur
308 1129 339 1195 in
362 1130 474 1195 Deum.

169 1221 202 1286 Et
226 1219 324 1306 primo
363 1219 489 1304 quidem
517 1218 577 1284 hoa
610 1218 732 1283 ridetur
765 1236 833 1283 esse
867 1217 1021 1284 amicitiae

100 1311 233 1375 maxime
266 1309 424 1395 proprium
460 1307 551 1373 simul
588 1306 762 1372 conversari
801 1305 840 1371 ad
874 1307 1019 1372 amicum.

100 1397 297 1464 conversatio
309 1389 412 1462 autem
429 1397 562 1462 hominis
574 1397 613 1462 ad
629 1397 731 1460 Deum
754 1407 799 1459 est
815 1415 871 1481 per
884 1409 1021 1461 contem-

102 1487 271 1574 plationem
295 1479 399 1572 ipsius,
415 1486 493 1550 sicut
508 1496 539 1548 et
565 1485 726 1570 Apostolus
743 1483 873 1548 dicebat:
904 1484 1022 1550 Nostra

104 1575 295 1641 conuersatio
317 1575 350 1638 ia
373 1575 467 1640 caetis
489 1583 543 1650 est,
567 1573 818 1661 Philipp.,3‚ttt.
835 1573 913 1654 Quia
930 1573 1022 1658 igitur

101 1663 234 1751 Spiritus
256 1663 385 1728 Sanctus
407 1683 465 1734 nos
488 1677 640 1728 amatores
662 1662 718 1727 Dei
736 1661 1021 1747 iacitoonsequens

103 1766 149 1818 est
173 1751 255 1838 quod
279 1771 334 1837 per
356 1751 503 1837 Spiritum
526 1750 671 1816 Sanctum
689 1751 746 1815 Dei
761 1750 1021 1836 contemplatores

103 1842 336 1918 constituamum
359 1839 442 1904 unde
466 1840 641 1920 apostotus.-
664 1840 728 1905 lllos
749 1859 823 1923 itero
845 1859 949 1903 omncs
971 1859 1021 1903 re-

101 1931 208 1996 velata
229 1929 308 2015 [acic
329 1930 463 2016 pluriam
497 1929 622 1995 Domini
643 1930 846 2014 speculantes,
879 1929 912 1992 in
935 1949 1021 1994 cam·

103 2014 180 2083 clem‘
198 2020 362 2102 imapiacm
386 2018 646 2101 transformamur
679 2040 700 2083 a
722 2018 868 2083 claritate
899 2018 933 2081 io
954 2019 1023 2083 clo·

104 2108 231 2172 ritatem
255 2119 412 2191 tamquam
434 2128 454 2172 a
477 2108 603 2173 Domini
625 2105 754 2192 Spiritu,
777 2108 799 2170 ⁹2
821 2106 949 2186 Cor.,5,
968 2107 1020 2173 18.

170 2196 220 2261 Est
243 2209 345 2261 antem
369 2209 399 2261 et
428 2196 578 2261 amicitiae
613 2198 771 2283 proprium
795 2194 878 2282 qnod
912 2196 1022 2282 aliquis

104 2284 137 2349 in
162 2286 331 2370 praesentia
357 2286 446 2350 amici
470 2284 649 2363 delectetur,
671 2298 702 2349 ct
724 2286 754 2350 in
778 2284 845 2369 ejus
867 2284 970 2349 verbis
992 2298 1023 2351 et

104 2372 192 2437 lactis
215 2374 357 2457 gaudeat,
380 2387 410 2438 et
432 2373 463 2438 in
479 2392 517 2437 eo
533 2374 775 2439 consolationem
791 2384 896 2437 contra
912 2393 1023 2439 omnes

104 2461 270 2527 anxietates
294 2462 437 2537 inveniam
471 2462 553 2526 unde
587 2464 618 2526 in
653 2462 778 2526 tristitiis
811 2462 946 2527 manime
980 2462 1021 2529 ad

103 2550 221 2615 amicos
244 2550 460 2615 consolationis
482 2570 574 2617 causa
600 2548 804 2633 confugimus.
827 2549 907 2630 Quia
931 2550 1023 2635 igitur

103 2637 235 2725 Spiritus
258 2638 386 2704 Sanctus
420 2638 477 2702 Dei
501 2658 557 2703 nos
581 2639 697 2703 amicos
719 2637 874 2703 constituit
896 2652 926 2703 et
949 2659 1023 2707 eum

102 2726 134 2791 in
158 2726 248 2792 nobis
272 2726 505 2795 habitare.iacit
529 2739 558 2791 et
581 2747 638 2792 nos
660 2726 692 2791 in
715 2726 793 2812 ipso,
817 2741 849 2791 ut
863 2742 1023 2796 ostensum

102 2829 362 2903 est,·consequens
374 2830 419 2881 est
435 2829 469 2880 ut
485 2815 698 2904 perspiritum
714 2815 860 2881 Sanctam
872 2818 1022 2901 gaudium

103 2904 144 2969 dc
167 2904 234 2971 Deo
257 2918 288 2970 et
322 2905 565 2971 consolationem
590 2906 766 2971 habeamus
783 2918 888 2972 eontra
911 2926 1021 2975 omnes

101 2994 211 3058 mundi
236 2994 433 3059 adversitates
455 3008 485 3059 et
511 2994 771 3080 impugnationem
794 2994 876 3059 unde
898 2996 1019 3064 dicitur:

101 3082 209 3147 Redde
230 3084 306 3147 milti
329 3084 482 3148 laetitiam
504 3085 654 3148 salutaris
677 3083 731 3161 lai,
752 3094 784 3148 et
802 3084 916 3166 spirita
933 3087 1024 3169 prin·

101 3171 198 3255 cipali
219 3174 366 3258 confirma
389 3194 447 3251 me,
470 3171 593 3249 Psalm,
611 3171 725 3248 oo,tt;
747 3185 786 3235 at:
803 3172 941 3257 Repaam
965 3176 1023 3242 Dei

102 3270 149 3323 est
165 3261 291 3343 justitia
315 3272 439 3344 etpost,
478 3271 509 3323 et
530 3260 679 3345 paediam
700 3264 732 3324 ia
756 3258 877 3342 Spiritu
898 3262 1024 3349 Sancto,

101 3347 202 3429 Rom,
227 3348 278 3428 ll,
304 3350 354 3425 173
378 3362 409 3413 et
431 3348 550 3412 dicitnr:
564 3347 733 3414 Eccleaa...
756 3348 1023 3436 mtetrtparem,

103 3447 133 3501 et
165 3436 389 3524 aedificabatur
426 3436 591 3502 ambulans
627 3438 660 3501 ia
694 3439 802 3503 timore
834 3438 971 3521 Domitii,
993 3457 1025 3512 ct

99 3526 310 3593 eoacalatiane
332 3525 441 3595 Sancti
456 3523 594 3614 Spiritus
608 3526 798 3612 replebatur,
820 3528 884 3595 Act.
899 3530 1020 3619 Apost,
