2484 3975
217 231 260 298 70
526 254 580 299 nn.
607 256 645 300 rr.
668 256 732 302 cnr.
755 256 815 302 rtn.

216 320 349 409 perfectu
372 322 489 389 existar.
513 322 651 406 Qualiter
673 338 775 391 uotum
798 324 989 409 singulorum
1003 325 1133 413 proprie

215 413 293 478 ratio
316 430 384 477 esse
407 412 511 497 possit,
534 434 571 478 ex
594 414 642 481 bis
664 416 798 502 quaein
831 414 931 499 primo
964 416 1043 481 libro
1065 429 1131 481 tru-

215 513 294 567 etutu
317 513 388 566 sunt
410 501 606 568 menifestum
628 517 686 582 εει,
709 503 761 569 ubi
784 516 942 570 ostensum
975 505 1133 587 estquod

213 590 298 657 Deus
320 590 458 655 omnium
483 592 638 677 propriam
672 592 880 677 coguitionem
915 592 1017 658 babet.
1051 592 1134 673 Qui·

213 699 348 766 eumque
371 691 473 744 eutem
498 679 568 745 iuuit
589 680 705 766 reliquid
729 702 785 768 per
806 681 993 747 ioteiieutum
1017 701 1128 767 operu-

214 782 263 834 tur
285 788 341 855 per
362 768 511 835 rationem
534 786 640 835 rerum
673 768 821 835 isaurum
856 790 949 855 quum
987 769 1069 856 opud
1092 790 1132 835 εε

213 857 318 933 hubet;
341 856 452 923 domos
476 858 558 921 enim
581 878 661 943 queo
676 871 729 924 ⁴est
751 860 782 925 in
805 859 932 924 muteris
954 858 988 924 ut
1009 858 1050 923 ub
1075 879 1129 925 ue·

212 947 369 1013 dibuutore
389 965 444 1033 per
460 945 570 1011 dumus
582 948 733 1012 rationem
749 968 841 1034 quum
859 947 951 1012 bubet
964 948 995 1012 in
1011 960 1129 1013 mente.

212 1033 376 1101 Ostensum
400 1046 571 1099 ostentum
593 1055 686 1122 supra
709 1037 795 1122 quud
816 1036 901 1102 Deus
922 1056 972 1101 res
1000 1035 1032 1100 in
1056 1056 1128 1101 usse

210 1124 362 1209 producit,
385 1144 447 1188 nun
471 1122 600 1189 naturali
635 1126 817 1191 necessitate
850 1124 905 1190 sed
941 1126 1029 1210 quusi
1067 1145 1127 1210 per

201 1206 398 1279 ¹intellectum
421 1224 467 1277 est
489 1206 677 1279 volumtatem
699 1234 804 1298 agens.
820 1214 904 1279 Feei't
925 1215 1018 1298 igitur
1038 1213 1125 1279 Deus

210 1302 313 1367 omniu
337 1321 393 1387 per
414 1299 548 1367 Verbum
573 1320 674 1379 snum,
708 1302 793 1389 qnod
830 1318 874 1368 est
908 1303 987 1367 ratio
1020 1322 1127 1367 rerum

208 1389 356 1456 iustarum
379 1389 419 1454 uh
441 1390 515 1475 ipso.
543 1389 618 1455 Hine
654 1404 700 1455 est
732 1390 816 1477 qnod
854 1391 973 1457 dicitnr.
1012 1392 1128 1456 Omnia

204 1483 379 1563 peremunt
401 1478 587 1561 factasunt,
608 1480 730 1558 loson,
768 1481 798 1559 1,
821 1479 852 1558 5;
890 1480 939 1544 eui
973 1493 1125 1545 consonet

208 1568 291 1655 quod
314 1566 443 1653 Moyses,
466 1566 574 1631 muudi
597 1568 749 1652 originem
780 1568 970 1641 describens,
992 1568 1022 1633 io
1056 1569 1122 1633 sin·

208 1657 286 1741 gulis
309 1657 450 1743 operibus
462 1657 512 1721 tuli
537 1656 631 1721 utitur
642 1657 737 1723 modo
747 1657 905 1744 loquendi:
922 1657 1009 1721 Dixit
1025 1657 1121 1729 Deus,

207 1746 279 1810 Fiot
303 1747 366 1824 lunt,
387 1756 417 1809 ει
436 1742 520 1828 sueta
543 1755 589 1809 est
606 1747 714 1821 iuss...
752 1747 838 1812 nisu
873 1765 991 1831 usuque
1026 1746 1121 1819 Dens,

100 1866 105 1875 ·
207 1835 282 1899 Fiat
301 1832 545 1919 firmamentum,
565 1832 658 1913 Gerr„
683 1834 713 1913 1,
734 1835 765 1912 ὅ,
789 1848 819 1900 ει
842 1834 873 1913 6;
897 1833 1122 1900 etsiodeeiiis.

208 1922 296 2007 Qnue
319 1924 421 1989 omniu
446 1922 604 1988 Psuluristu
628 1922 872 2011 comprehendit,
899 1922 1014 1988 dicens:
1048 1923 1123 2007 Ipse

207 2015 297 2087 droit,
314 2025 344 2076 et
364 2013 449 2095 sueto
470 2024 550 2091 sunt,
574 2012 698 2092 Psuim„
721 2014 795 2091 118,
833 2014 863 2078 b.
881 2011 1008 2078 bibere
1036 2013 1123 2078 enim

207 2116 253 2167 est
275 2101 403 2167 verbnm
427 2102 607 2188 producere.
631 2101 682 2167 Siu
704 2121 779 2186 ergo
818 2100 1053 2184 intelligendum
1076 2115 1125 2166 est

206 2191 289 2278 quod
310 2191 396 2257 Deus
417 2189 505 2269 uiuit,
529 2202 560 2255 ει
578 2191 663 2274 factu
684 2203 765 2271 sunt,
787 2191 857 2276 quio
891 2188 1026 2257 Verbum
1050 2210 1123 2276 pro·

205 2282 301 2358 duxit,
322 2301 379 2368 pur
400 2279 482 2365 quud
507 2299 556 2345 res
582 2281 613 2344 iu
638 2301 706 2346 esse
729 2279 872 2365 produxit
900 2278 978 2344 sicut
1000 2299 1055 2364 per
1070 2298 1124 2344 eu-

204 2389 274 2435 rum
298 2369 449 2434 rationem
472 2367 650 2455 perfeetum.
674 2368 736 2436 Sed
759 2370 829 2455 quie
853 2367 935 2432 idem
948 2381 1004 2431 test
1026 2385 1120 2434 eunsu

203 2459 442 2524 conservationis
465 2477 569 2522 rerum
594 2471 624 2522 et
647 2457 855 2545 productionis
869 2457 1017 2543 mmmm,
1039 2456 1119 2523 siout

204 2550 306 2612 omniu
328 2567 384 2633 per
405 2545 539 2612 Verbum
564 2546 641 2613 iuetu
664 2559 746 2624 sunt,
768 2548 808 2610 itu
824 2566 879 2632 per
899 2544 957 2608 Dei
978 2544 1117 2612 Verbum

203 2648 424 2701 conservantur
445 2635 476 2700 in
500 2655 577 2712 esse3
602 2633 684 2700 unde
715 2634 873 2700 psalmista
907 2632 989 2697 diriu
1020 2632 1118 2698 Verbo

204 2723 331 2788 Domini
353 2725 432 2788 coeii
453 2724 575 2806 strntau‘
595 2736 676 2801 stunt,
700 2723 825 2802 Psulm„
847 2724 901 2800 51,
922 2721 954 2797 6;
984 2734 1014 2785 ει
1037 2723 1118 2808 Apo-

204 2812 300 2878 stolus
322 2812 394 2876 dicit
416 2813 454 2876 de
477 2813 554 2878 Filio
577 2811 660 2897 quud
681 2823 787 2894 portat
812 2814 917 2876 onmia
937 2809 1031 2874 uerbo
1050 2813 1118 2875 oir-

205 2903 279 2966 tutis
301 2921 385 2974 strue,
409 2901 511 2979 Hebe,
536 2903 565 2980 1,
588 2901 619 2976 5;
643 2901 725 2987 qnod
749 2901 873 2987 quidem
911 2899 1042 2986 qualiter
1063 2920 1117 2965 uu·

202 2990 261 3078 oipi
284 3003 420 3075 oporteat
440 2991 505 3075 jum
528 2990 642 3055 dietum
666 3002 721 3055 εει.

267 3077 433 3143 Sciendum
461 3092 561 3144 tomen
578 3077 661 3165 quud
684 3077 820 3145 Verbum
845 3077 900 3141 Dei
923 3076 955 3141 in
985 3075 1116 3142 burdii·

200 3167 295 3233 serto
321 3168 439 3232 ratione
461 3187 541 3253 quae
579 3181 625 3231 εει
662 3168 700 3253 in'
726 3180 830 3232 mente
868 3165 1003 3242 artificis,
1040 3165 1114 3252 quio

197 3255 333 3322 Verbum
357 3257 413 3320 Dei
436 3256 520 3322 Deus
543 3255 710 3324 subsistens
733 3269 789 3334 εει,
825 3255 903 3320 rutio
936 3267 1038 3318 eutem
1063 3273 1114 3318 ur·

197 3344 311 3410 tilioiuti
336 3345 365 3408 in
391 3358 494 3410 mente
517 3343 643 3409 urtiiiois
663 3363 727 3408 uon
765 3358 812 3409 est
849 3362 898 3410 res
930 3342 1113 3420 subsistens,

197 3433 251 3498 sed
275 3433 375 3498 solum
399 3432 595 3517 intelligibilis
618 3431 728 3497 formu.
752 3432 882 3506 Formue
920 3445 1112 3498 autemnon

198 3522 372 3590 subsistenti
397 3543 458 3588 ooo
492 3521 638 3607 competit
675 3522 798 3608 proprie
835 3534 867 3586 ut
900 3534 982 3604 aget,
1016 3538 1113 3606 ogere
