2484 3975
209 210 274 278 ttltt
584 226 757 275 oruscetur

270 296 333 363 Sed
346 295 699 364 manifestedeleeerunt
720 297 750 362 in
773 292 1000 362 considerando
1012 306 1139 360 eontra·

208 388 327 453 riorum
341 401 493 453 naturam.
506 385 573 450 Non
586 388 669 451 enim
692 386 844 451 contraria
867 384 995 450 omnino
1011 385 1137 449 diversa

205 490 288 556 sunt,
298 475 353 540 sed
365 473 537 541 seeundum
549 473 665 559 aliquid
678 472 802 561 quidem
815 474 1013 550 conueniunt,
1024 493 1139 538 seeun-

208 566 283 630 dum
296 564 412 650 aliquid
425 576 529 628 autem
539 562 696 641 differunt3
707 563 892 628 conveniunt
904 563 987 626 enim
997 563 1028 626 in
1037 581 1139 644 gene-

207 653 408 731 re,dillerunt
429 666 532 719 autem
556 650 727 716 seeundum
754 649 940 718 differentias
962 652 1139 736 specificas.

206 740 291 810 Siout
302 741 395 827 igitur
403 742 629 808 contrariorum
652 754 723 806 sont
748 740 919 808 contrariae
934 759 1047 804 causae
1064 761 1139 825 pro·

209 833 305 916 priua,
326 829 498 896 securtdum
515 830 598 916 quod
613 827 765 915 specificis
779 827 958 898 differentiis
974 827 1137 897 differunt.

1221 1 1228 442 l

207 923 248 984 ita
271 937 381 986 eorum
404 932 524 1018 oportet
546 938 613 982 osse
638 937 730 984 uuam
768 937 892 984 eausam
931 935 1137 982 communem
1228 985 1229 988 ,

208 1009 300 1074 totius
333 1009 479 1093 generis,
510 1027 543 1070 m
578 1025 642 1091 quo
662 1007 859 1072 conueniunt.
897 1004 995 1072 Causa
1029 1019 1138 1070 autem

207 1097 383 1163 eommunis
406 1097 490 1183 prior
511 1109 543 1160 et
566 1095 708 1181 superior
724 1108 770 1160 est
785 1095 916 1181 propriis
939 1096 1040 1160 causis
1065 1114 1137 1180 par·
1227 1145 1228 1148 η

207 1183 396 1261 ocularibus,
417 1198 535 1270 quanto
557 1185 641 1248 anim
664 1199 710 1248 est
733 1183 835 1268 aliqua
858 1204 949 1249 eausa
972 1187 1133 1270 superior,

209 1289 294 1339 tanto
317 1274 412 1338 uirtus
437 1276 504 1358 ejus
520 1271 619 1356 major
634 1287 681 1338 est
696 1286 727 1338 et
742 1276 781 1337 td
797 1272 884 1358 plura
901 1293 936 1337 se
949 1271 1136 1338 extendens.

210 1362 403 1449 Relinquitur
426 1362 517 1446 igitur
539 1361 693 1427 eontrmia
717 1381 780 1426 nou
813 1381 881 1426 esse
906 1362 1004 1448 prima
1027 1381 1136 1428 rerum
1227 1353 1228 1373 ¹

169 1482 173 1488 ·
208 1451 305 1516 uetita
329 1451 588 1552 prinoipia,.sed
611 1451 754 1516 anartium
786 1469 971 1516 trasennam
995 1451 1135 1537 primam

207 1559 333 1611 eausam
355 1553 496 1624 tenram.

518 1714 689 1782 catut
722 1714 813 1790 llllll.

366 1893 456 1974 Quod
476 1913 581 1959 ornator
600 1891 792 1960 substantioe
812 1903 977 1978 separetur

472 1983 534 2049 rint
556 2005 576 2048 o
600 1982 665 2050 Deo
683 1983 865 2069 productae.

271 2159 351 2243 Quia
366 2159 459 2244 igitur
469 2174 625 2226 ostensum
642 2175 687 2227 ert
702 2161 775 2247 quid
793 2161 833 2227 de
847 2158 1022 2227 substantiis
1037 2127 1141 2249 spiri-¹

208 2249 341 2317 tualibus
352 2250 507 2337 praecipui
521 2249 806 2337 pbilosoplri,Plato
821 2264 851 2314 et
863 2250 1049 2329 Aristoteles,
1061 2272 1138 2317 sen·
1231 2258 1232 2263 ’

206 2352 324 2416 serunt,
335 2353 484 2425 quantum
496 2339 534 2403 ad
547 2359 655 2404 earum
669 2338 834 2425 originem,
849 2337 1058 2404 conditionem
1079 2362 1136 2406 na·

209 2441 308 2506 turae,
321 2427 523 2493 distinotionis
534 2442 565 2491 et
576 2427 807 2511 gubernationis
819 2428 972 2505 ordinem,
982 2442 1013 2491 et
1025 2429 1056 2493 in
1068 2450 1135 2515 quo

210 2515 249 2579 ab
262 2522 307 2581 eis
322 2516 373 2581 alii
388 2530 525 2582 errantes
539 2516 759 2597 dissenserunt,
771 2529 863 2582 restat
878 2514 1041 2581 ostendere
1056 2520 1135 2604 quid

209 2604 249 2669 de
270 2604 398 2691 singulis
421 2604 533 2671 habeat
554 2604 737 2673 christianae
758 2605 915 2689 religionis
937 2606 1075 2670 assertio.

275 2695 320 2759 tu
343 2695 426 2780 quod
449 2693 700 2773 ostendendum,
723 2706 847 2759 utemur
868 2691 1033 2780 praecipue
1056 2694 1134 2759 Dio·

201 2781 288 2867 -nysii
313 2782 526 2862 documentis,
557 2784 609 2868 qui
633 2802 726 2869 super
748 2783 823 2847 alios
846 2802 882 2846 ea
904 2800 984 2867 quae
1006 2782 1046 2847 ad
1069 2783 1136 2870 spi·

210 2871 336 2938 rituales
358 2871 543 2937 substantias
564 2870 719 2959 pertinent
741 2870 939 2936 excellentius
963 2872 1098 2937 tradidit.

273 2959 411 3025 Primum
434 2961 561 3045 quidum
588 2960 692 3045 igitur,
724 2962 805 3025 eirea
827 2958 1031 3045 spiritualium
1055 2961 1134 3026 sub·

203 3044 386 3115 utantia'rum
424 3050 598 3132 originem,
631 3047 807 3115 firmissime
841 3051 931 3112 doeet
963 3048 1131 3116 ultristiatm

205 3137 326 3205 traditio
349 3156 458 3201 omnes
478 3136 653 3223 spirituales
678 3133 880 3215 substautias,
905 3134 983 3201 siout
1005 3152 1036 3203 et
1058 3159 1131 3205 eae·

204 3240 286 3291 teras
308 3242 479 3301 creaturas,
500 3246 517 3289 a
541 3225 613 3292 Deo,
632 3244 699 3291 erte
721 3225 897 3313 produetat.
921 3224 956 3289 lit
978 3227 1038 3291 ltoe
1060 3228 1129 3313 qui·
1231 3278 1232 3281 η

203 3314 276 3381 dem
288 3315 455 3379 eanonioae
467 3312 643 3404 Scripturae
655 3315 834 3381 austeritate
846 3312 1001 3400 probatur.
1010 3314 1133 3387 Dioitttr

202 3402 454 3469 enimzdoudute
469 3422 549 3481 euru,
564 3422 670 3469 omtter
684 3402 794 3488 Augeli
808 3404 885 3486 ejuer
900 3402 1028 3469 laudula
1049 3424 1132 3486 uun,

204 3508 309 3555 omues
330 3493 458 3555 virtuter
479 3491 544 3573 tg'ua
567 3490 727 3576 (Prulm,
744 3490 888 3574 tt8,a);
910 3499 951 3571 el,
963 3508 1131 3560 ,enumera-
