2484 3975
240 203 303 268 {56
533 221 587 266 ito.
612 220 650 266 nt.
675 223 728 268 cia
752 222 851 270 xxxiv.

219 293 329 376 ‘igitur
352 289 489 356 Christus
513 288 670 354 fabricavit
692 292 823 356 domum
846 291 912 365 ben
939 292 1023 379 qnod
1037 312 1159 360 ¹conse·

237 391 366 465 quenter
390 377 549 464 Apostolus
573 379 691 464 probat,
714 380 859 446 subdens:
887 381 996 445 Omnis
1023 402 1159 466 namque

236 469 346 532 domas
366 466 539 552 fabricatur
560 467 600 532 ab
613 469 728 552 aliqum
742 471 796 554 qui
806 482 909 535 atttcm
920 471 1024 534 omitia
1039 474 1161 537 creauit

238 557 320 622 Deus
344 571 398 635 est,
422 556 508 630 ibid„
533 556 562 619 b.
587 555 638 620 stc
661 559 754 643 igitur
769 559 1055 645 Apostolns'probat
1071 561 1159 646 quod

238 648 331 716 bomo
355 644 492 712 Christus
517 642 674 710 fabricavit
696 647 827 711 doenum
841 648 909 724 Dei,
933 669 987 733 per
999 649 1059 713 boc
1072 651 1159 735 quod

69 789 74 808 ,
184 807 185 812 1
237 733 321 801 Deus
344 733 458 800 creant
480 733 595 809 omnim
617 754 698 820 quae
721 737 860 821 probatio
882 737 970 801 nulia
990 750 1082 816 esset,
1096 738 1158 803 nisi

238 824 376 890 Christus
400 836 480 887 esset
518 822 601 888 Deus
624 844 734 890 ereans
757 826 872 889 omnia.
896 825 947 890 Sic
967 825 1062 911 igitur
1101 827 1160 892 bo·

239 913 315 978 mini
339 912 380 976 illi
408 912 583 975 attribuitur
604 916 717 977 creatio
753 914 979 991 universorum,
1001 913 1087 1001 quod
1109 930 1159 980 est

239 1001 396 1087 proprium
421 1021 498 1084 opus
522 999 587 1065 Dei.
612 1001 662 1065 Est
684 1002 776 1085 igitur
798 1001 893 1067 homo
931 1001 1068 1067 Christus
1092 1005 1160 1090 ipsc

237 1089 322 1156 Deus
344 1088 514 1154 seeundum
539 1089 727 1175 hypostasim
751 1103 866 1155 etnon
889 1091 1008 1156 ratione
1034 1092 1159 1157 inhabi-

241 1180 363 1245 tationis
387 1181 515 1242 tnntnm.
719 1198 724 1203 ·

304 1267 452 1351 Amplius,
475 1265 668 1332 Manifestum
690 1266 846 1352 estquod
870 1269 964 1333 borno
1005 1266 1157 1346 Christus,

238 1357 367 1442 loquens
390 1355 429 1419 de
445 1375 488 1430 sc,
512 1355 606 1420 muita
631 1356 733 1421 divina
757 1356 829 1422 dicit
852 1371 882 1421 et
898 1359 1161 1442 supernaturalia,

240 1460 271 1510 ut
295 1459 339 1508 est
363 1443 447 1509 ntud:
473 1443 534 1529 Epo
557 1444 747 1510 resuscitabo
770 1466 840 1510 eam
861 1447 894 1509 in
917 1446 1164 1526 siccissimum,

236 1535 357 1611 ioann,
380 1533 411 1611 6,
434 1531 487 1610 lt03
520 1547 560 1598 et:
600 1533 662 1617 Epo
698 1534 798 1599 vitam
831 1545 991 1599 aeternam
1024 1535 1065 1598 do
1105 1540 1163 1615 eis,

236 1624 357 1696 ioann,
382 1625 434 1699 to,
458 1623 510 1688 28.
534 1622 624 1703 Quod
637 1621 763 1708 quidem
786 1636 867 1688 esset
888 1641 1029 1688 summae
1051 1645 1163 1710 snper-

238 1714 317 1786 biae‚
355 1713 379 1778 si
414 1713 463 1777 illc
498 1713 592 1778 homo
627 1711 757 1796 loquens
781 1730 845 1776 non
867 1724 948 1776 esset
984 1715 1160 1779 menradum

237 1800 425 1887 hypostasim
448 1804 514 1889 ipse
538 1801 631 1874 Deus,
665 1799 721 1864 sed
754 1800 858 1864 scium
892 1800 1020 1865 baberet
1055 1801 1161 1867 Deum

236 1891 468 1956 inhabitantem.
493 1889 556 1954 Hoc
579 1902 682 1953 autem
707 1888 825 1953 bomini
849 1887 969 1954 Christo
984 1909 1047 1953 non
1072 1910 1162 1955 com·

237 1980 321 2067 petit,
343 1981 393 2065 qui
419 1980 458 2045 de
478 2000 513 2043 se
538 1977 619 2043 dicit:
645 1977 760 2042 Discite
782 1999 803 2043 a
825 1999 883 2055 me,
905 1977 979 2062 quia
994 1977 1164 2044 initissum

236 2082 267 2133 et
289 2069 412 2133 humitis
435 2069 536 2144 corde,
559 2065 675 2142 Mattb„
700 2068 751 2144 ii,
773 2067 825 2131 29.
862 2068 911 2131 Est
933 2067 1025 2152 igitur
1048 2068 1163 2133 eadem

237 2178 367 2246 persona
392 2157 525 2221 bominis
550 2155 629 2219 iilius
661 2169 691 2219 et
716 2156 782 2220 Dei.

303 2246 474 2323 Praeterea,
503 2244 588 2308 Sicut
613 2244 723 2326 iegitur
746 2245 778 2308 in
801 2243 963 2330 seripturis
997 2244 1082 2329 quod
1106 2246 1165 2311 bo

237 2357 288 2401 mo
312 2336 362 2400 itte
385 2348 430 2399 est
460 2334 607 2398 exaltatus
642 2331 780 2409 (dicitur
811 2335 905 2397 enim:
940 2333 1077 2396 Dextera
1102 2334 1164 2398 Dei

235 2426 390 2490 capitatus
413 2432 480 2501 etc,
504 2421 567 2485 Act.
592 2422 706 2506 sipost,
729 2422 761 2496 2,
785 2422 854 2504 55),
878 2423 917 2485 ita
941 2420 1052 2505 legitur
1075 2425 1163 2506 quod

234 2513 319 2579 Deus
330 2514 368 2577 sit
390 2511 570 2575 exinanitus:
596 2508 800 2593 Semetipsum
822 2511 1069 2586 exinanitatem..
1085 2511 1163 2576 Phi-

236 2603 320 2689 iipp„
344 2603 374 2676 ἓ,
388 2602 418 2665 7.
445 2600 528 2664 Siout
552 2598 643 2682 igitur
665 2600 809 2663 sublimia
826 2612 955 2686 possunt
969 2597 1080 2663 dicide
1104 2600 1162 2664 bo·

236 2694 319 2757 mine
342 2690 393 2755 ilio
417 2690 534 2756 ratione
558 2686 690 2764 unionis,
714 2699 746 2751 ut
784 2688 868 2771 quod
891 2691 929 2752 sit
951 2687 1047 2764 Deus,
1069 2690 1161 2773 qnod

235 2779 393 2845 resuscitet
428 2791 577 2852 mortuos,
610 2788 640 2839 et
673 2774 730 2838 alia
754 2775 942 2860 hujusmodi,
966 2776 1005 2841 ita
1027 2776 1068 2842 de
1091 2777 1163 2843 Deo
1216 2807 1217 2810 ¹

197 2888 199 2893 ’
235 2880 364 2955 possunt
386 2866 444 2931 diei
469 2865 606 2940 humilia,
630 2876 661 2948 ut
684 2863 767 2948 quod
790 2866 839 2929 sit·
853 2882 942 2931 natus
964 2864 1004 2929 de
1027 2865 1159 2951 Virgine
1216 2861 1218 2890 '

235 2976 353 3043 passus,
377 2968 516 3019 mortuus
539 2969 569 3017 ct
592 2950 738 3036 sepultus.

301 3044 418 3120 Adbuc,
441 3042 576 3106 Relativa
616 3052 678 3103 tam
712 3040 806 3107 verba
841 3062 936 3127 qnam
972 3044 1163 3127 pronomina
1216 3045 1218 3054 ’

234 3134 317 3198 idem
366 3133 557 3217 suppositum
592 3128 738 3195 referunt:
762 3131 834 3197 dicit
866 3132 951 3195 enirn
988 3131 1166 3216 Apostolus,

234 3224 364 3307 loquens
399 3220 437 3285 dc
461 3220 537 3284 Ftiio
561 3219 627 3283 Dei:
659 3218 695 3281 In
718 3220 784 3302 ipso
819 3220 945 3284 cotidita
981 3230 1053 3283 suat
1087 3222 1161 3285 uni·

234 3330 326 3374 uerso
346 3311 378 3373 in
402 3309 506 3385 coelis,
531 3318 560 3371 et
582 3309 615 3370 in
641 3318 725 3371 terra
746 3308 883 3373 visibilia
909 3320 939 3372 et
973 3306 1159 3385 inuisibilia,

111 3458 118 3467 t
177 3407 179 3413 ’
235 3397 363 3474 Coloss,
388 3397 417 3473 i,
442 3397 471 3472 6;
496 3409 526 3460 et
548 3410 653 3482 postea
676 3396 788 3462 subdit:
823 3396 862 3460 Et
894 3398 961 3480 ipse
996 3407 1042 3459 est
1064 3412 1163 3480 eaput

203 3532 205 3535 -
227 3489 374 3588 *corporis
396 3484 560 3563 Ecclesiae,
582 3486 635 3569 qai
657 3494 701 3551 est
720 3486 919 3570 principiam,
931 3485 1163 3572 primopenitus
