2484 3975
394 235 450 280 ur.
473 237 512 283 tr.
537 236 600 284 cre.
624 237 723 285 xxxta.
955 214 1019 283 tob

100 325 258 392 nunquam
298 303 368 369 aule
392 308 634 372 incarnationem
658 304 783 371 Domini
825 303 927 370 Deum
967 321 1020 371 aut

96 396 154 461 net
171 394 306 462 Verbum
339 396 478 458 nominat
501 395 667 469 Christum,
689 409 754 459 tutu
778 396 869 460 ctiam
892 416 932 462 ex
953 397 1018 482 ipso

96 484 230 550 nominis
252 482 381 548 ratione.
404 483 522 548 Dicitur
552 485 635 549 enirn
649 483 785 549 Christus
800 484 887 568 quasi
900 499 1019 551 unctus:

97 586 208 638 unctus
248 560 351 636 autem
381 571 560 658 intelligitur
594 573 664 637 oleo
698 570 902 651 exultationis,
934 573 1015 638 idest

97 661 212 748 Spiritu
235 661 358 737 Sancto,
381 677 412 725 ut
436 660 554 738 Petrus,
577 661 711 747 exponit,
734 665 798 726 Act.
822 662 936 745 Apost.‚
961 662 1014 735 tu,

98 751 152 816 58.
175 750 242 815 Non
268 761 370 812 autem
395 764 493 834 potest
516 751 575 815 dici
609 751 693 836 quod
728 748 863 814 Verbum
886 750 944 816 Dei
981 751 1021 816 sit

99 852 228 904 unctum
244 836 358 922 Spiritu
371 837 493 918 Sancto,
506 841 575 925 quia
589 840 632 905 sie
651 836 781 925 Spiritus
797 838 926 903 Sanctus
938 851 1022 904 esset

98 927 202 1012 major
224 926 313 1008 Filio,
335 938 368 990 ut
390 928 581 992 sanctificans
605 927 803 993 sanctificato.
826 907 1022 1014 (lportehiti-

98 1014 272 1101 giturquod
286 1016 343 1079 hoe
357 1036 469 1080 nomen
491 1017 632 1082 Christus
646 1018 746 1082 solunt
764 1036 819 1100 pro
832 1017 959 1081 homine
970 1017 1023 1082 illo

98 1104 195 1190 possit
218 1103 355 1186 intelligi.
394 1104 484 1184 Quod
524 1127 599 1190 crgo
638 1106 709 1170 dicit
748 1105 924 1191 Apostolus:
958 1105 1025 1170 Hae

98 1193 208 1258 sentite
229 1193 261 1256 in
283 1192 367 1258 uobis
390 1195 471 1277 quael
493 1207 523 1259 et
544 1197 576 1259 in
603 1195 723 1258 Christo
745 1196 831 1272 tosa,
859 1194 898 1259 ad
921 1195 1022 1260 homi·

102 1300 175 1346 nem
199 1280 284 1346 illum
308 1281 504 1348 referendum
529 1298 586 1348 est.
603 1283 716 1349 Subdit
733 1298 847 1348 autem:
865 1284 935 1363 Qut,
952 1305 1021 1349 curn

96 1370 131 1436 t‘rt
152 1371 255 1454 sorana
277 1371 335 1434 Dei
357 1383 444 1447 esset,
480 1393 540 1436 aon
578 1373 725 1455 rapinam
764 1374 936 1438 arbitratus
973 1386 1023 1439 cst

98 1480 163 1537 esse
185 1480 217 1523 se
240 1461 400 1542 aequalem
424 1461 499 1537 Dea,
522 1460 667 1546 Philipp,
690 1462 722 1538 a,
757 1461 823 1527 tto.
859 1461 973 1529 Verum
998 1464 1021 1527 i-

96 1550 178 1633 gitur
200 1561 246 1612 est
268 1548 370 1612 dicere
393 1550 476 1634 quod
494 1551 589 1614 homo
611 1550 664 1614 ille
687 1565 732 1615 est
757 1552 787 1616 in
806 1550 916 1627 forma,
940 1553 1022 1618 idest

96 1639 259 1702 innatare
297 1637 365 1713 Dei,
399 1652 429 1702 ct
452 1637 587 1725 aequalis
610 1638 687 1703 Deo.
711 1640 793 1706 Licet
818 1652 922 1705 autem
959 1642 1015 1706 ho·

96 1725 195 1790 mines
218 1726 357 1790 dicantur
379 1726 419 1790 dii
445 1729 492 1792 vel
515 1727 569 1791 lilii
593 1727 652 1791 Dei
691 1744 816 1816 propter
839 1729 1018 1796 inhabitan-

97 1827 159 1878 tem
182 1814 295 1894 Deum,
322 1836 480 1900 nonquam
505 1831 607 1882 tamen
631 1816 743 1882 dicitur
776 1817 860 1904 quod
882 1819 943 1882 sint
967 1840 1019 1884 ee·

98 1903 203 1989 quales
227 1904 304 1969 Deo.
329 1904 414 1968 Patet
446 1906 537 1991 igitur
568 1905 652 1991 quod
678 1906 772 1971 homo
796 1907 935 1973 Christus
957 1928 1020 1974 nou

97 2013 154 2079 per
176 1993 273 2057 solam
297 1995 550 2060 inhabitationem
574 1995 687 2060 dicitur
710 1996 803 2061 Deus.

165 2082 250 2161 ltenr,
274 2082 357 2149 Licet
393 2104 505 2149 nomen
544 2083 601 2147 Dei
637 2083 676 2149 nd
715 2100 836 2151 sanctos
877 2086 1023 2151 homines

99 2170 301 2237 transferatur
337 2187 460 2259 propter
497 2172 752 2238 inhabitationem
793 2177 919 2259 gratiae,
942 2195 1020 2240 nun·

97 2278 191 2343 quarn
215 2272 317 2325 tamen
348 2262 451 2326 omnia
486 2281 565 2348 quae
599 2276 673 2327 sunt
708 2263 802 2327 solius
841 2263 908 2341 Dei,
941 2267 1020 2329 sieut

100 2369 207 2413 creare
230 2350 350 2415 eaelum
375 2366 405 2414 et
428 2365 552 2422 terram,
576 2366 628 2415 aut
651 2351 766 2437 aliquid
780 2351 1023 2437 lrujasmodi‚tle

100 2438 207 2523 aliquo
230 2439 412 2503 Sanctorum
451 2454 575 2525 propter
614 2440 867 2505 inhabitationem
903 2442 1024 2526 gratiae

100 2527 221 2592 dicitur.
256 2526 376 2592 Christo
400 2543 502 2591 autem
527 2528 644 2593 homini
670 2530 845 2594 attribuitur
879 2531 1019 2596 omnium

102 2618 228 2680 creatio.
252 2617 372 2680 Dicitur
405 2617 498 2680 enim:
537 2617 736 2682 Considerate
773 2618 958 2700 Apostolum
995 2634 1025 2687 ct

100 2705 279 2790 Pontificem
301 2706 498 2788 confessionis
521 2716 644 2770 nostrae
665 2707 770 2772 lesura
793 2708 947 2773 Christum
972 2716 1023 2795 (pti

101 2794 208 2878 fidelis
230 2805 276 2858 erl
299 2795 327 2858 ci
349 2796 401 2877 qui
428 2795 501 2878 fecit
523 2796 623 2872 illurn,
656 2796 734 2860 sicut
772 2808 802 2862 et
834 2798 955 2885 Moyses
991 2806 1025 2867 in

102 2886 186 2947 omui
210 2884 312 2960 domo,
335 2883 438 2962 llebr„
454 2885 486 2959 3,
511 2884 578 2960 t-u;
601 2886 684 2970 quod
720 2900 839 2971 oportet
862 2888 901 2953 de
925 2891 1025 2956 homi·

101 2992 142 3037 ne
165 2971 216 3037 illo
240 2984 270 3037 et
291 2992 353 3037 non
378 2974 416 3038 tle
439 2974 495 3038 Dei
519 2973 619 3039 Verbo
642 2974 783 3060 intelligi,
804 2989 869 3042 tam
893 2980 966 3064 quio
990 3002 1024 3045 o·

100 3076 240 3126 steusum
271 3077 317 3127 cst
346 3062 440 3146 quod,
473 3064 644 3128 seeundum
679 3066 861 3150 positionem
884 3067 1025 3145 Nestorii,

101 3149 237 3215 Verbum
261 3151 317 3215 Dei
345 3150 482 3216 Christus
518 3153 577 3217 diei
611 3172 673 3216 non
709 3168 817 3239 potest,
851 3171 916 3220 turn
952 3159 1024 3241 quia

102 3238 238 3304 Verbum
261 3240 318 3305 Dei
343 3261 404 3304 non
429 3255 475 3303 est
512 3240 626 3305 lartum
661 3244 715 3306 sed
749 3243 898 3325 genitum.
932 3244 1023 3311 Adtlit

101 3344 205 3393 autern
229 3328 399 3415 Apostolus:
422 3329 592 3412 Ampliaris
614 3330 733 3413 pluriae
747 3333 804 3394 iste
817 3351 897 3414 prae
919 3333 1025 3421 Alopes

99 3418 213 3501 dipaus
235 3430 279 3483 cst
302 3417 424 3482 habitus
446 3428 559 3501 quanto
582 3421 767 3501 ampliorem
795 3420 941 3486 bonorem
968 3426 1024 3489 ha-

102 3505 153 3572 bet
174 3506 292 3586 clamat,
314 3509 366 3592 qui
388 3506 552 3590 fabricarit
573 3509 674 3588 illam,
696 3508 846 3589 Hebr.‚3‚
869 3510 899 3576 ὅ.
922 3511 1024 3579 Homo
1067 3543 1071 3553 f
