2484 3975
199 218 265 285 590
572 242 745 291 crescatur

193 326 253 386 tur,
277 320 307 374 et
329 310 488 395 quomodo
512 332 545 377 sc
567 312 702 377 babeant
724 310 762 375 ad
787 310 972 377 intentiones
993 308 1121 397 logicas,

191 398 307 465 scilicet
329 419 455 483 genera,
476 400 595 487 species
617 415 649 465 ct
671 400 868 465 differentias.

256 487 336 569 Quia
359 509 444 576 vero·
457 510 493 554 ev
516 490 692 575 compositis
706 490 913 573 cognitionem
931 488 1118 573 simplicium

118 605 121 618 ·
190 576 332 663 accipere
361 578 512 643 debemur
536 592 625 644 etex
661 578 881 665 posterioribus
919 577 1065 643 devenire
1088 578 1120 641 in

190 666 308 751 priora,
328 680 361 731 ut
384 688 401 731 a
423 665 611 733 facilioribus
634 667 850 752 incipientibus
886 666 1122 731 convenientior

190 754 244 819 fiat
266 755 437 841 disciplina,
460 756 532 820 ideo
553 778 590 821 ex
613 756 837 842 significatione
860 756 940 821 entis
962 754 1002 820 ad
1024 756 1121 841 signi·

189 841 365 910 ficationem
388 846 540 911 essentiae
562 844 795 932 procedendum
818 858 874 910 est.

193 1014 208 1050 a
227 1013 316 1065 sensa3
335 1000 501 1067 ergoprimc
520 999 584 1053 illud
602 1000 734 1070 cognoscit
751 1000 822 1069 quod
840 1000 865 1052 ei
882 1016 899 1053 a
916 1014 995 1053 sensu
1023 1014 1124 1068 propo·

192 1070 275 1136 nitur,
292 1071 339 1123 sed
356 1072 383 1122 in
401 1087 479 1124 sensu
502 1078 542 1123 est
572 1073 647 1142 prius
674 1072 762 1127 minus
786 1072 945 1133 universale,
976 1070 1047 1139 quod
1081 1076 1123 1123 cst

190 1147 287 1193 natura
297 1143 390 1210 speciei
401 1142 601 1209 specialissimae
612 1160 672 1197 cum
684 1143 740 1197 suis
748 1143 926 1196 arridentibus
941 1141 1121 1195 sensibilibus:

189 1228 261 1280 ergo,
280 1220 330 1265 etc.
348 1243 382 1251 -
399 1212 523 1267 Ulterius:
542 1213 629 1269 Causa
647 1215 774 1268 naturalis
793 1230 846 1267 noa
864 1214 989 1282 impedita
1012 1212 1065 1279 agit
1086 1212 1120 1264 ad

189 1284 312 1335 altimum
330 1299 394 1335 suae
412 1286 556 1353 potentiae,
573 1285 622 1339 boc
641 1293 691 1351 est,
710 1286 833 1355 producit
852 1284 970 1337 eflectum
983 1283 1122 1352 perfectis·
1181 1308 1182 1311 ¹

188 1355 294 1416 simum;
313 1354 359 1405 sed
376 1356 473 1423 species
492 1358 562 1424 pomi
581 1374 607 1410 v.
626 1374 651 1425 g.
662 1364 697 1409 et
707 1372 886 1426 quaecumque
899 1357 1015 1425 potentia
1025 1370 1122 1407 sensus
1197 1378 1200 1386 r

185 1427 229 1478 vel
247 1425 394 1477 intellectus
410 1433 473 1479 suut
491 1444 584 1481 causae
603 1428 747 1494 naturales3
761 1443 824 1496 erga
837 1428 986 1496 producunt
998 1424 1121 1477 ellectum

185 1495 404 1567 perfectissimum
423 1512 501 1561 quern
521 1506 643 1567 possunt.
662 1498 712 1551 Sed
731 1500 789 1551 talis
808 1504 847 1551 est
865 1499 979 1565 cognitio
1007 1504 1123 1549 naturae

185 1569 280 1638 speciei
298 1568 507 1636 specialissimae.
527 1570 595 1640 Ergo
615 1572 730 1639 primurn
749 1573 881 1637 cognitum
900 1575 940 1621 est
953 1574 1048 1621 natura
1059 1584 1122 1637 spo.

186 1639 235 1692 cici
251 1640 458 1709 specialissimae.
474 1636 559 1712 llfajcr
576 1649 659 1712 patet,
677 1642 749 1711 quia,
767 1643 789 1693 si
807 1658 886 1693 causa
904 1640 1032 1692 naturalis
1053 1654 1110 1691 non

186 1713 276 1764 statim
297 1711 455 1780 produceret
471 1712 591 1765 eflectum
610 1712 828 1783 perfectissimum
847 1728 925 1782 quem
944 1715 1040 1780 potest,
1057 1725 1120 1778 pos·

185 1790 227 1837 set
244 1798 300 1835 csse
317 1798 397 1836 causa
413 1783 503 1848 libera,
522 1786 584 1853 quia
602 1800 656 1837 uon
674 1800 777 1853 semper
794 1791 881 1853 ageret
901 1784 1002 1851 quoties
1020 1788 1124 1850 posset;

187 1860 349 1923 nampoteus
368 1855 513 1923 producere
530 1856 650 1909 ellectum
670 1856 892 1925 perfectissimum
914 1870 965 1906 non
992 1852 1122 1922 produce·

187 1932 229 1977 ret
248 1925 389 1995 aliquando
407 1926 490 1991 illum;
508 1928 553 1979 sed
572 1928 620 1979 boc
636 1933 676 1979 est
694 1934 787 1980 eontra
806 1934 928 1979 naturam
948 1938 1041 1977 causae
1072 1939 1121 1975 na·

187 1997 293 2062 turalis3
309 2012 381 2064 ergo,
400 2005 451 2050 etc.
467 1998 552 2050 Minor
568 2000 648 2056 etiam
668 2005 749 2068 patet,
775 2001 836 2069 quia
865 2001 964 2066 specics
985 1995 1121 2065 specialis-

187 2069 252 2120 sima
270 2073 309 2120 est
330 2067 469 2136 perfectior
487 2072 572 2137 specie
590 2071 756 2138 subalterna3
775 2073 811 2122 sic
829 2070 906 2122 homo
924 2075 964 2122 est
977 2066 1121 2136 perfectior

186 2156 266 2208 quam
285 2139 390 2200 animab
408 2155 470 2207 ergo
488 2147 514 2190 et
533 2136 590 2212 ejus
622 2142 736 2209 cognitio
763 2149 802 2194 est
832 2139 940 2192 effeetus
966 2136 1117 2208 perfectior.

185 2210 260 2263 Unde
277 2211 412 2279 proposito
429 2227 455 2263 v.
473 2227 497 2276 g.
517 2222 602 2281 ponto,
621 2213 833 2282 primum'bomo
851 2211 972 2278 intelligit
990 2217 1118 2262 naturam

186 2289 212 2334 ει
231 2283 358 2334 rationem
377 2281 523 2350 specificam
542 2283 623 2352 pomi,
641 2281 780 2348 nonlvero
809 2283 955 2351 genericam
986 2281 1117 2332 rationem

186 2352 288 2476 fruitus
306 2353 348 2488 {e}
365 2354 492 2422 corporis.
509 2373 523 2405 n
543 2354 726 2423 (Philosophia
743 2355 851 2408 sedulae
880 2352 948 2406 Scct.
962 2353 1119 2420 prolegum„

205 2461 211 2477 .
263 2432 290 2476 et
349 2460 356 2476 .

184 2442 203 2494 p
234 2495 304 2548 llaec
322 2505 348 2548 ct
367 2498 418 2550 alia
436 2497 505 2550 Senti
525 2502 681 2564 argumenta
700 2496 757 2548 fuse
777 2497 853 2548 solvit
872 2493 1022 2560 Caletanum
1047 2509 1117 2562 quos

182 2568 391 2621 interminabiles
408 2568 600 2637 disputationes
619 2583 667 2620 nec
687 2569 808 2635 possibile
836 2583 884 2618 nec
914 2567 978 2618 utile
1007 2571 1047 2617 εει
1068 2565 1117 2618 bic

182 2637 285 2690 afferre.
304 2639 377 2690 Adde
395 2640 475 2709 quod,
494 2639 684 2708 praetermissis
702 2638 805 2698 scholae
828 2637 1028 2701 subtilitatibus,
1060 2637 1115 2689 evi-

182 2710 248 2762 dens
266 2717 292 2762 ct
311 2711 463 2762 inconcussa
482 2717 600 2762 remanet
618 2709 644 2762 S
658 2709 774 2762 Thomae
792 2710 931 2773 sententia,
950 2708 971 2758 si
985 2707 1033 2758 hoc
1052 2713 1112 2759 tau-

180 2786 239 2834 tum
256 2781 422 2834 attendatur:
437 2781 467 2834 ln
485 2781 603 2851 qualibet
620 2781 768 2848 cognitione
787 2774 905 2842 conluso,
923 2779 978 2831 sive
1002 2778 1033 2830 de
1050 2778 1113 2830 sub·

179 2852 277 2907 stantia
296 2854 352 2904 sive
370 2853 402 2904 de
421 2854 552 2905 accidente
570 2858 674 2920 agatur,
693 2851 764 2921 quod
783 2851 951 2918 cognoscitur
968 2863 1007 2900 est
1026 2863 1112 2901 neces·

179 2926 249 2978 sario
267 2924 429 2989 distinctum;
448 2926 532 2992 atqui,
551 2923 577 2974 in
598 2923 682 2990 prima
713 2922 860 2990 cognitione
883 2919 992 2974 confusa
1018 2920 1111 2972 notitia

179 2996 248 3049 entis
265 2996 292 3047 in
311 3011 406 3063 genere
423 3001 463 3047 est
482 2997 629 3046 necessario
647 2995 779 3059 distincta;
797 3008 860 3061 ergo
878 3008 924 3044 ens
942 2997 983 3044 est
996 2992 1110 3060 primurn

179 3069 323 3136 cognitum.
343 3066 403 3130 Ens,
423 3074 452 3117 ut
471 3067 571 3117 dictum
590 3071 638 3118 εει.
656 3080 747 3117 omnes
765 3064 909 3132 categorias
940 3079 986 3115 seu
1011 3063 1111 3130 praedi·

178 3144 298 3191 ramenta
319 3144 439 3205 penetrat
458 3146 484 3188 et
503 3136 672 3202 transcendit;
693 3135 763 3188 unde
780 3137 902 3203 sequitur
920 3135 1000 3203 quod,
1019 3137 1045 3184 in
1067 3149 1109 3184 cr·

179 3211 240 3262 dine
257 3209 453 3262 distinctionum
472 3225 525 3276 quo
544 3209 577 3260 ad
597 3206 740 3275 perfectam
752 3207 788 3257 rei
802 3207 920 3258 notitiam
935 3202 1111 3273 praedicando

178 3281 359 3349 pervenimus,
378 3279 430 3332 Ens
448 3286 489 3331 cst
507 3280 621 3348 primum
642 3280 668 3330 in
683 3273 759 3352 cnjus
777 3279 870 3332 notitia
894 3275 1039 3329 fundantur
1054 3290 1111 3327 om·

180 3367 231 3405 nes
244 3351 423 3404 distinctiones
440 3350 640 3419 subsequentes.
