2484 3975
440 229 643 277 orssanrnrml
933 208 997 273 575

194 386 222 453 ll.
242 386 391 473 Utrarqttc
414 388 560 453 ueritates
582 388 688 469 reipsa
714 383 899 469 Supremrrm

384 477 506 543 Nunrea
528 476 687 541 revelarit.

164 652 269 717 Divinae
279 653 485 731 revelationis,
498 673 578 740 quae
591 652 750 753 utriusque
767 650 889 735 generis
921 653 998 717 veri·

110 754 171 808 tates
190 742 291 807 divinas
315 741 488 830 patefaciat,
512 741 697 828 possibilitas
736 740 908 817 innotescit,
946 741 998 806 de-

108 830 198 909 centia,
217 832 332 897 utilitas.
356 833 402 895 An
425 852 458 897 se
480 851 609 916 suaque,
634 830 698 895 siva
712 828 871 893 humanae
888 831 999 898 rationi

105 920 316 1006 perviaperea
339 918 522 1007 quaefacta
546 933 628 996 sunt,
652 920 715 983 sive
739 918 865 983 rationis
889 918 999 984 buma-
1037 919 1044 929 '

101 1027 152 1072 nae
171 1010 412 1093 perquisitionem
436 1029 563 1073 omnem
588 1006 783 1083 excedentia,
801 1006 946 1092 detegere
963 1028 999 1072 ac

99 1096 217 1161 revelare
237 1097 363 1163 voluerit
387 1098 576 1184 Supremam
599 1096 734 1171 Numen,
758 1098 898 1181 quaestio
928 1096 998 1165 lacti

96 1198 145 1250 est.
157 1184 276 1270 liujusce
289 1186 494 1253 Revelaticnis
509 1186 689 1263 extantium,
702 1186 916 1271 revelataeqqe
939 1185 999 1249 lle-

93 1273 200 1357 ligionis
221 1277 377 1343 veritatem
401 1275 548 1341 adserunt
583 1274 713 1339 Hebraei
751 1287 782 1337 et
822 1251 997 1351 Christiani,

92 1361 244 1449 Libraeque
267 1364 428 1450 proferunt
464 1384 501 1429 ex
525 1363 639 1441 divina,
663 1376 696 1427 ut
739 1362 834 1447 ajunt,
869 1364 997 1449 inspira·

87 1451 166 1516 tione
186 1453 380 1539 conscriptos,
403 1452 457 1540 qui
481 1453 617 1517 divinam
640 1449 890 1537 complectuntur·
913 1471 1000 1516 reve·

83 1539 232 1605 lationem:
267 1542 386 1607 divinas
424 1562 537 1625 nempe
560 1542 703 1605 veritates
739 1539 800 1605 [ide
838 1540 997 1619 tenendas,

81 1628 192 1694 cultum
216 1631 402 1731 peculiarem
425 1630 637 1695 exhibendum
660 1629 728 1693 Deo
753 1648 919 1712 moresque
944 1630 998 1693 b0-.

78 1717 194 1785 mittum
218 1720 248 1783 in
272 1718 381 1784 ordine
404 1719 536 1792 naturali
570 1732 600 1783 et
624 1719 655 1783 in
694 1717 803 1783 ordinc
845 1717 999 1802 superiori

73 1808 187 1886 gratiae
209 1808 451 1893 componendos.

141 1896 186 1959 An
210 1910 393 1999 argumenta
417 1907 539 1981 praesto
562 1895 676 1961 tuerint
699 1913 778 1980 quae
802 1893 903 1959 Deum
921 1860 998 1963 baec

73 1982 208 2050 voluisse
230 1986 335 2051 omnia
358 1985 496 2053 revelare
510 1984 661 2052 suadeant
685 1982 827 2070 prudenti
855 1984 998 2050 cordato-

66 2093 131 2157 quc
154 2074 286 2160 cuique?
308 2075 444 2140 Plurima
466 2087 538 2140 sunt
570 2094 607 2138 ac
630 2073 883 2152 luculentissima
917 2093 999 2159 quac

63 2162 112 2226 rei
136 2163 278 2229 conditio
294 2165 417 2249 patitur,
440 2163 552 2248 quibus
566 2182 679 2248 nempe
695 2161 901 2249 quaestiones,
917 2183 997 2247 quae

60 2248 135 2314 lacti
161 2251 298 2336 alicujus
320 2253 486 2318 astantiam
522 2264 632 2316 vocant
655 2249 694 2314 ad
717 2270 858 2327 examen,
875 2249 997 2316 felicius
1044 2255 1047 2261 '

55 2358 96 2403 ac
120 2340 258 2406 solidius
280 2341 423 2443 expediri
441 2360 578 2426 unquam
592 2352 729 2422 possunt
754 2338 814 2402 Pro
838 2360 893 2403 sua
919 2339 997 2404 virili

54 2447 129 2492 rem
156 2430 225 2514 agit
248 2431 479 2497 accuratissime
508 2429 539 2494 S.
578 2428 728 2506 Thomas,
767 2429 866 2513 capite
902 2441 998 2506 sexto,

53 2515 113 2580 ubi
139 2537 180 2582 ea
205 2518 369 2583 doctrinae
391 2518 509 2583 semina
533 2517 650 2602 spargit
675 2515 780 2580 omnia
798 2535 877 2599 quac
893 2531 999 2601 postea

51 2604 112 2668 viri
140 2607 232 2672 docti
259 2606 434 2672 evolventes
456 2627 491 2671 ac
504 2605 695 2671 declarantes
711 2618 748 2670 et
764 2603 1000 2706 amplificantes,

51 2693 234 2760 'arissimas
260 2695 450 2763 adornarunt
489 2695 647 2782 apologias
685 2693 893 2760 adversum
886 2695 998 2779 impios

51 2782 193 2848 tivinae
230 2783 438 2849 Revelationis
458 2784 675 2868 revelataeque
698 2781 866 2866 Religionis
884 2783 998 2849 hostes.

114 2872 298 2956 lntegrum
320 2873 415 2938 aliero
439 2886 609 2938 tertumr·
634 2870 743 2936 Divina
767 2870 936 2971 Sapientia,
960 2871 998 2936 ad

81 2961 364 3026 confirmandum
387 2981 423 3026 ea
461 2982 541 3048 quae
577 2958 749 3027 naturalem
788 2959 999 3042 cognitionem

78 3051 280 3128 excedunt,
302 3070 397 3135 opera
422 3048 582 3114 visibiliter
604 3048 755 3123 ostendit,
795 3067 873 3132 quae
909 3049 1004 3114 totius

74 3153 239 3204 naturae
266 3152 414 3222 superant
438 3137 626 3214 facultatem3
649 3136 794 3202 videlicet
809 3139 839 3198 in
868 3137 1000 3202 mirabili
1021 3206 1030 3218 ἢ
1107 3185 1109 3188 -

72 3229 276 3292 curatione
312 3227 521 3311 languorum,
544 3239 739 3292 mortuorum
779 3224 1003 3299 suscitatione,

70 3315 294 3381 caelestium
306 3335 472 3402 corporum
482 3314 633 3380 mirabili
627 3313 852 3390 immutatione,
865 3327 894 3376 ct
907 3313 1001 3414 quod,

65 3417 128 3468 est
160 3405 365 3483 mirabilius,
388 3413 595 3468 humanarum
611 3403 763 3466 mentium
787 3401 1002 3487 inspiratione,

63 3506 109 3558 ut
143 3493 287 3560 idiotae
321 3508 352 3560 et
388 3492 567 3581 simplices,
600 3491 685 3557 dono
726 3489 857 3577 Spiritus
898 3490 999 3558 Sancti
