2484 3975
334 222 371 266 nu
395 221 579 265 sunsrmrus
604 222 759 265 sensimus
950 201 1015 265 dtu

98 286 178 361 lectu;
200 308 263 353 non
287 295 381 369 enim,
404 291 604 375 intelligendo
618 291 772 354 binarium
787 302 838 352 aut
851 290 1014 354 trinarium

96 390 141 441 aut
159 378 270 441 lineam
294 392 324 441 et
346 380 542 465 superficiem
566 392 620 442 aut
644 379 832 462 triangulum
864 392 900 450 ‚et
934 400 1013 463 quo-

92 465 218 544 dratum,
241 469 332 533 simul
357 473 387 534 in
411 484 514 532 nostra
539 468 785 554 apprehensione
802 466 915 551 aliquid
930 468 1013 533 cadit

94 555 168 639 quod
190 558 340 641 pertineat
363 558 401 622 ud
424 557 558 621 calidum
584 555 632 619 vel
654 555 799 639 frigidum
824 570 875 619 aut
892 556 1008 640 aliquid

93 642 258 727 hujusmodi
282 646 365 730 quod
389 647 619 731 sensu-percipi
644 647 748 731 possit.
772 680 815 693 -
847 644 912 707 otia
938 666 1011 709 uero

93 730 287 797 abstractione
325 736 420 799 utitur
456 734 627 798 intellectus
666 748 772 798 noster
809 733 1012 815 intelligendo

91 819 197 905 aliquid
238 824 411 889 universale
449 823 566 907 absque
601 822 848 887 consideratione
883 822 1013 907 alicujus

90 910 282 993 particularis,
305 927 376 997 puta
400 932 471 977 cnm
495 912 694 993 intelligimus
719 911 888 984 bominem,
932 912 1010 976 nibil

91 997 288 1082 intelligentes
311 1002 350 1063 de
375 1002 500 1065 Socrate
524 1001 571 1064 vel
595 1000 725 1063 Platone
748 1014 800 1063 aut
837 999 896 1063 alto
936 1021 1011 1085 quo·

90 1106 227 1171 eumque
249 1104 279 1153 et
303 1089 384 1153 idem
408 1105 535 1176 apparet
558 1092 588 1153 in
612 1088 688 1152 aliis.
714 1087 800 1158 Unde
823 1088 910 1151 Plato
947 1090 1009 1153 duo

89 1194 197 1257 genera
220 1193 323 1242 rerum
348 1200 365 1242 a
388 1179 584 1243 sensibilibus
609 1178 758 1243 abstracta
784 1177 928 1263 ponebat,
952 1180 1011 1243 sci-

89 1263 154 1327 licet
176 1267 392 1332 metbematiea
415 1283 445 1332 et
469 1266 651 1333 universalis
687 1286 766 1351 quae
803 1268 920 1351 species
955 1288 1010 1333 seu

87 1351 166 1417 ideas
189 1356 377 1421 nominabat.
402 1357 484 1422 lnter
506 1376 585 1441 quae
610 1370 712 1419 tamen
737 1356 813 1420 baec
837 1355 1009 1421 differentia

84 1440 240 1507 videbatur
262 1445 344 1529 quod
368 1446 399 1508 in
424 1445 649 1509 mathematicis
678 1444 914 1529 apprehendere
938 1466 1008 1529 pos·

82 1550 188 1594 sumus
211 1532 297 1617 plura
322 1536 413 1597 unius
426 1536 551 1620 speciei,
569 1548 643 1620 puta
660 1532 737 1597 duas
752 1532 849 1597 lineas
866 1534 1010 1621 aequales

83 1619 129 1685 vel
150 1620 227 1683 duos
252 1622 419 1706 triangulos
443 1622 648 1709 aequilaterus
671 1636 700 1685 et
734 1621 889 1707 aequales
924 1628 1008 1706 quod

82 1707 112 1770 in
135 1710 296 1794 speciebus
319 1713 447 1777 omnino
470 1732 613 1777 essenon
638 1724 748 1797 potest,
771 1710 825 1774 sed
844 1711 952 1787 bomo,
977 1716 1008 1775 in

81 1797 243 1862 uniuersali
279 1816 432 1886 acceptus,
466 1801 637 1865 secundum
672 1801 807 1885 speeiem
839 1812 893 1863 est
928 1820 1007 1865 unus

79 1900 206 1949 tautum.
230 1888 281 1955 Sic
303 1889 397 1972 igitur
420 1889 637 1954 mathematica
662 1889 795 1974 ponebat
813 1886 913 1951 media
928 1888 1008 1951 inter

76 1977 193 2059 species
216 1997 270 2042 seu
293 1977 378 2043 ideas
401 1994 430 2043 et
453 1979 619 2055 sensibilia3
660 1998 740 2063 quae
769 1976 894 2062 quidem
935 1997 1005 2040 cum

75 2065 274 2130 sensibilibus
298 2070 485 2132 conveniunt
510 2070 540 2131 in
565 2068 624 2130 boc
647 2065 731 2150 quod
755 2066 845 2150 plura
875 2065 933 2129 sub
957 2087 1005 2129 ea-

73 2151 147 2215 dem
171 2156 275 2239 specie
297 2156 504 2220 continentur:
529 2175 600 2220 cum
640 2155 801 2240 speciebus
837 2169 940 2218 autem
975 2157 1006 2220 in

69 2242 131 2305 boc
156 2243 239 2327 quod
263 2260 334 2308 sunt
357 2266 373 2309 a
398 2246 528 2309 materia
552 2243 689 2308 sensibili
713 2257 862 2329 separata.
881 2244 914 2306 ln
931 2244 1005 2328 ipsis

66 2330 163 2394 ctiam
188 2333 350 2418 speciebus
374 2335 514 2398 ordinem
539 2332 706 2418 quemdam
746 2333 894 2416 ponebat3
933 2335 1004 2417 quia

65 2420 243 2484 secundum
268 2422 351 2507 quod
376 2423 490 2507 aliquid
512 2435 578 2485 erat
601 2420 769 2506 simplicius
790 2421 820 2484 in
848 2420 1004 2486 intellectu

65 2509 244 2573 secuudum
269 2513 328 2574 troc
352 2514 437 2596 prius
459 2525 524 2576 erat
548 2511 578 2575 in
602 2511 712 2574 ordine
735 2529 851 2573 rerum.
893 2509 924 2572 ld
950 2531 1004 2574 au-

65 2609 133 2660 tem
151 2597 237 2684 quod
253 2602 354 2683 primo
369 2614 413 2664 est
428 2600 458 2662 in
472 2599 639 2677 intellectu,
656 2614 700 2663 est
718 2617 815 2662 unum
829 2611 858 2660 ct
875 2598 1002 2662 bonum:

63 2684 148 2749 nibil
172 2688 256 2750 euim
279 2688 419 2772 intelligit
443 2688 496 2773 qui
520 2709 582 2752 non
605 2686 748 2771 iutelligit
773 2708 868 2751 unum
893 2702 924 2750 et
949 2689 1002 2751 bo·

59 2795 156 2850 num;
183 2797 279 2840 unum
304 2790 407 2840 autem
431 2795 462 2840 et
480 2778 598 2842 bonum
613 2791 846 2862 consequuntur
857 2796 900 2840 se.
917 2775 1002 2842 Unde

56 2865 167 2947 ipsam
193 2864 326 2950 primam
352 2866 453 2929 ideam
477 2869 579 2943 maius,
601 2866 684 2951 quod
698 2865 877 2929 nominabat
888 2885 999 2930 secun-

54 2953 141 3016 dum
168 2973 203 3018 se
228 2973 324 3018 uuum
351 2969 383 3018 et
417 2955 588 3019 secuudum
624 2973 657 3018 se
697 2953 827 3032 bonum,
863 2955 999 3039 primum

51 3059 172 3106 rerum
199 3043 383 3128 principium
406 3064 476 3108 esse
497 3044 642 3130 ponchon
664 3057 696 3106 et
720 3045 803 3106 berne
837 3063 997 3107 summurn

48 3129 167 3194 Deum
188 3152 261 3195 esse
286 3134 418 3197 dicebat.
442 3132 508 3197 Sub
531 3135 591 3196 boe
614 3145 719 3196 eutem
760 3152 823 3196 uno
863 3132 1001 3198 diversos

48 3218 193 3284 ordines
217 3223 465 3307 participantium
490 3235 520 3284 et
542 3220 796 3306 participatorum
823 3222 1000 3286 instituebat

44 3310 82 3369 in
109 3310 297 3374 substantiis
309 3332 325 3373 a
340 3314 465 3374 materia
478 3309 637 3394 separatim
653 3329 731 3393 quos
744 3310 869 3395 quidem
883 3329 993 3374 omnes

43 3395 189 3461 ordines
211 3399 364 3462 secundos
388 3400 470 3463 Deos
493 3411 563 3462 esse
585 3400 719 3475 dicebat,
743 3398 829 3483 quasi
848 3397 997 3484 quasdam

42 3486 195 3550 unitates
218 3493 370 3552 secundas
393 3502 462 3575 post
486 3488 616 3572 primam
641 3487 812 3573 simplicem
834 3491 993 3553 unitatem.

94 3572 133 3639 S.
172 3575 228 3639 Tu.
256 3574 403 3643 Sumtnue
427 3577 507 3642 Ptut.
533 3577 566 3643 V.
590 3578 620 3642 5.
912 3578 954 3641 ⁹29
