2484 3975
135 304 193 415 ll.
219 308 275 415 tu.
301 309 429 417 lllll·
455 309 636 417 llllllll
661 311 797 417 llllll
823 314 868 416 ll·
893 312 1022 420 lllllll

386 543 503 589 onutnts
526 543 768 589 Pulsuicntuuutt

195 646 197 652 ’
293 695 856 793 utssunrtrro

433 908 708 966 maes·—

155 1262 181 1331 Ι.
213 1262 331 1329 Veteres
352 1265 530 1349 olleyontur
549 1264 602 1349 qui
631 1275 787 1329 recenset!
829 1264 859 1331 S.
900 1265 1034 1332 Tltomoe

172 1362 287 1438 'opus
312 1355 394 1437 quod
432 1354 558 1419 Summa
594 1368 699 1418 contra
738 1352 873 1419 Gentiles
906 1355 1034 1419 inscribi
1176 1394 1180 1401 -

198 1443 285 1595 solbet,
309 1444 472 1509 hortatore
497 1442 529 1507 S.
542 1442 718 1507 linimuutlo
730 1444 769 1507 dc
781 1442 954 1527 Pennosort
968 1446 1033 1510 clu·

197 1552 234 1597 cu
255 1542 370 1597 roturn.

176 1707 460 1775 praeclarissimum
495 1729 599 1796 opus,
636 1707 719 1797 quod
759 1707 887 1774 Summa
923 1722 1031 1773 contro

113 1796 248 1863 Gentiles
271 1797 364 1881 vulgo
387 1798 510 1864 inscribi
533 1798 621 1875 solet,
663 1796 785 1880 γνήσιον
821 1797 853 1861 S.
890 1797 1031 1863 'lironrae
1155 1802 1166 1819 ⁴

110 1888 262 1972 aquinatis
283 1885 400 1952 loetum
424 1902 593 1972 agnoscunt
609 1906 727 1951 omnes.
766 1886 925 1951 Servatam
957 1889 1030 1952 hac·
1099 1935 1105 1941 -

109 1990 199 2041 tenus
235 1975 416 2042 methodum
457 1998 571 2064 sequor
609 1997 678 2060 ago,
716 1989 896 2062 ueteresque
930 1977 1031 2063 primo

109 2062 178 2130 loco
201 2064 365 2151 scriptores
389 2065 496 2146 allero,
519 2067 571 2152 qui
596 2065 693 2130 hocce
718 2063 750 2129 S.
784 2064 925 2130 Thomas
951 2086 1031 2153 opus

109 2166 343 2218 recensuerunt.

163 2241 346 2309 Ptolomaei
370 2243 503 2308 lucensis
527 2241 621 2307 verbs
646 2242 749 2327 suut(
762 2242 841 2307 Hist.
866 2241 960 2321 Eccl,
973 2243 1030 2308 lib.

108 2329 161 2407 Ὦ,
184 2351 210 2394 c.
234 2331 277 2395 ll
290 2332 312 2415 ):
344 2359 357 2389 ι
379 2331 506 2416 Scripsit
528 2333 620 2397 etism
637 2343 776 2416 tempora
792 2331 931 2414 ejusdem
949 2331 1030 2397 Pon·

108 2419 195 2486 tiliois
218 2420 359 2504 (Urbani
382 2420 445 2503 lV)
469 2420 582 2485 librum
607 2433 713 2485 contra
737 2417 872 2484 Gentiles
895 2437 943 2484 ».·

172 2506 354 2573 Gulllelrnus
375 2508 416 2587 tle
440 2508 542 2574 Tocco
570 2509 585 2596 (
601 2507 885 2592 troarnensem.
898 2509 929 2586 4,
942 2528 1029 2574 uum.

109 2594 161 2672 l8,
184 2596 265 2682 apud
287 2597 428 2662 Bollaudi
452 2596 717 2680 continuatores)·.
748 2595 910 2683 «Scripsit
934 2598 1028 2662 etiam

107 2681 234 2749 Librum
259 2685 360 2771 (ait)
383 2686 435 2771 qui
458 2685 631 2750 intitulatur
654 2681 765 2748 Contra
790 2682 935 2763 Gentiles,
949 2685 1029 2770 stylo

107 2773 267 2852 disertum,
291 2786 321 2837 et
345 2778 499 2840 rationum
524 2775 659 2838 novitate
693 2785 725 2837 et
757 2772 923 2837 subtilitate
958 2794 1029 2859 pro·

107 2859 250 2926 fundum.
274 2860 308 2926 ln
321 2881 383 2946 quo
401 2865 479 2928 miro
495 2863 590 2928 modo
606 2862 740 2928 ostendit
751 2860 837 2946 ‘quod
851 2881 889 2926 ex
902 2862 1028 2949 proprio

106 2950 231 3035 ingenio
254 2949 362 3015 habuit
384 2964 414 3016 et
437 2952 530 3038 quod,
553 2964 642 3036 raptu
655 2951 766 3014 mentis
782 2951 812 3014 iu
828 2950 940 3027 Deum,
956 2972 1026 3016 ora-

107 3039 240 3104 tionibus
267 3039 440 3126 impetravit
462 3067 493 3104 ι.
713 3042 715 3049 ’

172 3127 299 3195 Librum
321 3146 415 3213 quem
437 3140 546 3194 vocant
568 3126 764 3192 Ptolomaeus
787 3139 816 3190 et
843 3124 1026 3194 Guillelmus

105 3216 145 3280 de
167 3216 279 3294 Taceo,
303 3215 464 3282 Summum
486 3229 516 3280 et
541 3215 628 3299 Opus
650 3229 763 3280 uocant
796 3215 859 3292 alii,
895 3215 925 3279 in
945 3237 1026 3301 ,qua-

104 3319 174 3370 tuor
197 3306 291 3372 libros
316 3306 473 3372 tributum.
498 3304 545 3368 Ait
567 3305 651 3370 euim
674 3303 850 3370 Bernartius
875 3302 1025 3372 Guidouls

104 3395 214 3480 (apud
238 3393 411 3460 Eehardum
435 3408 465 3458 et
481 3391 637 3459 Oudinum
654 3395 677 3479 ):
697 3393 851 3478 «Scripsit
867 3393 1024 3459 etlibrum

103 3485 155 3569 qui
178 3483 347 3549 intitulatur
384 3482 510 3550 Summo
544 3494 653 3550 contro
690 3482 835 3562 Gentiles,
872 3502 966 3569 quem
989 3485 1020 3549 in
