2484 3975
216 228 282 293 tte
595 245 767 292 orvtscututt

214 315 445 393 illuminationis
467 314 572 401 ipsius.
594 317 646 381 Sic
662 318 764 400 igitur,
779 313 950 400 secundum
968 313 1152 397 Platonem,

212 427 353 474 summus
376 405 461 469 Deus
494 424 584 471 causa
623 419 669 469 est
703 405 847 470 omnibus
886 405 1152 472 immaterialibus

212 494 388 561 substantiis
411 493 494 578 quod
519 513 723 578 unaquaeque
746 512 854 560 earum
879 505 909 557 et
935 514 1033 558 unum
1056 495 1096 559 sit
1116 510 1152 560 et

212 585 329 649 bonum
354 584 401 645 sit.
426 583 460 646 bt
482 583 543 648 boc
565 584 659 646 etiam
683 583 860 648 tristantes
884 581 995 667 posuit,
1012 583 1098 668 quia,
1112 597 1151 649 ut

211 673 294 749 dicit,
316 691 443 736 necesse
466 685 512 736 est
534 686 567 736 ut
591 672 622 735 id
647 671 729 758 quod
761 685 806 736 εει
844 670 980 735 maxime
1018 691 1077 737 ens
1115 686 1150 738 ει

210 763 345 826 maxime
368 777 476 824 verum
499 761 538 825 sit
560 781 652 826 causa
676 759 797 825 essendi
821 772 852 824 ει
875 759 1008 825 veritatis
1040 761 1148 827 omni-

212 850 271 917 bus
295 849 371 913 aliis.

274 935 418 1002 Secundo
441 940 757 1004 autemcouveniunt
780 951 930 1022 quantum
954 935 992 1001 ad
1035 937 1149 1002 condi-

210 1027 326 1093 tionem
350 1041 479 1090 naturae
502 1026 650 1110 ipsarum,
672 1028 743 1113 quia
769 1043 898 1113 uterque
915 1026 1018 1111 posuit
1030 1047 1146 1092 omnes

210 1115 388 1202 hujusmodi
412 1114 597 1180 substantias
622 1119 743 1200 penitus
766 1135 834 1180 esse
851 1136 867 1179 a
883 1116 1010 1180 materia
1024 1117 1144 1180 immu-

209 1225 293 1281 nes,
329 1224 389 1268 non
430 1218 533 1268 tamen
572 1225 641 1269 esse
678 1226 730 1270 eas
765 1205 919 1268 immunes
958 1225 975 1268 a
1010 1223 1144 1286 compo·

210 1294 321 1360 sitione
361 1294 516 1377 potentiae
553 1307 584 1357 ει
624 1306 734 1371 actus;
774 1313 845 1358 nam
885 1313 979 1358 omne
1018 1293 1147 1380 partici-

211 1403 287 1468 pans
322 1401 377 1445 ens
415 1392 536 1466 oportet
570 1402 638 1447 esse
680 1383 883 1467 compositum
923 1402 961 1446 ex
1000 1383 1148 1467 potentia

209 1484 240 1536 et
262 1484 341 1535 actu.
366 1468 398 1533 ld
421 1471 504 1533 enim
528 1472 611 1557 quod
636 1472 781 1558 recipitur
804 1483 838 1534 ιιι
860 1471 1076 1556 participatum
1108 1492 1148 1537 0-

210 1572 311 1646 portet
334 1579 402 1623 esse
432 1572 534 1623 actum
570 1561 664 1645 ipsius
699 1559 886 1626 substantiae
921 1561 1146 1645 participantis3

210 1663 240 1714 et
262 1649 317 1721 sic,
340 1668 411 1712 cum
436 1667 544 1711 omnes
566 1649 766 1726 substantiae,
801 1661 922 1734 praeter
960 1668 1144 1733 supremam

210 1758 290 1820 quac
313 1750 358 1800 est
380 1757 488 1821 perse
512 1757 608 1801 unum
633 1751 662 1801 et
687 1757 742 1821 per
765 1757 797 1800 sc
822 1735 949 1818 bonum,
973 1737 1035 1800 siut
1070 1758 1146 1823 par-

210 1827 370 1912 ticipantes
393 1825 563 1889 secundum
603 1826 774 1903 Platonem,
811 1845 938 1890 necesse
974 1839 1019 1889 est
1054 1825 1146 1909 quod

210 1935 318 1980 omnes
340 1913 401 1978 tint
422 1916 612 1999 compositae
635 1935 671 1979 ex
695 1915 830 2000 potentia
861 1928 890 1978 et
928 1926 1007 1977 actu.
1048 1914 1145 1997 Quod
1230 1983 1231 1989 ἵ

209 2005 301 2068 etiam
326 2024 451 2068 necesse
474 2017 520 2067 εει
543 2003 646 2070 dicere
669 2004 841 2069 secundum
865 2006 1051 2069 sententiam
1075 2006 1145 2069 Ari-

211 2092 341 2166 stotelis;
366 2093 451 2177 ponit
476 2095 558 2155 enim
583 2095 666 2179 quod
692 2094 767 2157 ratio
792 2094 909 2158 veriet
947 2092 1020 2156 boni
1057 2095 1147 2159 attri-

210 2181 315 2247 buitur
338 2182 429 2256 actui;
454 2181 535 2244 uode
559 2182 636 2246 illud
660 2182 743 2268 quud
782 2195 829 2246 εει
857 2182 992 2268 primum
1033 2200 1147 2247 verum

209 2285 240 2335 et
262 2274 396 2357 primum
422 2270 537 2334 bonum
562 2284 683 2358 oportet
707 2285 890 2336 esseactum
909 2289 1145 2355 purum3quae-

209 2379 342 2443 cumque
366 2378 439 2422 vero
462 2358 500 2422 ab
525 2359 582 2424 boc
606 2360 753 2423 deliciunt
776 2373 897 2445 oportet
915 2358 1050 2445 aliquam
1069 2381 1144 2446 per-

210 2449 389 2513 mixtionem
414 2448 568 2533 potentiae
592 2448 716 2513 babere.

276 2536 381 2601 'lertio
406 2556 478 2600 vero
501 2538 688 2601 conveniunt
712 2539 742 2600 in
766 2538 884 2601 ratione
916 2534 1143 2621 providentiae.

209 2624 314 2689 Posuit
336 2626 419 2689 enim
445 2624 529 2689 Plato
553 2626 635 2711 quod
660 2646 800 2690 summus
825 2626 918 2699 Deus,
941 2625 992 2710 qui
1013 2636 1061 2688 cst
1079 2624 1142 2690 boc

209 2714 293 2800 quod
316 2725 363 2778 εει
386 2715 486 2799 ipsum
510 2735 607 2779 unum
631 2728 661 2778 ct
684 2715 784 2799 ipsum
810 2716 938 2791 bonum,
954 2732 990 2777 ex
1003 2713 1141 2798 primae·

210 2822 247 2868 va
271 2802 389 2867 ratione
413 2802 558 2867 bonitatis
582 2806 741 2890 proprium
766 2804 858 2867 babet
882 2818 914 2869 ut
940 2800 1142 2867 inferioribus

210 2892 354 2955 omnibus
394 2891 563 2976 provideat;
598 2905 629 2955 et
668 2892 911 2979 unumquodque
946 2889 1143 2964 inferiorum,

211 2981 394 3066 inquantum
418 2980 578 3065 participat
601 2980 770 3045 bonitatem
800 2982 891 3066 primi
927 2980 1011 3056 boni,
1046 2981 1142 3045 etiam

211 3068 348 3155 providet
373 3068 420 3131 bis
443 3089 524 3152 quae
548 3082 616 3154 post
640 3089 674 3132 se
697 3083 778 3148 sunt,
804 3089 866 3134 non
883 3069 986 3133 solum
998 3067 1142 3153 ejusdem

107 3215 111 3221 ,
210 3157 336 3236 ordinis,
360 3155 531 3221 sedetiam
555 3158 757 3232 diversorum
790 3171 819 3221 ει
857 3156 1028 3223 secundum
1068 3156 1142 3235 boc,

182 3246 327 3332 -primus
356 3244 533 3310 ‘intellectus
570 3259 729 3332 separatus
765 3246 905 3332 providet
940 3246 993 3310 toti
1035 3244 1140 3311 ordini

209 3348 421 3416 separatorum
445 3334 669 3410 intellectuum,
693 3348 722 3400 et
745 3334 874 3420 quilibet
897 3335 1040 3420 superior
1078 3353 1139 3401 suo

159 3501 161 3506 Ι
210 3420 357 3497 infcriori,
382 3435 524 3507 totusque
558 3422 636 3486 ordo
668 3437 881 3509 separatorum
911 3423 1140 3489 intellectuum

210 3506 351 3593 providet
373 3507 473 3573 ordini
496 3509 669 3575 animarum
694 3526 725 3577 ct
748 3510 944 3577 inferioribus
960 3509 1138 3577 ordinibus.
