2484 3975
218 214 281 280 196
319 214 324 223 ’
539 237 595 284 ιιι.
625 237 663 286 tr.
687 239 751 288 etr.
774 239 850 288 xtrr.

213 303 302 370 sibile
324 313 371 368 cst
392 304 475 371 enim
498 308 580 392 quod
604 322 712 374 natura
736 330 790 398 per
804 329 897 397 quant
910 305 1046 374 Verbum
1064 306 1152 374 suh·

217 395 295 458 sistit
326 395 364 458 sit
386 394 468 460 aliud
493 416 586 481 quarn
609 399 673 485 ipsa
698 419 830 486 persona
854 396 956 466 Verbi.
991 395 1148 462 Subsistit

214 495 317 546 autem
342 501 397 568 per
418 497 559 548 naturam
583 485 730 566 divinam,
753 509 815 553 non
840 500 945 551 autent
968 505 1023 572 per
1047 499 1148 550 natu-

215 591 282 635 ram
305 570 485 650 humanam
507 574 562 638 sed
600 595 670 640 eam
705 577 744 641 ad
781 596 869 640 suam
906 573 1146 640 subsistentiam

216 659 318 738 trahit,
342 674 374 724 ut
397 660 427 724 in
451 680 487 724 ea
509 662 666 742 subsistat,
689 679 722 729 ut
744 665 863 730 dictum
887 675 943 728 est.
969 661 1055 728 Unde
1072 683 1143 727 non

215 748 441 902 ⁰p⁰ll⁰⁸bqu⁰d
464 762 572 816 natura
593 752 732 818 humana
756 753 795 818 sit
817 753 899 818 idern
923 752 1006 838 quotl
1031 771 1142 838 perso-

216 858 255 902 na
304 857 337 900 er
360 860 382 901 ι.

281 925 358 990 lllnc
394 926 487 991 etiam
524 927 696 994 excluditur
733 929 763 996 id
801 928 886 1017 quod
908 925 1141 1010 sextoobjieie-
1233 943 1234 946 ’

214 1014 314 1080 Ιιιιῑιιι.
337 1013 513 1102 hypostasis
536 1019 620 1082 enirn
643 1032 690 1084 est
713 1020 815 1085 minus
837 1017 980 1104 simplex,
1013 1015 1062 1082 sel
1099 1037 1140 1083 re

216 1103 263 1168 rel
296 1104 462 1183 intellectu,
497 1126 591 1192 quam
626 1123 734 1174 natura
773 1128 828 1195 per
861 1127 954 1193 quam
977 1104 1141 1177 constitui·

214 1206 263 1257 tur
285 1192 317 1257 iu
340 1213 417 1256 esse:
447 1213 481 1258 re
514 1195 651 1281 quidem,
688 1217 759 1262 cum
800 1196 972 1283 hypostasis
1011 1215 1073 1258 non
1095 1195 1141 1260 sit

192 1275 269 1346 'rua
292 1295 413 1358 natura3
437 1282 594 1348 intellectu
633 1297 737 1350 autem
771 1285 849 1362 solo,
872 1286 903 1350 in
927 1283 985 1348 illis
1009 1284 1041 1346 in
1064 1287 1138 1368 qui-

215 1369 273 1435 bus
296 1370 380 1434 idem
404 1385 451 1436 est
473 1372 645 1459 hypostasis
680 1370 710 1438 et
743 1388 850 1439 natura
885 1373 945 1458 (l).
984 1371 1139 1458 llyposta·

213 1458 254 1523 sis
276 1472 378 1524 autem
402 1459 494 1525 Verbi
518 1482 580 1527 non
602 1463 797 1528 coristituitur
809 1461 988 1548 simpliciter
1003 1481 1058 1546 per
1075 1463 1139 1526 hu-

214 1567 337 1612 manam
360 1561 513 1629 naturam,
537 1566 569 1616 ut
589 1571 645 1636 per
666 1571 736 1616 eam
758 1555 806 1616 sit:
830 1552 884 1616 seu
907 1569 963 1637 per
989 1569 1057 1614 eata
1082 1571 1136 1614 so-

212 1633 278 1700 lum
301 1636 394 1701 habet
416 1637 553 1705 Verbum
569 1640 652 1725 quod
668 1640 705 1705 sit
721 1641 824 1704 homo.
845 1639 912 1703 Nou
924 1638 1017 1723 igitur
1039 1659 1138 1724 opor·

213 1734 256 1789 tet
270 1724 353 1811 quotl
371 1741 481 1792 natura
498 1728 634 1793 humana
648 1727 688 1794 sit
702 1727 870 1816 simplicior
881 1748 974 1814 quarn
993 1726 1134 1793 Verbum

210 1814 242 1877 iu
265 1828 413 1900 quantum
437 1830 482 1882 est
505 1816 652 1896 Verbum,
685 1819 741 1883 sed
777 1817 878 1882 solum
912 1817 944 1881 iu
978 1830 1133 1903 quantum

213 1899 348 1968 Verbum
372 1919 418 1970 est
441 1905 490 1971 hio
512 1906 617 1970 horno.

277 1992 319 2057 Ea
341 2014 405 2080 quo
426 1996 518 2061 etlam
542 2009 625 2082 patet
647 1996 759 2061 solutio
786 1995 824 2060 ad
848 1993 879 2059 id
901 1992 1134 2080 quodseptimo

210 2078 361 2165 objicitur.
384 2082 451 2147 Non
475 2086 558 2149 enim
582 2099 703 2171 oportet
737 2084 823 2171 quod
864 2082 1038 2169 hypostasis
1070 2082 1131 2148 Dei

210 2168 301 2234 Verbi
322 2170 503 2257 simpliciter
523 2174 562 2237 sit
583 2174 747 2239 constituta
770 2193 825 2257 per
847 2172 1008 2237 materiam
1023 2171 1127 2256 signa·

210 2273 283 2338 tam,
305 2260 359 2325 sed
382 2260 482 2325 solum
507 2262 537 2325 in
561 2276 710 2348 quantum
734 2277 779 2327 est
802 2262 851 2328 hic
867 2261 1027 2337 homo;sie
1043 2262 1129 2325 enim

207 2347 309 2414 solum
331 2368 386 2435 per
408 2350 576 2415 humanam
600 2366 740 2416 naturam
764 2349 967 2427 constituitur,
992 2362 1024 2413 ut
1057 2348 1125 2415 dic·

210 2449 275 2501 tum
298 2452 354 2503 est.
941 2472 942 2480 ι

274 2526 365 2608 Quor
388 2541 490 2592 eutem
515 2528 617 2592 anima
641 2526 775 2593 humana
800 2540 830 2591 et
845 2546 957 2613 corpus
980 2526 1010 2591 in
1037 2523 1129 2591 Chri·

210 2630 257 2695 sto
279 2615 319 2681 ad
341 2615 591 2703 personalitatem
614 2615 706 2683 Verbi
732 2617 904 2694 trahuntur,
935 2634 999 2681 non
1014 2615 1131 2680 consti·

211 2704 326 2769 tuentia
349 2703 484 2791 aliquam
507 2725 673 2792 personam
697 2721 818 2793 praeter
841 2724 1006 2792 personam
1021 2703 1130 2782 Verbi,

211 2812 273 2856 non
297 2795 431 2880 pertinet
451 2792 491 2860 ad
514 2794 752 2859 minorationem
783 2794 914 2871 virtutis,
951 2806 983 2857 ut
1016 2806 1126 2859 octavu

210 2882 288 2945 ratio
301 2881 496 2967 procedebat,
507 2882 561 2947 sed
577 2880 616 2945 ad
633 2880 813 2967 dignitatem
830 2880 991 2967 majorem.
1008 2879 1129 2947 Unum·

209 2968 355 3057 quodque
376 2970 458 3035 euim
482 2971 592 3036 melius
614 2990 683 3037 esse
705 2972 809 3046 habet,
832 2991 903 3037 oum
927 2988 984 3035 suo
1006 2970 1130 3053 digitio-

256 3091 296 3162 (Ι)
314 3091 472 3161 Hypostasr‘s
491 3094 558 3145 enim
577 3100 614 3146 est
633 3079 720 3148 minus
738 3092 879 3161 simplem...
898 3090 995 3143 Sensus
1012 3090 1130 3159 esttlly-

206 3164 318 3230 postasis
335 3165 404 3215 enim
423 3171 463 3216 est
481 3166 568 3217 minus
586 3166 705 3235 simplex,
724 3164 765 3215 vel
782 3164 888 3215 realiter
906 3162 947 3215 vel
963 3162 1129 3215 intellectuu-

207 3236 274 3300 liter,
292 3251 372 3304 quam
390 3242 486 3288 natura
504 3251 650 3305 perquam
679 3236 848 3287 constituitur
865 3234 893 3285 in
922 3247 987 3287 csse:
1017 3231 1127 3284 realiter

204 3306 320 3373 quidem,
338 3308 364 3358 iu
380 3307 485 3359 entibus
506 3309 533 3359 in
552 3306 649 3377 quibus
667 3314 762 3359 natura
780 3312 806 3358 et
824 3305 972 3374 hypostasis
998 3302 1127 3356 dilleruut

203 3377 290 3443 quoad
309 3393 372 3442 rem,
391 3385 421 3429 ut
439 3378 466 3428 lu
484 3378 554 3430 omni
585 3379 728 3446 composito
756 3378 878 3441 naturali,
910 3374 1126 3426 intellectualiter

204 3449 317 3513 tantum,
336 3450 363 3499 in
381 3448 431 3500 illis
448 3449 475 3499 in
494 3449 590 3517 quibus
606 3448 755 3517 hypostasis
774 3454 799 3499 et
816 3452 911 3499 natura
929 3444 1053 3497 differunt
1083 3462 1128 3498 so·

204 3516 258 3569 lum
275 3520 362 3586 quoad
380 3518 547 3587 intellectum,
566 3525 597 3571 ut
614 3520 641 3570 in
658 3518 812 3572 substantiis
828 3517 964 3587 separatis.

1228 3546 1231 3656 l
