2484 3975
229 201 291 266 llll
523 225 578 269 ιιιι.
603 226 640 270 tv.
664 225 726 270 mr.
751 224 848 269 xxxiv.
1094 280 1097 287 ,

226 291 282 356 uisi
306 291 399 355 Filius
419 292 478 358 Dei
503 307 572 359 ante
597 294 701 360 luisset
728 315 822 378 quam
856 292 952 358 laetus
988 303 1068 358 esset
1101 312 1145 380 ex

225 379 365 456 muliere;
387 382 468 467 quod
492 383 574 448 enim
598 384 629 448 io
656 382 776 468 aliquid
793 383 920 448 mittitur
954 382 1037 467 prius
1071 400 1145 446 esse
1219 402 1220 439 1

140 521 141 525 ,
225 469 401 553 intelligitur
424 491 516 556 quom
539 472 577 536 sit
601 475 632 536 in
654 493 692 536 eo
717 472 749 534 in
783 472 867 556 quod
904 470 1042 534 mittitur.
1077 469 1145 534 Sed

228 557 322 622 bomo
345 557 395 622 ille
419 561 469 645 qui
494 573 539 626 est
562 560 642 625 lilius
665 559 836 645 adoptivus,
873 557 1045 624 seeundum
1083 557 1147 622 Ne·

223 647 362 720 sterium,
387 668 447 713 uon
473 647 528 712 luit
550 663 715 734 antequam
739 662 827 713 natus
842 662 922 713 esset
935 667 974 712 ex
994 646 1140 712 muliere.

224 733 313 816 Quod
337 755 410 818 ergo
435 737 515 802 dicit:
540 737 625 802 Misit
642 738 724 802 Deus
746 739 845 824 lilium
873 757 974 813 rtrum,
996 755 1060 800 uon
1083 756 1144 821 po·

223 837 280 888 test
304 824 429 908 intelligi
453 825 492 889 de
515 823 578 890 lilio
600 826 754 910 adoptivo,
776 826 829 891 sed
854 839 973 910 oportet
995 824 1144 910 quodia-

222 913 374 996 telligatur
397 913 436 978 de
457 913 520 980 lilio
545 913 685 992 naturali,
700 914 779 978 idest
800 914 840 979 de
864 914 930 978 Deo
945 913 1001 978 Dei
1028 911 1145 978 Verbo.

222 1001 283 1066 Sed
307 1021 344 1065 ex
362 1002 419 1067 boo
442 1002 525 1090 quod
548 1003 657 1088 aliquis
680 1002 776 1067 laotos
798 1017 844 1067 est
866 1023 903 1068 ex
940 1001 1070 1066 muliere
1094 1000 1143 1066 di-

222 1092 300 1155 eitur
323 1089 403 1154 filius
428 1091 573 1156 mulieris.
596 1092 681 1157 Deus
718 1111 793 1175 ergo
826 1092 883 1155 Dei
922 1089 1057 1156 Verbum
1094 1104 1143 1154 est

90 1147 94 1158 .
133 1245 136 1252 s
222 1179 302 1244 silius
325 1180 473 1244 mulieris.
488 1216 533 1227 -·
548 1179 609 1245 Sed
632 1181 710 1246 forte
733 1180 848 1245 diceret
870 1180 980 1265 aliquis
1005 1200 1068 1244 uon
1083 1176 1144 1242 de-

222 1269 296 1334 bere
320 1267 448 1333 verbum
471 1269 604 1355 Apostoli
627 1271 671 1335 sie
693 1269 819 1354 intelligi
843 1269 924 1354 quod
963 1267 1020 1331 Dei
1043 1266 1140 1332 Filius

223 1357 261 1421 ud
285 1357 343 1420 boe
365 1358 403 1421 sit
427 1357 536 1424 missus
563 1374 596 1422 ut
618 1359 657 1422 sit
680 1356 776 1422 laetus
798 1378 835 1422 ex
858 1357 1066 1434 muliere‚sed
1097 1357 1139 1420 ita

222 1445 305 1532 quod
329 1445 385 1509 Dei
410 1445 512 1525 Filius,
535 1448 587 1534 qui
605 1461 651 1512 est
674 1445 771 1511 faetus
793 1467 831 1511 ex
853 1445 983 1510 muliere
1016 1458 1046 1508 et
1080 1445 1143 1509 sub

223 1535 302 1618 lege,
313 1534 352 1598 ad
375 1535 434 1600 boo
457 1536 494 1600 sit
517 1539 628 1602 missus
653 1548 687 1599 ut
708 1553 761 1600 eos
785 1535 837 1621 qui
861 1535 920 1599 sub
957 1533 1028 1616 lege
1050 1547 1143 1597 eraut

222 1623 395 1688 redimeret:
419 1636 449 1687 et
482 1625 653 1690 seeundum
692 1623 761 1701 boe,
795 1622 879 1709 quod
916 1621 999 1697 dicit,
1023 1621 1143 1689 Filium

222 1732 398 1789 strumum
422 1714 573 1797 oportebit
597 1712 724 1795 intelligi
748 1713 787 1776 de
822 1711 885 1776 lilio
920 1709 1061 1786 naturali,
1084 1710 1145 1774 sed

162 1823 167 1836 ·
222 1801 261 1864 de
283 1801 412 1865 bomine
436 1800 487 1866 illo
509 1803 561 1888 qui
593 1816 640 1866 est
662 1800 949 1887 liliusodoptiouis.
989 1797 1050 1863 Sed
1091 1798 1145 1863 bio

222 1909 329 1954 seusus
352 1889 522 1954 excluditur
545 1911 581 1955 ex
599 1890 672 1976 ipsis
695 1889 828 1975 Apostoli
852 1887 1041 1952 verbis.Non
1055 1889 1144 1952 enim
1178 1899 1184 1912 ·

104 1985 107 1994 '
222 1977 330 2063 alege
354 1991 452 2065 potest
475 1978 634 2045 absolvere
657 1978 713 2044 uisi
748 1978 798 2043 ille
820 1978 873 2065 qui
907 1997 1001 2063 super
1038 1975 1145 2061 legem

221 2068 330 2142 existit,
353 2067 405 2153 qui
429 2081 474 2133 est
496 2080 602 2133 auotor
625 2069 710 2151 legis.
736 2068 797 2133 Lex
819 2080 923 2132 autem
947 2088 964 2130 a
994 2065 1059 2129 Deo
1085 2085 1145 2151 po-

221 2157 275 2221 sita
301 2168 356 2221 est.
380 2154 481 2221 Solius
503 2156 595 2242 igitur
610 2156 667 2220 Dei
691 2172 738 2221 est
761 2178 778 2221 a
800 2157 945 2221 servitute
979 2154 1056 2305 lepis
1079 2154 1144 2218 eri-

221 2265 302 2331 pere.
328 2245 391 2309 lloo
414 2258 516 2309 autem
540 2245 676 2311 attribuit
698 2245 862 2331 Apostolus
897 2244 973 2307 Filio
1036 2241 1074 2318 ei,
1099 2242 1144 2307 de

220 2354 282 2418 quo
305 2333 449 2419 loquitur.
472 2332 567 2421 Filius
591 2354 666 2418 ergo
690 2334 758 2412 Dei,
781 2334 821 2398 de
844 2354 906 2419 quo
921 2332 1068 2417 loquitur,
1093 2346 1143 2395 est

221 2422 300 2487 filius
323 2422 481 2487 naturalis.
505 2421 618 2488 Verum
642 2441 717 2507 ergo
741 2437 787 2487 est
810 2421 911 2486 dicere
934 2420 1018 2506 quod
1049 2434 1142 2483 uatu-

220 2512 290 2576 ralis
313 2511 369 2575 Dei
393 2511 484 2586 lilius,
507 2511 585 2583 idest
606 2511 691 2578 Deus
714 2512 771 2575 Dei
795 2510 940 2587 Verbum,
967 2520 1013 2573 est
1037 2506 1142 2573 laotos

219 2620 256 2665 er
280 2599 418 2665 muliere.

284 2689 457 2763 Praeterea,
480 2689 565 2754 lderu
588 2700 669 2774 patet
693 2707 748 2773 per
771 2687 830 2751 boo
852 2662 936 2773 qubd
960 2685 1138 2769 redemptio

219 2778 344 2843 humaui
369 2777 491 2862 generis
515 2778 571 2863 ipsi
595 2777 662 2840 Deo
687 2776 870 2841 attribuitur:
898 2774 1145 2852 Rederuistime,
1219 2785 1220 2798 ³

219 2868 350 2932 Domine
370 2868 452 2931 Deus
473 2868 625 2939 veritatis,
648 2862 773 2941 Psalm„
796 2865 851 2941 30,
874 2864 906 2931 6.

284 2956 403 3034 Adbuc,
427 2954 557 3041 Adoptio
580 2954 716 3019 liliorum
738 2953 794 3017 Dei
834 2954 867 3019 lit
900 2973 955 3039 per
990 2950 1143 3037 Spiritum

219 3045 376 3121 Sanctum,
399 3044 569 3109 seeundum
594 3043 681 3108 illud:
704 3039 872 3125 decepistis
894 3040 1040 3125 spiritum
1064 3040 1143 3126 odo-

214 3136 332 3218 ptiouir
354 3133 506 3217 filiorum,
529 3132 629 3212 Rom,
653 3133 686 3210 8,
710 3132 760 3195 lb.
784 3131 914 3217 Spiritus
936 3142 1040 3192 autern
1062 3126 1142 3191 Sau-

218 3236 284 3289 etus
308 3242 370 3291 nou
393 3234 438 3287 est
461 3221 579 3285 donum
603 3219 748 3297 bominis,
768 3220 823 3283 sed
846 3221 914 3284 Dei.
940 3217 1019 3300 Ergo
1057 3213 1140 3280 filio-

218 3332 289 3377 rum
312 3312 437 3397 adoptio
460 3330 521 3373 uon
545 3325 689 3375 eausatur
711 3309 750 3372 ab
774 3308 909 3382 bomine,
931 3305 985 3370 sed
1008 3327 1025 3368 a
1057 3303 1139 3369 Deo.

218 3400 367 3467 Causatur
390 3410 494 3463 autem
518 3398 628 3462 aFilio
651 3398 719 3474 Dei,
736 3396 828 3461 misso
851 3418 868 3460 a
901 3396 968 3459 Deo
990 3407 1021 3457 et
1054 3391 1137 3456 laeto

218 3510 256 3554 ex
278 3489 419 3563 muliere3
444 3486 526 3573 quod
550 3500 632 3573 patet
653 3506 709 3573 per
731 3484 763 3549 id
786 3482 1042 3573 quodApostolos
1064 3480 1141 3547 sub·
1219 3567 1220 3582 χ
