2484 3975
303 250 359 296 urs.
384 250 422 296 rt.
447 249 513 295 cnr.
540 249 629 293 ιιιιι.
653 248 689 292 ιτ
713 248 812 294 ιιιιιι.
966 226 1036 294 utu

113 340 151 385 se
168 318 213 385 eis
251 332 320 387 actu
357 317 489 402 subjicit,
526 316 705 385 confitendo
741 329 773 382 et
806 315 1036 384 absolutionem

114 407 322 495 percipiendm
345 419 376 473 et
399 408 475 473 nihil
500 406 643 493 prohibet
668 407 751 509 quin
786 406 953 491 aliquando
975 408 1035 472 rir-

113 510 177 562 tute
198 496 332 562 clavium
362 497 453 562 alicui
491 495 674 561 confesso
666 518 698 588 tn
735 497 800 581 ipsu
838 495 1034 561 absolutione

111 588 208 669 qratia
231 585 418 663 conletatur,
441 604 497 671 ner
530 606 626 671 quarn
663 576 695 648 ei
730 584 820 671 culpa
859 584 1034 650 dimittitur

111 676 223 757 Quis'
215 678 308 759 igitur
330 676 422 740 etiarn
447 675 477 739 in
496 673 567 760 ipss
582 673 778 739 consessione
794 686 824 738 et
837 672 1034 738 absolutione

112 764 233 849 plenior
255 764 382 829 edoctus
405 764 522 848 gratiae
543 778 575 828 et
599 763 789 828 remissionis
822 760 982 828 confertur
1004 762 1032 827 ei

111 854 164 938 qui
200 852 285 939 prius
318 868 444 938 propter
481 852 600 917 bunum
633 852 826 937 propositum
865 863 1034 938 utrumque

110 942 252 1017 obtinuit,
276 941 473 1007 manilestum
498 953 543 1005 est
565 942 661 1025 quod,
683 941 795 1005 uirtute
815 939 961 1015 clavium,
977 941 1034 1003 uri·

109 1032 205 1095 nister
229 1029 391 1109 Ecclesiae,
412 1030 615 1105 absolvendo,
638 1030 752 1114 aliquid
776 1029 818 1093 de
840 1047 940 1130 poena
954 1041 1031 1093 tem·

109 1140 168 1205 por
170 1119 209 1183 ali
233 1118 357 1186 dimittit
379 1128 465 1206 cujus
488 1118 610 1184 debitor
624 1119 770 1183 remansit
785 1117 947 1220 poenitens
963 1132 1031 1204 post

109 1208 341 1273 contritionem·
360 1210 403 1273 ad
442 1207 602 1272 residuum
640 1227 714 1271 rero
750 1226 806 1271 sua
842 1205 1032 1309 injunctione

108 1296 225 1381 obligat
249 1298 470 1381 poenitentem
494 1295 582 1381 cujus
606 1296 733 1381 quidem
757 1294 984 1379 obligationis
977 1316 1034 1361 rm·

108 1386 204 1471 pletio
226 1384 393 1451 satisfactio
415 1385 539 1463 dicitur,
574 1404 656 1472 quae
677 1397 725 1449 est
746 1384 836 1448 tertia
871 1386 1034 1471 poeniten·

107 1476 170 1541 tiae
185 1495 267 1560 pars,
290 1495 346 1560 per
361 1494 454 1561 quarn
478 1474 573 1539 bento
597 1473 729 1539 totaliter
751 1494 769 1536 a
800 1486 889 1537 reatu
913 1493 1033 1560 poenae

107 1562 267 1641 liberatur,
290 1563 366 1628 dnm
401 1584 535 1649 poenam
574 1563 689 1643 exolvit
726 1580 820 1646 quarn
861 1562 978 1638 debuit;
1002 1577 1031 1627 ct

107 1652 236 1718 ulterius
259 1652 400 1717 debilitas
423 1652 569 1717 naturalis
593 1652 667 1717 boni
683 1664 817 1727 curatur,
833 1650 909 1715 dum
934 1652 1030 1716 homo

107 1762 125 1806 ι
150 1741 240 1807 mulis
263 1741 396 1807 abstinet
417 1753 448 1806 et
472 1740 561 1806 luatis
582 1741 743 1817 euanescit,
779 1739 849 1805 Deo
887 1739 1029 1825 spiritum

105 1829 301 1932 subjiciendo
325 1830 586 1915 perorationem,
621 1849 751 1895 carnem
775 1848 848 1892 tero
870 1827 1029 1894 domando

104 1938 162 2006 pet·
181 1918 213 2004 je
227 1921 346 1997 unium,
370 1932 403 1983 ιιι
422 1919 463 1983 sit
482 1918 619 2004 subjectu
639 1918 773 2005 spiritui,
796 1931 826 1981 et
857 1917 951 1982 rebus
974 1938 1026 1982 ex·

105 1940 346 2074 te'rio'ribus
292 2027 350 2094 {sur
372 2008 640 2095 eleemosynarum
663 2007 871 2092 largitionem
867 2008 1028 2093 proximus

104 2097 164 2162 sibi
188 2097 396 2182 adjungendo,
420 2100 573 2183 aquibus
596 2097 654 2162 lrut
672 2109 835 2182 separatus
873 2116 929 2182 per
963 2097 1028 2162 cul

105 2207 189 2273 paru.
212 2185 263 2250 Sia
286 2187 379 2270 igitur
402 2197 484 2272 patet
505 2185 590 2273 quud
629 2187 768 2251 minister
799 2185 1003 2250 -llcclesise
996 2206 1027 2252 tn

5 2337 6 2356 ,
107 2297 168 2340 usu
189 2275 322 2340 clavium
342 2273 497 2360 judicium
519 2275 678 2360 quoddam
715 2288 848 2339 eret-oet.
870 2273 952 2339 Nulli
974 2295 1031 2340 au·

104 2380 169 2428 tem
190 2365 344 2450 judicium
364 2364 568 2430 committitur
605 2364 664 2430 nisi
698 2364 731 2428 iu
767 2362 825 2427 sibi
863 2363 1028 2448 subjectos

102 2451 194 2519 Unde
216 2451 416 2520 manifestum
440 2453 593 2538 estquod
629 2473 694 2518 nun
717 2450 848 2537 quilibet
883 2452 1029 2521 sacerdos

101 2542 277 2628 quemlibet
300 2555 399 2628 puteat
422 2540 585 2608 abaciacus
613 2561 631 2606 a
670 2553 808 2627 peceato,
830 2553 864 2605 nt
896 2541 1028 2642 quidam

106 2633 311 2710 mentiuntur,
334 2630 390 2699 sed
412 2650 485 2696 euru
510 2643 630 2696 tautum
652 2628 686 2694 iu
709 2648 803 2716 quctu
839 2630 950 2718 accipit
973 2651 1029 2716 po

106 2733 258 2789 letlulem

396 2894 492 2984 utu
507 2895 576 2962 UT·
606 2893 739 2963 LXlllll.

250 3074 296 3138 De
319 3084 515 3140 recremento
538 3084 695 3140 entremot
716 3072 879 3140 unctionis.

172 3250 339 3334 Quietem
356 3270 469 3338 corpus
484 3263 531 3316 est
556 3250 679 3317 animae
707 3249 959 3330 instrumentum,
985 3254 1032 3317 ln·

102 3353 315 3412 strumentum
340 3353 445 3405 autem
465 3353 515 3405 est
534 3339 577 3404 ad
594 3360 684 3406 usum
701 3339 879 3427 principalis
902 3343 1035 3426 agentis,

102 3450 234 3498 neeesse
270 3444 316 3495 est
339 3427 424 3515 quod
448 3427 517 3495 talis
540 3428 580 3495 sit
602 3427 763 3516 dispositio
780 3429 973 3496 instrumenti
999 3444 1032 3496 ut

103 3532 263 3610 competat
286 3517 449 3608 principali
472 3519 586 3606 agenti
609 3519 747 3586 undeet
782 3539 896 3610 corpus
929 3520 1032 3608 dispo·
