2484 3975
298 237 354 283 trs.
379 237 418 282 tv.
443 235 505 281 ctu.
530 234 809 283 astruuntur.
943 214 1006 280 l27

88 306 181 374 verha
205 305 367 372 manifeste
387 305 563 382 ostendunt,
586 324 657 369 eum
681 302 721 366 de
750 323 784 368 se
802 293 1008 390 ‘quandoque

87 397 231 483 loquatur
254 397 381 460 humilia
406 407 436 459 et
467 395 612 468 humana,
653 405 753 455 otest
790 391 875 457 illud:
915 392 1009 457 Pater

86 488 190 570 major
211 505 259 549 me
283 497 337 563 est,
359 485 458 559 loen,
481 482 533 556 ll,
556 481 609 558 18,
632 494 672 544 et:
701 479 811 544 Tristis
834 491 879 544 ott
902 481 1008 546 auimo

88 594 158 639 meo
178 593 274 658 osque
296 575 339 638 od
361 583 502 646 mortem,
528 571 646 648 Matth,
685 569 738 646 16,
773 568 826 647 58,
863 589 943 655 quae
980 570 1009 635 ei

86 663 260 728 secondum
298 661 521 726 humanitatem
559 670 748 742 assumptam
786 659 1008 737 conveniunt3

87 752 275 837 quandoque
298 771 371 816 vero
394 749 536 814 sublimia
560 761 590 812 et
621 747 735 824 divina,
769 759 803 811 ut
840 760 886 812 est
918 747 1008 813 illud:

89 840 152 926 Epo
175 852 206 905 et
226 839 322 904 Pater
334 857 563 914 Ιιιιιιιιιιιιιιιιιιι,
575 837 674 913 luam,
690 837 741 914 11),
757 836 810 913 50,
828 849 867 901 et:
894 836 1009 902 Omnia

31 982 35 995 .
87 948 295 1014 quoecumque
318 927 409 992 holret
433 926 526 994 Putet·
549 947 617 989 oreo
640 936 723 1004 sont,
741 925 842 1004 loon,
878 925 931 1003 l6,
956 926 1008 1006 111,

88 1038 169 1103 quae
192 1031 308 1082 certum
345 1031 390 1080 est
427 1017 453 1078 ei
488 1004 659 1080 seeundum
693 1030 834 1080 natorum
870 1013 1007 1080 divinam

89 1119 277 1192 competere.
316 1103 490 1170 Ostendunt
527 1104 619 1167 etiam
656 1104 715 1168 hoc
750 1104 844 1190 ipsius
881 1102 1007 1170 Domini

89 1194 168 1258 lacta
191 1215 270 1280 quae
292 1193 331 1259 de
355 1195 420 1281 ipso
458 1192 611 1276 leguntur.
647 1192 739 1275 Quod
772 1193 855 1257 enim
895 1193 1007 1273 timuit,

90 1283 225 1348 tristatos
248 1295 302 1360 est,
325 1283 439 1360 esuriit,
463 1295 603 1346 mortuus
627 1298 683 1358 cst,
722 1282 854 1367 pertinet
887 1282 927 1346 ad
948 1284 1005 1348 ho·

88 1391 214 1436 menam
236 1385 387 1448 naturam3
410 1371 494 1456 quod
519 1371 644 1456 propria
682 1383 830 1456 potestate
866 1371 1004 1437 infirmos

87 1461 216 1536 sanavit,
236 1461 318 1545 quod
343 1475 482 1524 mortuos
495 1460 653 1524 suscitavit
674 1473 705 1524 et
720 1459 880 1524 elementis
896 1460 1005 1525 mundi

86 1546 249 1614 efficaciter
271 1549 441 1635 imperavit,
465 1547 549 1633 qood
573 1547 742 1613 daemones
769 1548 895 1635 expulit,
920 1549 1005 1637 quod

86 1651 211 1724 peccata
235 1636 359 1715 dimisit,
381 1638 464 1723 qood
487 1658 503 1701 a
528 1638 656 1701 mortuis
679 1658 750 1702 cum
786 1637 881 1703 voluit
904 1659 1003 1707 resur·

86 1727 174 1804 rexit,
197 1725 279 1813 quod
303 1727 436 1813 denique
459 1726 560 1791 caelos
583 1727 730 1806 ascendit,
752 1726 888 1792 divinam
911 1727 944 1792 in
966 1747 1005 1793 co

86 1816 231 1881 virtutem
255 1815 476 1882 demonstrant.

376 1992 545 2061 CAPUT
582 1991 717 2061 XXVlll.

191 2171 238 2237 De
260 2191 365 2237 errore
387 2171 511 2237 Photini
532 2172 614 2237 circo
647 2172 901 2241 interemtionem.

153 2348 286 2431 Quidam
310 2360 424 2429 autem,
447 2348 674 2435 Scripturarum
696 2370 805 2417 sensus
831 2351 999 2439 depravan-

88 2451 145 2518 tes,
168 2439 247 2504 eircu
270 2437 395 2503 Domini
419 2440 513 2503 nostri
536 2439 608 2503 lesu
632 2438 742 2504 Christi
766 2441 954 2507 divinitatem
969 2456 1001 2508 et
1050 2519 1052 2522 v

85 2527 310 2593 humanitatem
335 2546 514 2612 perversum
538 2548 662 2591 sensum
686 2545 904 2617 conceperunt
976 2523 979 2530 ’

153 2616 289 2682 Fuerunt
306 2615 394 2691 ¹euim
418 2616 554 2702 quidam,
577 2628 609 2680 ut
633 2617 730 2683 Ebion
765 2631 795 2683 et
830 2618 1003 2700 Corinthus,

86 2718 120 2769 et
143 2718 248 2791 postea
272 2704 385 2769 Paulus
408 2720 619 2771 samosatenus
643 2721 673 2772 et
703 2707 863 2788 Photinus,
896 2710 948 2797 qui
972 2710 1003 2775 in

87 2792 211 2859 Christo
232 2793 333 2859 sulum
358 2807 498 2860 naturam
522 2795 690 2861 humanam
725 2797 919 2877 confitentum
956 2798 1004 2865 di·

87 2882 245 2949 vinitatcm
268 2902 352 2961 vero,
374 2902 436 2947 non
460 2904 514 2971 per
527 2899 680 2963 naturam,
700 2885 753 2950 sed
768 2907 822 2972 per
836 2887 1004 2974 quamdam

88 2970 289 3039 excellentem
314 2970 434 3036 divinae
453 2974 568 3058 gloriae
596 2976 875 3062 participationem,
912 2999 1004 3066 qoam

88 3081 146 3149 per
169 3080 262 3147 opera
284 3073 447 3140 meruerat,
481 3065 511 3129 in
548 3083 586 3127 eo
619 3063 713 3129 luisse
745 3065 936 3152 confingunt,
974 3083 1008 3136 ut

90 3151 235 3237 superius
257 3150 297 3235 (c.
324 3150 360 3235 1)
383 3148 498 3216 dictum
522 3166 576 3217 est.
601 3152 673 3232 Sed,
706 3169 738 3220 ιιι
775 3155 833 3221 alia
867 3170 1001 3243 praeter·

90 3241 248 3304 mittamus
270 3258 349 3325 quae
373 3253 479 3304 contra
504 3242 688 3327 positionem
725 3243 901 3329 hujusmodi
925 3246 1004 3312 diota

90 3338 163 3482 sulpt
184 3328 334 3415 superius,
356 3325 433 3393 haec
455 3331 566 3417 positio
591 3332 807 3399 incarnationis
823 3335 1008 3421 mysterium

91 3428 121 3482 to
149 3427 179 3480 rt.

156 3502 223 3571 Non
257 3504 351 3589 enim,
385 3506 556 3577 secondum
595 3510 779 3598 positionem
815 3512 1005 3602 hujusmodi,
1110 3497 1115 3506 ’
