2484 3975
191 215 257 281 592
570 236 742 282 oruscutuu

191 303 283 371 leetio
305 302 354 369 rel
375 302 529 369 certitudo
558 304 802 392 uniuscujusque
839 302 895 381 rei,
933 303 1011 370 sieut
1048 301 1124 367 dicit

166 394 343 465 „nouenos
369 393 430 477 (l).
452 392 519 459 lloe
534 393 627 459 ctiam
652 392 713 461 alio
736 390 1124 470 nominenoturodicitur‚

65 486 70 501 ‘
157 558 161 568 ι
190 482 371 569 accipiendo
394 495 538 548 naturam
561 482 733 557 seeundum
758 482 893 567 primum
933 480 1061 547 modum
1086 479 1124 544 il·

189 570 291 637 lorum
314 585 448 658 quatuor
470 569 636 638 modorum
659 590 738 659 quos
757 570 882 637 Roetius
904 571 971 654 (de
993 569 1123 635 lluabus

189 659 324 739 litaturis,
348 680 375 726 e.
401 660 436 746 l)
458 660 603 743 assignat,
626 661 799 727 seeundum
823 658 940 725 scilieet
960 658 1046 745 quod
1068 676 1123 722 na-
1240 696 1241 699 =

190 764 259 814 tura
282 747 394 816 dicitur
417 768 486 815 esse
509 747 585 814 illud
608 749 693 836 quod
723 768 920 837 quocumque
958 746 1054 814 modo
1076 746 1122 811 in·

189 836 312 903 tellecta
334 838 402 924 oapi
426 848 535 924 potsse
559 858 621 905 non
645 838 729 905 enim
765 859 815 905 res
852 836 1052 922 intelligibilis
1075 848 1123 901 est

190 926 248 991 nisi
273 948 328 1012 per
350 947 439 992 suam
462 924 674 991 definitionem
692 940 722 993 et
739 925 1121 1005 essentiam3etsicetiem

190 1014 263 1081 dicit
287 1014 494 1103 Philosophus
516 1014 725 1102 (Metopbys.,
748 1016 795 1103 d)
819 1016 902 1104 quod
927 1016 1028 1081 omnis
1051 1014 1123 1079 sub·

190 1103 301 1170 stantia
324 1119 370 1171 est
393 1117 512 1169 natura.
535 1102 656 1171 Nomen
679 1119 784 1171 autem
807 1118 939 1171 creturae
954 1102 1122 1171 boemodo

190 1206 332 1276 sumptae
355 1193 477 1259 ridetur
499 1191 675 1277 significare
697 1195 863 1260 essentiam
876 1195 930 1273 rei,
949 1192 1122 1259 seeundum

190 1281 273 1366 quod
298 1282 391 1349 babet
414 1281 556 1348 ordinem
580 1281 629 1347 vel
651 1282 877 1349 ordinationem
901 1283 939 1348 ad
963 1281 1121 1369 propriam

190 1372 404 1457 operationem
427 1370 483 1447 rei,
505 1390 578 1435 eum
601 1371 684 1437 nulla
709 1393 758 1439 res
782 1374 905 1460 proprie
928 1371 1125 1438 'destituatur

191 1462 379 1544 operatione,
405 1459 599 1540 Quidditotis
624 1481 698 1527 tero
722 1482 836 1527 nomen
860 1463 993 1545 sumitur
1009 1480 1045 1524 ex
1063 1459 1121 1523 boo

190 1547 275 1635 quod
299 1572 355 1637 per
378 1549 592 1615 definitionem
615 1549 818 1635 significatum
840 1550 896 1616 sed
919 1548 1054 1616 essentia
1076 1547 1122 1612 di·

190 1638 274 1703 citur
296 1638 471 1706 secundum
493 1638 578 1725 quod
603 1658 659 1725 per
681 1659 752 1705 eam
775 1653 805 1705 et
828 1641 859 1705 in
883 1659 919 1705 ea
942 1659 992 1705 res
1031 1636 1125 1701 babet
1240 1668 1241 1705 1

190 1746 272 1793 esse.

533 1903 592 1971 Cb
608 1904 630 1969 P
646 1904 706 1970 UT
746 1902 782 1970 ll.

206 2081 219 2088 ’
258 2082 321 2149 Sed
343 2084 414 2169 quia
438 2103 493 2148 ens
516 2082 659 2150 absolute
682 2095 712 2148 et
736 2083 838 2172 primo
861 2083 974 2149 dieitur
986 2083 1026 2149 de
1049 2082 1122 2148 sub-

191 2172 321 2250 stantiis,
343 2185 374 2237 et
398 2173 550 2258 posterius
572 2171 744 2238 secundum
761 2171 888 2260 quidde
903 2171 1124 2248 accidentibus,

192 2261 264 2328 inde
286 2274 332 2326 est
356 2261 439 2347 quod
463 2260 595 2327 essentia
618 2261 744 2347 proprie
767 2274 798 2326 et
820 2281 893 2326 vere
928 2274 974 2326 est
997 2261 1029 2327 in
1053 2259 1125 2324 sub·

191 2349 321 2425 stantiis,
344 2349 398 2414 sed
423 2351 453 2414 in
492 2349 703 2417 accidentibus
741 2363 788 2416 est
827 2348 1061 2436 quodammodo
1095 2361 1126 2413 et

195 2438 370 2505 seeundum
395 2438 480 2525 quid.

260 2527 507 2593 substantiarum
531 2545 605 2592 vero
628 2525 781 2613 quaedam
805 2539 880 2592 sunt
917 2524 1074 2611 simplices
1098 2537 1129 2590 et

192 2615 346 2704 quaedam
368 2616 571 2703 compositae,
604 2629 634 2679 et
657 2615 690 2680 in
728 2616 867 2700 utrisque
901 2628 948 2680 est
984 2612 1130 2690 essentiae

192 2705 249 2772 aed
272 2705 302 2771 in
326 2705 520 2792 simplicibus
543 2705 656 2770 veriori
680 2716 711 2770 et
734 2705 879 2771 nobiliori
892 2703 996 2770 modo.
1013 2703 1130 2770 Secun-

193 2793 269 2859 dum
292 2795 384 2860 etiarn
409 2793 494 2881 quod
517 2793 633 2858 babent
656 2813 724 2859 esse
747 2794 895 2868 nobilius,
923 2805 999 2860 aunt
1035 2792 1129 2857 etiam

191 2902 285 2948 eausa
309 2903 419 2948 eorum
443 2902 525 2969 quae
546 2882 718 2968 composite
742 2896 825 2960 sunt,
849 2882 888 2948 ad
927 2882 1032 2948 minus
1055 2879 1127 2948 sub·

193 2971 304 3038 stantia
329 2972 428 3057 prima
452 2985 482 3036 et
504 2972 648 3060 simplex,
671 2991 751 3058 quae
774 2971 859 3036 Deus
883 2983 938 3036 est.

260 3059 323 3125 Sed
346 3061 419 3146 quia
443 3060 568 3125 illarum
591 3060 832 3125 substantiarum
867 3059 1018 3125 essentiae
1058 3071 1130 3124 sunt

194 3149 287 3214 nobis
304 3149 406 3234 magis
419 3148 570 3228 occultae,
592 3149 664 3213 ideo
679 3148 718 3215 eb
731 3149 871 3216 essentiis
886 3148 1131 3235 compositorum

195 3237 407 3322 incipiendum
432 3251 490 3316 est,
514 3252 548 3303 ut
571 3237 796 3304 alaeilioribus
828 3238 1063 3304 convenientior
1077 3235 1131 3301 bat

194 3325 371 3413 disciplina.
396 3326 429 3391 ln
454 3325 637 3392 substantiis
661 3327 754 3412 igitur
776 3327 954 3414 compositis
977 3325 1077 3391 lorma
1100 3338 1132 3390 et

196 3416 328 3478 materia
355 3430 448 3479 notae
470 3427 553 3494 sunt,
577 3429 610 3481 ut
634 3416 664 3481 in
688 3416 816 3482 homine
839 3417 983 3487 enimeet
1005 3433 1129 3501 corpus.

201 3543 205 3548 ⁴
249 3516 289 3587 (l)
306 3518 465 3590 Metopbyr„
482 3518 500 3571 l.
516 3517 543 3573 2
