2484 3975
207 222 273 289 ii8
591 238 764 286 nauseatus

207 323 408 400 potestesse,
432 309 509 374 sieut
534 308 667 394 primum
691 322 792 397 potest
826 308 1054 395 intelligimine
1088 330 1144 375 se·

207 400 312 467 cundo
337 399 385 465 tei
409 396 619 486 praedicatum
644 398 710 463 sine
734 398 885 485 subjecto.
918 398 1004 465 Unde
1027 420 1067 466 ex
1089 420 1142 464 ae·

177 507 180 514 ·
207 491 329 555 cidente
352 500 383 553 et
403 486 544 571 subjecto
567 506 629 551 non
655 488 688 552 fit
711 506 808 553 unum
834 508 890 574 per
906 508 950 567 se,
973 487 1143 553 sedunum

207 598 265 667 pet·
288 578 487 653 accidens3et
509 574 580 639 ideo
599 595 637 640 ex
676 596 785 641 eorum
820 576 1040 663 conjunctione
1077 596 1142 643 non

210 666 336 733 resultat
358 665 490 731 essentia
528 663 694 749 quaedam,
732 665 811 731 siout
848 682 886 731 ex
919 666 1143 752 conjunctione

206 756 327 821 formae
348 774 420 819 oum
443 752 582 828 materia,
605 754 837 840 propterquod
860 754 1003 819 accidens
1040 774 1143 841 neque

208 847 364 914 tationem
388 841 560 929 completae
573 842 724 907 essentias
742 842 844 920 hebet,
857 860 958 930 neque
973 863 1043 929 pars
1058 862 1143 909 oom-

211 934 314 1021 pletae
335 931 486 997 essentiae
509 944 566 1007 est;
588 932 654 1009 sed,
679 932 758 996 sicut
791 946 837 997 est
876 952 932 997 cns
969 932 1142 997 secundum

199 1022 296 1109 quid,
319 1021 359 1086 ita
382 1034 413 1083 ει
435 1021 599 1085 essentiam
623 1020 794 1085 secundum
819 1020 893 1108 quid
927 1020 1029 1087 itabet.
1240 1096 1241 1101 ἵ

278 1109 350 1189 Sed,
373 1111 444 1195 quia
469 1107 544 1173 iilud
567 1110 653 1195 quod
675 1109 787 1174 dicitur
822 1110 956 1175 maxime
976 1121 1008 1174 et
1044 1110 1142 1175 vetis-

210 1202 297 1264 sime·
313 1200 343 1263 in
360 1198 499 1284 quolibet
520 1215 647 1281 genere,
671 1211 717 1264 cst
739 1216 830 1263 causa
853 1216 963 1263 eorum
978 1212 1143 1284 quaesunt

214 1303 282 1375 post
304 1286 335 1352 in
359 1288 411 1351 itio
434 1304 560 1371 genere,
586 1288 666 1353 siout
689 1288 768 1371 ignis
792 1288 843 1373 qui
885 1289 916 1352 in
939 1288 1000 1353 dne
1037 1286 1144 1353 calidi·

212 1378 281 1441 tntis
304 1389 352 1441 est
374 1396 466 1440 eausa
490 1375 602 1441 eoloris
627 1378 658 1441 in
683 1377 777 1441 rebus
815 1374 932 1457 calidis,
956 1390 989 1442 ut
1025 1377 1057 1441 in
1095 1396 1144 1443 se·

213 1466 316 1531 eundo
338 1464 618 1551 Metaphysiooaum
643 1464 764 1543 dicitur,
780 1464 851 1531 ideo
866 1465 1144 1551 substantia,quae

216 1568 262 1620 est
285 1554 470 1642 principium
495 1554 527 1617 in
550 1572 665 1639 genere
689 1554 779 1633 entis,
796 1554 1146 1619 maximeetterissime

159 1661 161 1664 ’
213 1645 379 1709 essentiam
403 1643 535 1720 habens,
559 1656 681 1728 eportet
705 1642 789 1729 quod
825 1642 865 1707 sit
887 1660 979 1707 eausa
1003 1640 1146 1707 acciden-

214 1733 290 1797 tium
307 1752 387 1821 quoe
410 1732 597 1796 secundario
623 1744 654 1795 et
677 1732 763 1816 quasi
788 1730 960 1797 secundum
998 1730 1073 1817 qnid
1096 1752 1146 1797 ra·

216 1824 332 1886 tiottem
356 1820 436 1885 entis
460 1821 655 1907 participant.
679 1820 770 1901 Quod
810 1834 911 1884 tomen
936 1819 1144 1885 diversimode

215 1910 376 1996 contingit3
399 1910 471 1996 quia
496 1910 578 1973 enim
603 1924 703 1996 partes
725 1909 911 1973 snbstantias
934 1924 1004 1974 sunt
1017 1911 1145 1975 materia

216 2012 247 2062 ει
263 1999 373 2078 forma,
397 2000 467 2064 ideo
490 1999 644 2084 quaedam
668 1999 835 2064 accidentia
851 1996 1058 2084 principaliter
1068 2019 1146 2066 oon-

219 2102 393 2174 sequuntur
414 2087 559 2165 formam,
580 2100 612 2152 et
635 2087 786 2172 quaedam
811 2088 983 2154 materiam.

284 2177 396 2242 Forma
419 2187 524 2241 autem
548 2177 703 2241 inuenitur
726 2177 828 2265 atiquo
851 2175 940 2262 cujus
977 2191 1045 2240 esse
1078 2189 1145 2236 non

219 2264 374 2352 dependet
395 2286 414 2329 a
437 2265 575 2342 materia,
599 2278 633 2329 ut
656 2267 759 2332 anima
795 2264 1023 2342 intelicctuaiis3
1046 2273 1146 2328 mate-

219 2354 264 2418 ria
287 2373 362 2420 vero
382 2373 446 2419 non
469 2353 564 2420 habet
586 2369 655 2420 esse
689 2355 746 2420 nisi
786 2373 842 2442 pec
878 2353 1022 2420 iotmom.
1058 2349 1148 2416 Unde

216 2445 249 2508 in
273 2443 484 2520 accidentibus
507 2461 588 2528 quae
610 2457 783 2529 sequuntur
804 2442 937 2508 formam
961 2456 1008 2510 εει
1030 2439 1148 2526 aliquid

217 2532 302 2617 quod
325 2553 388 2597 non
413 2533 506 2597 habet
530 2533 845 2596 communicationem
869 2551 941 2597 eunt
957 2530 1148 2606 materiam

217 2621 400 2706 intelligere,
423 2622 508 2707 quod
531 2639 595 2685 non
616 2633 663 2686 εει
695 2636 752 2708 pet·
786 2639 944 2706 organum
974 2616 1148 2706 corporale,

218 2710 297 2775 sicut
319 2711 430 2796 probat
452 2709 658 2794 Philosophus
681 2707 750 2796 (de
788 2709 908 2788 Anima,
947 2709 1009 2792 5);
1043 2707 1146 2792 aliqua

218 2817 293 2863 veto
314 2819 353 2864 ex
374 2798 634 2884 consequentibus
658 2797 791 2864 iotmam
814 2810 896 2876 sunt,
925 2817 1006 2884 quae
1030 2795 1150 2861 haitent

218 2887 531 2952 communicationem
552 2905 625 2951 oum
650 2888 833 2963 materiam
851 2889 979 2964 sentire3
997 2884 1053 2952 sed
1077 2883 1148 2949 nul·

218 2976 283 3041 lum
308 2975 450 3041 accidens
473 2977 617 3061 sequitur
641 2975 802 3042 materiam
836 2976 902 3040 sine
937 2973 1150 3042 communion·

220 3067 303 3129 tione
328 3063 458 3130 formae.
1038 3134 1042 3140 ,

287 3153 318 3218 in
343 3154 390 3220 his
414 3168 519 3218 tamen
543 3150 754 3220 accidentibus
769 3171 849 3239 quae
865 3148 1027 3216 materiam
1042 3167 1153 3216 cooae-

220 3258 356 3327 quuntur
371 3243 525 3308 inuenitur
539 3240 694 3327 quaedam
707 3241 875 3307 ditensitast
889 3239 1050 3324 Quaedam
1062 3237 1151 3304 enim

220 3332 387 3397 occidentia
404 3344 638 3416 consequuntur
647 3331 808 3396 materiam
824 3327 997 3396 secuudum
1007 3326 1152 3394 ordinem

221 3439 315 3503 quem
339 3421 432 3484 habet
455 3420 506 3506 ti)
530 3417 570 3484 ad
593 3417 728 3484 sormam
751 3417 930 3506 specialem,
972 3431 1006 3484 ut
1027 3435 1152 3482 maseu-

273 3521 312 3590 (i)
333 3521 429 3591 Habet,
445 3523 540 3594 suppio
556 3525 680 3576 muteris.
