2484 3975
206 195 272 261 ⁹288
305 254 307 259 .
498 217 553 263 tro.
577 218 614 263 n.
640 218 703 263 cto.
728 217 835 265 nuru.

206 296 365 372 peccatum
391 283 440 349 ille
464 290 515 371 qui
539 302 721 371 potestatem
744 288 854 373 accipit
876 285 1132 374 impeditutquo·

207 376 308 440 minus
334 390 527 439 sacramenta
552 374 731 461 dispensare
754 378 859 463 possit.

270 462 390 539 Adhuc,
414 462 513 527 Homo
537 463 649 531 dicitur
672 467 774 531 bouus
799 465 847 529 tel
881 462 981 529 malus
1018 486 1132 531 sccun-

205 550 279 617 dum
305 552 448 616 uirtutem
463 553 511 617 rel
535 554 654 631 vitium,
666 575 746 640 quae
762 573 834 618 sunt
850 553 972 619 habitus
989 555 1131 639 quidam.

204 640 330 706 Habitus
353 654 457 705 autem
482 662 498 705 a
522 643 661 727 potentio
686 644 717 707 in
742 642 801 707 lroc
825 642 925 706 differt
950 643 1032 727 quod
1070 664 1130 729 per

204 731 372 815 potentiam
388 750 495 795 sumus
509 744 649 815 potentes
661 731 776 819 aliquid
791 729 901 807 lacere,
914 751 969 816 per
985 732 1129 796 lraltitum

204 834 306 883 autem
325 839 386 882 non
405 818 567 883 reddimur
590 836 730 906 potentes
754 820 793 887 ad
806 818 921 905 aliquid
938 818 1133 897 laciendum,

203 908 257 971 sed
282 907 400 971 habiles
423 908 469 971 vel
494 908 646 975 inhabiles
669 911 708 973 atl
721 908 753 973 id
766 908 849 994 quod
863 928 1027 994 possumus
1047 909 1130 972 bene

205 995 253 1062 vel
276 996 356 1060 male
380 997 547 1079 agendum;
571 1018 627 1083 per
650 1000 789 1063 habitum
813 998 906 1081 igitur
940 1017 1002 1061 non
1037 997 1132 1061 datur

204 1105 305 1170 neque
330 1084 445 1149 tollitur
462 1085 550 1161 nobis
574 1085 692 1173 aliquitl
716 1106 816 1174 posse,
839 1086 894 1149 scd
919 1085 978 1150 lroc
1000 1106 1057 1173 per
1073 1087 1131 1150 tra-

204 1173 302 1237 bitum
328 1173 514 1259 acquirimus
538 1190 570 1239 ut
594 1175 674 1241 bene
698 1176 745 1240 vel
770 1173 1131 1259 maleuliquidagamus.

204 1261 271 1325 Non
295 1262 398 1347 igitur,
421 1282 458 1327 et
482 1264 541 1329 hoc
564 1266 648 1350 quoti
671 1266 781 1351 aliquis
804 1278 851 1327 est
874 1263 973 1327 bonus
998 1264 1046 1326 rcl
1062 1283 1131 1326 ma-

204 1352 261 1429 lus,
284 1365 330 1415 est
354 1364 462 1436 potens
489 1354 535 1417 vel
560 1355 714 1439 impotens
738 1354 777 1417 ad
801 1351 1044 1438 dispensandum
1080 1373 1131 1416 so-

203 1455 370 1519 crcmcnte3
395 1440 450 1505 sed
473 1441 604 1507 idoneus
630 1444 677 1509 tel
701 1463 763 1508 non
798 1440 928 1506 idoneus
967 1441 1005 1505 ad
1046 1440 1131 1506 beno

202 1528 456 1616 dispensandum.

268 1618 418 1705 Amplius,
442 1618 533 1701 Quod
557 1619 673 1704 agitio
698 1620 808 1685 virtute
830 1616 957 1683 alterius
979 1638 1042 1681 non
1078 1638 1129 1683 us·

201 1707 316 1773 similat
338 1707 395 1771 sibi
420 1708 548 1793 patiens,
572 1708 627 1774 sed
652 1706 811 1795 principali
836 1710 950 1791 agenti
965 1708 1129 1773 nonenim

201 1795 313 1863 domus
336 1796 521 1861 assimilatur
537 1799 748 1863 instrumentis
771 1797 883 1881 quibus
899 1794 1006 1860 artifex
1020 1797 1129 1875 utitur,

200 1885 255 1950 scd
278 1886 334 1949 arti
358 1886 462 1971 ipsius.
486 1886 614 1951 Ministri
637 1902 741 1951 atatem
765 1886 918 1950 Ecclesiae
956 1887 987 1948 iu
1022 1905 1127 1949 sacta·

201 1976 312 2040 mentis
337 1995 399 2038 non
423 1991 520 2060 agunt
543 1978 572 2040 in
597 1978 707 2041 virtute
732 1976 866 2062 propria,
889 1973 943 2039 sed
968 1975 999 2038 in
1014 1976 1128 2040 virtute

201 2063 322 2143 Christi,
345 2065 384 2128 de
410 2083 471 2148 quo
496 2066 615 2130 dicitur:
639 2065 754 2129 Hicest
775 2064 828 2148 qui
841 2063 1129 2146 baptizotloann„

202 2153 232 2228 l,
255 2153 308 2230 553
333 2151 416 2218 undo
439 2167 468 2217 et
491 2155 569 2219 sicut
604 2156 842 2222 instrumentum
881 2153 1010 2216 ministri
1030 2172 1128 2235 agere

199 2242 355 2318 dicuntum
397 2241 537 2314 minister
571 2245 656 2309 enlm
687 2257 733 2308 est
770 2244 849 2306 sicut
883 2241 1125 2306 instrumentum

199 2333 380 2396 animatum.
405 2327 472 2394 Non
497 2333 588 2416 igitur
612 2331 727 2397 malitia
752 2331 964 2396 ministrorum
997 2329 1127 2414 impedit

199 2421 274 2506 quin
308 2419 415 2484 lideles
436 2419 567 2486 salutem
593 2442 648 2508 per
670 2432 863 2485 sacramenta
896 2429 1129 2505 consequantur

198 2509 370 2574 aCmmo

262 2597 437 2678 Praeterea,
461 2597 507 2661 De
531 2597 668 2663 bonitate
692 2597 740 2662 vel
764 2596 880 2663 mulitia
903 2594 1030 2661 alterius
1060 2593 1125 2658 ho-

196 2686 286 2752 minis
312 2686 408 2752 homo
428 2687 569 2774 judicare
593 2708 656 2751 non
680 2700 791 2772 potest;
816 2689 875 2749 hoc
915 2682 1002 2749 enim
1025 2683 1126 2748 solius

195 2773 252 2838 Dei
277 2790 331 2852 est,
355 2779 406 2861 qui
431 2776 550 2842 occulta
574 2775 676 2840 cordis
699 2775 838 2840 rimatur.
862 2773 894 2838 si
926 2773 1020 2857 igitur
1056 2793 1126 2836 ma-

195 2861 258 2928 litia
271 2865 402 2931 ministri
418 2864 568 2952 impedire
582 2862 880 2948 possetsacramenti
893 2861 1047 2938 ell'ectum,
1059 2881 1125 2926 non

196 2969 298 3037 posset
313 2953 406 3018 homo
420 2956 535 3019 habere
548 2951 693 3018 suluciam
706 2965 822 3016 certam
834 2952 934 3016 desua
947 2948 1124 3026 solutc,nctt

194 3042 382 3106 conscientia
405 3043 471 3128 ejus
495 3055 671 3106 remaneret
695 3040 792 3106 libera
817 3061 834 3105 a
859 3038 1137 3126 peccatolncoru.

195 3131 437 3214 veniensigitur
460 3129 581 3194 videtur
605 3131 688 3216 quod
711 3150 800 3216 spem
834 3149 909 3194 sune
943 3125 1050 3193 solutis
1087 3128 1120 3192 iu

194 3216 330 3283 bonitate
354 3219 421 3304 puri
448 3219 581 3284 hominis
605 3221 674 3304 quis
692 3231 798 3306 ponat,
813 3218 924 3282 dicitur
939 3216 1033 3282 enim:
1050 3213 1134 3288 Mu„

194 3307 324 3372 ledictus
346 3308 435 3372 ltorno
459 3311 511 3392 qui
534 3308 659 3392 confidit
681 3310 714 3370 iu
736 3307 869 3383 lromt'ne,
900 3306 1027 3384 ierem,
1065 3304 1135 3383 t7,.

194 3393 224 3458 ll.
249 3395 279 3460 Si
304 3409 407 3460 autem
433 3397 528 3461 ltomo
544 3395 676 3462 salutem
689 3399 836 3482 consequi
854 3415 910 3482 per
921 3408 1119 3461 sacramenta

194 3502 258 3576 non
279 3497 428 3574 speraret,
453 3487 510 3550 nisi
534 3507 551 3551 a
576 3487 659 3574 bono
683 3486 829 3574 ministro
847 3487 1034 3576 tlispenscto,
1074 3484 1134 3554 tri·,
