2484 3975
332 249 387 294 nn
410 245 450 292 ra.
475 247 538 294 can.
562 248 609 293 xn
619 251 653 293 rr.
679 249 713 294 ar
736 248 798 297 nx.
976 227 1019 296 ut

102 317 233 406 Spiritus
257 328 360 383 autem
384 316 524 395 Sanctus,
546 337 619 382 eum
647 318 732 382 Deua
769 312 818 395 sit,
853 337 1019 403 persuum

103 407 306 474 substantiam
331 418 467 471 mentem
493 406 642 471 inhabitat
666 420 696 470 ct
718 407 764 470 sui
790 407 1020 492 participatione

101 493 202 562 bonos
224 493 306 571 laeit;
322 495 388 581 ipsc
411 493 612 560 estenimsua
638 493 769 572 bonitas,
782 513 853 558 oum
875 495 1021 574 sitlleus3

102 584 187 672 quod
208 583 248 649 de
270 583 353 649 nulla
375 595 515 647 creatora
539 603 646 648 verum
669 602 737 648 csse
760 594 866 669 potest.
890 581 954 648 Nec
975 596 1020 648 ta·

102 693 175 738 men
200 692 258 759 per·
279 673 338 736 boc
361 683 536 736 removetur
570 672 644 757 quin
680 691 735 758 per
769 671 912 737 ellectum
946 691 1021 737 suae

101 761 223 828 uirtutis
241 760 425 826 Sanctorum
452 759 576 845 impleat
598 775 728 826 mentes.

397 935 591 1044 'uleus
623 937 702 1004 XlX.

108 1113 268 1196 Quomodo
289 1115 585 1268 intellipendrbannz
603 1134 683 1200 quoe
702 1115 743 1180 dc
766 1112 887 1199 Spiritu
902 1114 1018 1184 Soneio

502 1225 571 1270 econ
585 1225 634 1270 nr.

171 1379 351 1448 Sanctarum
374 1379 467 1465 igitur
488 1379 717 1468 Scripturarum
738 1380 920 1448 testimoniis
942 1381 1016 1448 edo·

104 1468 158 1548 eti,
181 1470 240 1536 boc
263 1471 392 1536 firmiter
415 1469 591 1558 despicite
614 1469 726 1534 Sancto
760 1484 901 1536 tenemus
937 1470 1020 1558 quod

104 1579 198 1626 neres
220 1559 259 1624 sit
280 1560 365 1623 Deus
387 1557 557 1623 subsistens
580 1572 611 1623 et
632 1559 835 1645 personaliter
862 1559 1023 1626 distinctus

108 1668 127 1714 a
151 1647 241 1713 Patre
263 1661 294 1713 et
315 1647 402 1712 Filio.
425 1645 555 1734 Oportet
565 1659 670 1712 autem
685 1647 882 1714 considerare
891 1648 1023 1733 qualiter

105 1735 287 1820 hujusmodi
311 1735 421 1800 veritas
444 1737 587 1823 utrinque
623 1736 720 1821 accipi
756 1734 878 1815 debeat,
915 1751 949 1802 ot
982 1737 1022 1802 ab

106 1823 870 2001 ¹¹¹¹ttulit'‘ttrttlltl‘j”titillent
891 1913 974 2001 aaa
990 1913 1023 1978 a

103 2000 245 2087 quelibet
267 2002 463 2067 intellectuali
484 2016 593 2068 nature
617 2014 738 2090 oportet
761 2004 890 2068 inveniri
917 2004 1025 2069 volun·

107 2102 212 2155 tatem.
236 2091 407 2156 Intellectus
430 2091 513 2157 enim
536 2093 570 2157 lit
593 2091 625 2156 in
647 2106 717 2157 actu
742 2112 800 2179 per
820 2091 954 2158 formem
977 2093 1024 2157 in·

107 2178 311 2262 telligibilem,
348 2181 530 2266 inquantum
564 2194 610 2245 est
643 2180 826 2266 intelligens,
862 2182 942 2246 sicut
974 2200 1025 2246 ree

106 2267 255 2334 naturalis
278 2269 313 2333 lit
334 2282 403 2333 netu
440 2270 471 2333 in
505 2290 573 2335 csse
610 2269 741 2335 naturali
775 2288 833 2356 pcr
868 2269 1024 2357 propriam

108 2354 253 2421 formam.
278 2357 337 2422 llas
359 2371 461 2421 autem
485 2358 633 2423 naturalis
654 2378 711 2443 per
729 2356 933 2443 formamque
956 2376 1026 2444 pcr·

107 2442 211 2510 licitur
233 2446 264 2509 in
287 2466 341 2511 stra
364 2447 466 2531 speeie
489 2446 582 2511 babet
597 2445 826 2511 inclinationem
842 2446 873 2510 in
886 2447 1025 2533 proprius

109 2534 306 2618 operationes
328 2546 356 2599 ct
380 2535 540 2621 proprium
564 2533 669 2610 finem,
690 2549 785 2621 quem
823 2552 879 2620 per
916 2552 1027 2620 opere·

108 2620 209 2687 tiones
230 2624 439 2709 consequitor,
460 2623 551 2709 quale
571 2622 656 2687 enim
693 2636 739 2687 cet
773 2624 1026 2709 unumquodque,

108 2708 181 2776 telin
203 2725 348 2799 operetur
369 2723 400 2777 et
421 2712 452 2775 in
473 2712 532 2777 sibi
554 2710 766 2777 conuenientia
800 2710 907 2775 tendit.
940 2710 1027 2778 unte

108 2798 204 2865 etiam
226 2813 348 2888 oportet
359 2800 441 2885 qnod
458 2819 495 2865 er
510 2799 610 2865 sonna
626 2798 807 2885 intelligibili
821 2814 1027 2887 corneqnntnt

109 2888 145 2955 iu
167 2889 357 2975 intelligente
377 2888 533 2954 inclinatio
555 2888 593 2955 ad
618 2890 757 2977 propriae
779 2889 973 2975 operationes
994 2900 1027 2955 et

110 2980 273 3065 proprium
296 2978 402 3043 linem.
424 2978 507 3045 llaec
529 2991 633 3043 autern
655 2976 814 3043 inclinatio
850 2976 883 3041 in
906 2976 1028 3043 intelle·

110 3067 203 3133 otnali
226 3082 334 3133 natura
356 3066 498 3132 voluntas
520 3080 577 3144 est,
599 3084 680 3152 qnae
701 3079 748 3131 cat
769 3065 953 3153 principium
991 3086 1027 3131 o·

110 3155 307 3241 perationem
328 3176 409 3243 quae
437 3156 469 3220 in
492 3154 582 3220 nobis
603 3168 686 3229 snut,
708 3154 821 3240 quibtn
855 3153 1027 3221 intellectus

111 3258 238 3331 propter
260 3244 355 3309 linem
378 3257 534 3331 operatum
558 3242 629 3308 linis
649 3243 733 3308 enirn
755 3255 788 3306 et
823 3241 942 3307 bonum
977 3257 1025 3309 cst

107 3332 275 3401 voluntatis
296 3332 462 3417 objectum.
483 3330 612 3419 Oportet
633 3330 727 3414 icitur
764 3330 796 3395 in
818 3330 957 3417 quolibet
978 3332 1028 3398 itt·

109 3420 268 3507 telligente
288 3421 419 3486 inveniri
440 3420 533 3485 etiam
556 3436 586 3486 et
607 3420 807 3486 voluntatem.

177 3510 256 3578 Cum
276 3524 380 3577 autem
390 3508 431 3577 ad
441 3508 630 3579 volontatem
644 3510 749 3601 puras
761 3520 850 3579 tetus
862 3506 1021 3599 purtim
