2484 3975
209 221 273 289 560
300 259 304 272 ·
342 176 347 189 ·
573 240 743 291 oruscmmt

207 327 238 378 et
260 331 321 378 non
345 312 565 390 universalium
589 330 618 378 et
642 316 779 385 ulterius,
801 310 895 396 quod,
917 311 942 376 si
965 324 1012 376 est
1027 310 1127 380 forma
1229 334 1230 349 ¹

207 401 384 480 materialis,
408 422 469 466 non
493 421 538 468 εει
577 403 728 468 intellecta
751 404 782 467 in
805 414 873 466 actu
910 400 1019 487 (nulla
1043 405 1126 483 enim

207 487 306 557 iorma
330 490 495 555 materialis
529 505 574 556 εει
598 493 749 556 intellecta
778 489 809 553 iu
833 491 941 574 actu),
963 491 1057 555 etita
1080 493 1129 555 in-

176 619 178 626 ·
208 578 346 644 tellectns
370 599 431 644 non
456 581 565 665 poterit
588 597 621 646 se
645 580 826 662 intelligere
852 578 936 665 quod
959 591 1006 643 est
1028 581 1128 644 maui-

205 665 282 738 l'esle,
304 667 426 733 lalsnm.
452 667 567 736 llorum
592 684 696 734 autern
711 667 825 733 solutio
864 680 996 754 apparet
1017 687 1056 733 ex
1079 669 1127 732 lais

108 777 111 784 ’
205 775 285 842 qnae
309 757 475 843 praemissa
498 771 579 822 sant.
603 758 672 824 Non
706 759 789 822 enim
825 754 957 820 dicimus
990 758 1127 822 animam
1229 774 1230 821 ζ

206 845 374 911 humanam
398 865 465 910 este
488 845 619 913 sormam
644 848 782 933 corporis
812 845 985 911 secundnm
1008 845 1127 911 intelle·
1229 856 1230 861 ’

206 933 317 1000 stiram
340 936 519 1020 potentiam,
542 957 632 1022 qnae,
654 935 826 1000 secundum
851 934 1024 998 doctrinam
1047 936 1127 999 Aris·

207 1023 319 1099 tutelis,
342 1023 453 1088 nullius
476 1026 583 1109 organi
606 1037 692 1090 actus
715 1022 1126 1110 est311aderemanetqaod

206 1111 320 1188 anima,
344 1125 492 1197 quantum
530 1113 568 1177 ad
607 1113 821 1178 intellectivam
861 1111 1055 1198 potentiam,
1089 1115 1128 1176 sit

206 1200 415 1266 immaterialis
439 1213 469 1266 et
503 1202 744 1266 immaterialiter
767 1202 918 1286 recipiens
939 1213 970 1264 et
992 1201 1126 1286 seipsam

207 1287 387 1376 intelligens.
413 1289 499 1354 Unde
522 1304 571 1354 ει·
586 1291 763 1355 Aristoteles
786 1292 945 1373 signanter
978 1288 1054 1354 dicit
1088 1289 1127 1353 de

206 1377 308 1444 aniana
332 1377 414 1463 quod
438 1394 484 1442 est
506 1378 591 1444 loeas
617 1380 803 1466 specierum,
826 1399 889 1444 non
911 1391 985 1454 tota,
1008 1377 1065 1442 sed
1081 1379 1127 1442 in-

206 1465 353 1530 tellectus.
390 1500 392 1504 ·

271 1553 302 1619 Si
326 1567 430 1618 antem
453 1569 557 1620 contra
592 1556 651 1622 hon
674 1554 838 1640 obliniatur
870 1554 953 1640 quod
990 1555 1127 1641 potentia

206 1643 328 1708 animae
351 1663 413 1708 non
437 1657 537 1731 potest
558 1665 626 1710 esse
643 1644 874 1710 immaterialior
889 1657 942 1708 ant
956 1642 1127 1730 simplicior
1229 1708 1230 1717 ,

205 1752 298 1818 quarn
322 1731 388 1819 ejas
411 1736 553 1809 essentia,
577 1735 691 1820 optime
724 1733 905 1820 procederet
929 1732 954 1796 si
990 1734 1126 1798 essentia
1229 1724 1230 1801 i

205 1822 328 1886 animae
351 1826 505 1888 humanae
529 1824 572 1887 sic
595 1836 675 1886 esset
690 1821 788 1888 lorma
806 1821 951 1886 materiae
963 1822 1047 1906 qnod
1063 1843 1126 1886 non
1229 1848 1230 1851 ¹

206 1925 262 1996 per
283 1929 318 1974 se
340 1929 407 1976 esse
430 1929 519 1974 sunm
536 1925 627 1989 esset,
642 1911 698 1975 sed
713 1931 768 1997 per
782 1931 851 1976 esse
865 1910 1038 1997 compositi,
1049 1912 1128 1976 sicat

205 2010 251 2062 est
273 1996 313 2063 de
336 1998 403 2065 aliis
426 1999 531 2065 formis
553 2020 634 2086 quae
656 2002 828 2065 secundnm
851 2021 885 2065 se
907 2020 966 2065 nee
987 2020 1057 2065 esse
1068 2020 1127 2065 nec

205 2087 416 2173 operationem
441 2088 554 2154 liabent
578 2104 699 2175 praeter
725 2090 1036 2155 communicationem
1059 2110 1125 2153 ma-

206 2177 309 2255 teriae,
331 2196 411 2263 qnae
423 2193 548 2264 propter
560 2178 618 2243 hou
635 2179 799 2243 immersae
811 2178 957 2242 materiae
969 2178 1126 2244 dionntnr.

204 2265 312 2329 Anima
336 2278 439 2330 antem
463 2266 607 2343 humana,
636 2268 707 2353 qnia
740 2266 910 2332 secundum
933 2288 1024 2333 snum
1058 2286 1126 2331 esse
1229 2255 1230 2314 Ϊ

202 2368 249 2418 εει
270 2352 440 2419 lormacni
464 2354 636 2442 aliqualiter
665 2358 875 2420 communicat
909 2357 1036 2420 materia
1061 2374 1124 2419 non

205 2442 336 2507 totaliter
358 2445 626 2530 cornpreltendens
650 2445 759 2529 ipsam,
781 2465 820 2508 eo
846 2444 930 2529 qnod
955 2444 1059 2527 major
1077 2458 1127 2508 est

188 2530 334 2615 dignitas
354 2532 460 2618 ,hujus
494 2531 611 2597 lamnae
645 2552 738 2619 quam
776 2533 927 2619 capacitas
965 2533 1126 2610 materiae,

204 2619 279 2685 nihil
302 2622 445 2707 prohibet
469 2623 541 2707 quin
555 2622 678 2687 habeat
699 2622 833 2706 aliquam
846 2622 1059 2708 operationem
1075 2620 1125 2686 ael
1229 2705 1230 2714 ἵ

203 2709 346 2782 virtutem
368 2710 408 2774 ad
431 2728 523 2797 quam
547 2711 675 2775 materia
700 2731 763 2776 non
784 2712 915 2795 attingit.

241 2800 242 2803 ’
269 2797 448 2865 Consideret
470 2814 574 2863 antem
597 2802 649 2885 qui
674 2801 733 2865 hoc
770 2800 845 2863 dicit
876 2796 971 2885 quod,
1002 2798 1028 2867 si
1064 2798 1126 2864 lroc

202 2884 419 2951 intellectivam
443 2889 637 2974 principium,
659 2908 721 2974 qno
744 2908 799 2952 nos
816 2888 1027 2972 intelligimus,
1041 2900 1124 2952 esset

199 2976 371 3045 secondum
394 2995 460 3040 esse
493 2990 668 3061 separatam
693 2992 723 3042 ει
745 2977 922 3063 distinctam
945 2975 984 3039 ab
1018 2977 1122 3042 aniam

200 3082 280 3147 quae
302 3077 349 3129 est
371 3064 507 3151 corporis
537 3067 634 3129 nostri
657 3065 767 3140 lorma,
790 3079 872 3130 esset
893 3066 1064 3129 secandum
1086 3086 1121 3129 sc

143 3232 145 3245 ,
174 3222 183 3233 ¹
200 3151 374 3237 intelligens
396 3167 426 3217 ει
449 3151 647 3230 intellectum
664 3175 721 3220 nec
733 3154 920 3241 quandoque
935 3153 1122 3235 intelligeret

199 3244 385 3328 quandoque
409 3260 482 3319 non;
511 3258 613 3328 neque
636 3244 728 3308 etiam
752 3244 904 3327 indigeret
927 3255 960 3307 ut
982 3243 1120 3327 seipsam

198 3343 398 3413 cognosceret
432 3350 487 3418 per
513 3331 713 3417 intelligibilia
736 3346 766 3396 et
789 3352 844 3417 per
866 3346 962 3409 actus,
984 3331 1039 3396 sed
1064 3350 1120 3417 per

198 3418 361 3483 essentiam
383 3440 482 3496 anam,
505 3421 583 3485 sicut
620 3420 698 3486 aliae
730 3421 918 3485 substantiae
949 3434 1119 3505 separatam

192 3500 300 3591 'neque
322 3507 414 3572 etiam
438 3510 715 3576 esseteonteniens
729 3510 813 3595 quod
829 3508 869 3575 ad
881 3508 1117 3595 intelligendam
