2484 3975
212 223 277 290 tta
589 235 761 291 ornscut'uu

209 315 264 381 sed
289 313 328 380 ab
353 314 419 402 ipsu
443 312 598 380 intellectu
624 316 738 392 divino,
770 329 925 400 tamquam
950 311 1138 390 obsideri,

210 405 396 492 proveniunt
419 405 537 490 speeies
561 405 768 490 intelligibiles
785 403 822 467 ad
841 404 1010 469 intellectus
1035 407 1140 486 Auge·

208 493 320 568 lorum;
342 494 381 558 ad
406 493 594 559 intellectum
618 511 721 559 autern
754 495 937 569 humanum,
961 513 978 556 a
1002 492 1138 558 sensibi-

208 581 287 648 libus
311 584 403 648 rebus
426 603 482 668 per
505 583 658 647 actionem
682 581 856 647 intellectus
880 583 1006 666 agentis.

273 670 410 736 Tertiam
434 691 508 736 vero
533 672 683 736 rationem
716 673 836 736 solvere
860 670 947 734 l'acilc
971 681 1027 735 est.
1050 667 1136 734 Nihil

208 760 293 824 enim
318 761 463 846 prohibet
485 760 600 847 aliquid
624 781 691 826 esse
727 760 887 825 fortuitum
921 775 951 825 et
989 757 1140 835 casuale,

96 838 100 848 ’
197 847 283 931 dum
306 848 439 933 reicitur
461 851 500 914 od
516 848 668 914 inferioris
684 851 801 934 agentis
818 849 1034 925 intentionem,
1046 845 1139 933 'quod

208 950 310 1002 tamen
334 938 505 1003 secuudum
528 937 697 1023 superioris
724 940 843 1022 egeritis
860 939 1064 1002 intentionem
1090 949 1139 1001 est

208 1026 410 1104 ordinatum3
435 1027 512 1092 sicut
543 1041 625 1112 patet
649 1028 673 1091 si
697 1026 805 1110 aliquis
830 1027 975 1090 insidiose
998 1026 1137 1110 aliquem

209 1115 308 1179 mittat
331 1117 370 1180 ad
394 1116 496 1180 locum
522 1117 573 1181 ubi
598 1117 673 1180 suist
704 1136 771 1180 esse
795 1115 928 1179 latrones
944 1114 993 1180 rel
1018 1117 1138 1191 hostes,

207 1220 339 1288 quorum
364 1225 509 1269 occursus
532 1219 578 1268 est
603 1205 733 1269 casualis
757 1205 783 1268 ei
807 1206 860 1290 qni
884 1203 1022 1280 mittitur,
1048 1219 1138 1290 utpo-

208 1307 238 1356 te
260 1307 383 1378 praeter
406 1296 608 1359 intentionem
636 1294 702 1379 ejus
740 1293 895 1370 existens;
926 1313 987 1356 nun
1011 1305 1059 1356 est
1082 1313 1139 1356 ou·

207 1395 269 1444 tens
294 1383 424 1460 casualis
447 1384 474 1447 ei
499 1386 551 1470 qui
576 1385 634 1447 hoc
659 1384 884 1468 praecogitavit.
897 1381 947 1446 Sic
970 1382 1065 1466 igitur
1088 1385 1136 1445 ui·

207 1469 251 1562 lril
275 1472 420 1556 prohibet
442 1472 542 1558 aliqua
567 1473 691 1537 lortuito
709 1472 755 1536 vel
768 1472 936 1536 casualiter
951 1474 999 1556 agi
1022 1489 1138 1536 secun·

205 1558 280 1623 dum
305 1579 443 1645 eaquae
467 1563 620 1649 pertinent
645 1563 682 1626 ad
709 1561 877 1625 humanum
900 1560 1136 1644 cognitionem,

205 1667 285 1733 quae
308 1662 411 1714 tamen
435 1665 506 1717 sunt
528 1649 700 1718 secundum
735 1649 869 1714 divinam
904 1649 1135 1736 providentium

205 1736 357 1802 ordinata.
1225 1743 1226 1758 ¹

271 1825 407 1908 Quartae
429 1844 505 1892 aero
527 1825 653 1892 rationis
691 1825 876 1904 solutionem
910 1846 947 1890 ex
971 1825 1029 1891 hoc
1055 1827 1145 1891 accim

206 1934 280 2000 pere
303 1935 467 2003 possumus
490 1917 573 2001 quod
599 1917 789 1980 necessarius
805 1915 1030 1981 consecutionis
1056 1915 1136 1980 ordo

205 2003 330 2070 effeetus
354 2005 393 2069 ad
417 2002 541 2070 causam
565 2005 761 2093 accipiendus
778 2020 824 2070 est
838 2004 1009 2070 secundum
1038 2006 1136 2071 ratiu-

206 2112 277 2157 nem
300 2114 421 2159 causae.
446 2094 513 2159 Non
537 2096 621 2159 enirn
645 2096 850 2159 omnisuausa
875 2095 986 2159 eadem
1010 2094 1135 2159 ratione

205 2182 347 2268 producit
370 2182 527 2259 ellectunr;
550 2184 605 2247 sed
629 2204 720 2249 causa
746 2183 894 2249 staturalis
919 2200 974 2270 per
998 2182 1136 2247 lormam

204 2272 376 2336 naturalem
400 2292 571 2359 perquam
595 2286 641 2337 est
664 2288 755 2351 actu3
781 2274 863 2337 unde
900 2284 1023 2358 oportet
1046 2272 1136 2359 quud

204 2379 299 2443 agens
323 2361 471 2438 naturale,
494 2360 585 2446 quale
608 2362 709 2449 ipsum
734 2375 800 2441 est,
835 2360 894 2427 tale
918 2361 1070 2447 producat
1102 2375 1137 2427 et

203 2448 347 2513 alterum.
371 2456 471 2534 Agens
495 2464 597 2514 antem
623 2450 771 2515 rationale
810 2450 952 2537 producit
985 2449 1136 2517 ellectum

202 2539 374 2603 secundum
399 2540 551 2603 rationem
576 2538 694 2604 lormue
718 2538 890 2605 intellectae
913 2558 1005 2625 quam
1031 2540 1136 2604 inten-

202 2626 298 2691 ditio
323 2648 390 2692 esse
414 2628 580 2705 deducere;
595 2642 626 2692 et
649 2628 718 2693 ideo
742 2646 837 2710 agens
860 2648 915 2713 per
939 2625 1136 2694 intellectum

202 2715 263 2779 tale
285 2716 401 2801 aliquid
426 2716 566 2804 producit
591 2719 682 2803 quale
701 2716 844 2800 intelligit
867 2719 898 2780 in
922 2736 989 2781 csse
1014 2716 1138 2803 produ·

201 2804 346 2881 nendum,
369 2807 426 2869 nisi
451 2808 545 2870 virtus
567 2807 664 2870 uetita
686 2806 817 2870 deliciet.
848 2804 979 2869 Necesse
1002 2819 1135 2870 estou-

147 2902 150 2909 “
201 2905 263 2957 tem
287 2906 319 2957 ut
341 2892 564 2980 cujuscumque
587 2894 688 2959 virtuti
705 2894 866 2980 subjicitur
889 2893 1051 2973 productio
1076 2914 1134 2979 ge·

200 2982 282 3045 neris
305 2981 433 3067 alicujus
450 2984 487 3046 od
505 2983 586 3047 illius
609 2986 701 3047 etiam
719 2983 861 3047 virtutem
879 2984 1030 3069 pertineat
1053 3002 1131 3069 pro·

199 3070 313 3136 ducere
337 3071 417 3135 illius
440 3071 561 3155 gerteris
585 3072 774 3137 differentias
798 3074 960 3157 proprius3
986 3074 1077 3145 sicut,
1101 3074 1130 3137 si
1225 3074 1226 3143 l

198 3158 238 3223 nd
260 3160 395 3245 aliquem
420 3162 585 3246 pertineret
618 3161 804 3225 constituere
836 3158 1049 3245 triangulum,
1085 3162 1129 3226 ad

197 3269 270 3313 eum
294 3254 385 3313 etiam
411 3252 576 3335 pertineret
599 3253 785 3314 constituere
801 3250 988 3333 triangulum
1017 3252 1128 3335 aequi·

197 3335 327 3400 laterum
352 3338 399 3401 sel
423 3338 592 3401 isoscelem.
609 3338 821 3403 Necessarium
846 3352 949 3401 autern
973 3352 1004 3402 et
1028 3342 1133 3425 possi·

198 3423 259 3488 lsile
279 3439 351 3488 sunt
373 3427 514 3511 propriae
530 3426 718 3491 differentiae
739 3428 828 3503 entim
845 3428 928 3491 unde
952 3428 990 3491 ud
1008 3426 1129 3506 bourn,

196 3514 284 3595 cujus
307 3513 401 3579 uirtus
424 3527 469 3579 est
490 3516 615 3601 proprie
638 3516 815 3603 productiva
839 3515 940 3597 entis,
963 3517 1123 3604 pertinet,
