2484 3975
377 237 434 282 utu.
457 239 496 283 tv.
520 235 583 282 usn.
607 236 710 281 xxxvi.
944 219 1008 286 163

86 306 194 383 sativa,
217 303 271 370 sed
295 301 387 371 etiem
410 306 580 372 seeundum
604 305 724 371 diversa
748 305 907 393 principia,
939 310 1006 394 qui·

85 398 146 463 bus
167 415 264 461 unum
288 408 318 459 et
341 395 424 460 idem
448 394 621 480 subjeetum
659 409 816 478 operatur,
853 397 1007 482 aquibus

86 487 179 550 etiarn
215 484 410 570 operationes
445 484 580 569 speeiem
619 483 755 556 trahunt
791 482 902 550 Divina
934 506 1007 552 veru
1042 478 1048 488 ⁸

87 590 196 640 natura
220 573 317 638 muitu
341 572 409 658 plus
430 571 522 637 distat
545 572 584 637 ab
607 571 744 636 humane
767 591 861 655 quatu
883 587 1009 640 nutura·

84 663 127 728 iia
151 661 299 748 principia
325 661 479 726 humanae
503 675 631 726 naturae
654 660 693 726 ab
716 659 859 726 iutieetu.
883 661 933 728 Est
948 663 1006 747 igi·

74 768 138 817 tur
149 750 208 816 uiis
219 765 250 816 et
263 750 321 815 alia
335 750 474 815 voluutas
486 763 516 815 et
528 747 667 836 operatio
678 748 798 814 divinae
810 763 841 815 et
851 751 1010 817 humanae

86 854 218 904 naturae
241 840 271 904 in
296 838 428 917 Christo,
452 838 520 904 iicet
543 838 608 926 ipse
631 836 768 904 Christus
781 839 863 905 sitin
879 853 1008 927 utraque

90 942 198 994 natura
222 947 312 992 unus.

158 1016 244 1092 item,
267 1015 308 1080 Ex
332 1016 508 1081 austeritate
529 1015 705 1102 Scripturas
719 1014 880 1082 manifeste
901 1029 1006 1084 usten-

90 1105 175 1170 ditut·
196 1104 227 1168 iu
251 1103 371 1170 Christo
395 1103 471 1170 duas
494 1103 792 1172 voluntates‘tutsse.
817 1104 896 1169 Dicit
918 1108 1004 1172 euitn

92 1195 167 1279 ipse:
193 1193 342 1257 Deseendi
363 1195 402 1258 de
423 1194 520 1268 caelu,
542 1214 603 1258 nun
624 1205 661 1258 ut
679 1194 796 1278 facium
815 1195 1005 1260 uoluntatem

91 1302 202 1358 meum,
223 1283 278 1346 sed
298 1283 485 1348 voluntatem
509 1283 649 1366 ejusqui
670 1283 756 1348 misit
785 1303 844 1359 me,
880 1283 1003 1363 dodun,

91 1371 123 1446 6,
146 1369 201 1444 5&
227 1384 268 1435 ets
289 1371 358 1437 Non
381 1392 450 1436 meu
471 1373 625 1449 voluntas,
647 1372 702 1436 ted
732 1383 785 1436 tua
816 1374 882 1457 fiat,
919 1372 1004 1453 Lus,

89 1459 144 1533 22,
168 1459 219 1524 tu.
243 1460 284 1524 Ex
307 1460 418 1546 quibus
442 1473 523 1545 patet
545 1463 631 1545 quud
653 1459 685 1525 in
708 1458 829 1526 Christe
844 1460 1006 1548 fuitquae·

89 1548 163 1613 dam
186 1548 327 1614 voluntas
349 1549 473 1636 propria
496 1549 572 1634 ejus,
596 1563 718 1634 praeter
740 1548 927 1614 veluntatem
950 1551 1007 1615 Pa·

89 1638 153 1702 tris.
176 1637 369 1702 Manifestum
393 1653 440 1702 est
463 1651 569 1703 autem
595 1637 679 1722 quud
702 1637 734 1701 in
757 1657 794 1702 eo
817 1636 873 1702 fuit
899 1639 1008 1704 uoluu-

90 1740 135 1790 tas
157 1725 310 1809 quaedam
333 1725 507 1792 cummunis
534 1725 592 1791 sihi
616 1739 647 1791 et
670 1726 763 1803 Patri3
796 1725 892 1791 Patris
925 1730 1009 1795 euim

90 1827 121 1879 et
144 1813 210 1878 Fiiii
235 1815 312 1878 sieut
334 1828 380 1880 est
404 1836 463 1880 una
490 1828 610 1891 natura,
634 1814 674 1879 ita
696 1814 790 1879 etiam
812 1827 858 1879 est
881 1836 941 1882 uua
958 1837 1010 1882 vu·

90 1902 200 1968 iuntus.
225 1901 303 1966 Sunt
325 1903 417 1988 igitur
439 1904 469 1968 iu
493 1901 614 1968 Christo
638 1901 718 1968 duae
741 1903 922 1972 voluntates.

157 1992 241 2057 idem
264 2005 367 2057 autem
397 2007 427 2057 et
460 1994 499 2059 de
537 1992 770 2079 operationibus
808 2007 902 2080 petet.
930 1994 1009 2061 Fuit

89 2079 173 2146 enim
197 2081 228 2146 in
250 2080 373 2146 Christo
396 2101 456 2146 una
478 2082 615 2164 operatio
638 2081 694 2163 sibi
718 2097 748 2147 et
772 2083 852 2149 Patri
868 2104 1008 2149 commu·

90 2170 148 2246 nis,
168 2189 240 2234 eutn
265 2170 330 2253 ipse
353 2169 446 2235 dieat:
471 2171 682 2254 Qttnecumque
705 2170 795 2237 Pater
826 2173 941 2255 (eterit,
975 2184 1007 2238 et

89 2259 166 2324 haee
188 2258 332 2322 similiter
354 2260 453 2322 Filius
475 2259 559 2341 seuit,
580 2258 703 2336 inanit„
727 2259 759 2333 tt,
774 2261 826 2326 tu.
839 2262 1002 2327 Estautem

90 2348 121 2411 iu
145 2367 184 2412 eo
206 2360 236 2411 et
258 2345 316 2410 alia
339 2347 477 2433 operatio
498 2367 577 2431 quse
591 2368 655 2413 uon
677 2349 820 2415 usuvenit
842 2349 934 2427 Patri,
969 2362 1004 2414 ut

90 2436 236 2514 dormire,
259 2435 386 2512 esurite,
408 2436 573 2501 comedet-e
594 2449 625 2501 et
647 2436 705 2502 alia
717 2438 906 2524 huiusmodi,
921 2458 1003 2523 quae

91 2523 228 2590 Christus
252 2524 428 2588 humanitus
451 2523 522 2588 feeit
543 2524 589 2589 vei
613 2545 720 2609 passus
745 2541 801 2603 est,
838 2540 872 2591 ut
904 2527 1001 2592 Evan-

89 2612 215 2699 gelistae
238 2612 371 2678 tradunt.
393 2612 460 2677 Nun
484 2611 575 2697 igitur
596 2609 653 2678 suit
674 2614 704 2677 iu
728 2612 849 2681 Christo
862 2637 922 2681 uua
935 2628 1003 2683 tan·

91 2718 156 2767 tum
180 2701 327 2786 operatio.

156 2787 284 2855 Videtur
304 2802 409 2855 autem
431 2789 508 2857 ineu
531 2791 641 2877 positio
662 2803 766 2857 ortum
789 2792 933 2860 habuisse
966 2813 1005 2861 ex

91 2878 152 2944 hoe
172 2877 257 2965 quod
279 2876 346 2963 ejus
368 2892 509 2945 auctores
531 2881 707 2945 nescierunt
721 2880 911 2967 distinguere
925 2884 1007 2949 inter

90 2966 120 3031 id
144 2966 228 3053 quod
252 2980 298 3031 est
320 2967 499 3053 simpliciter
522 2989 618 3033 unum
640 2981 672 3032 et
695 2969 804 3037 ordine
826 2991 934 3037 unum.
957 2972 1007 3037 Vi·

88 3056 201 3121 derunt
224 3056 307 3120 enim
331 3055 520 3121 voluntatem
544 3058 713 3123 humanam
738 3059 768 3124 in
792 3058 919 3125 Citristu'
943 3081 1009 3125 utu·

91 3144 165 3209 niue
187 3144 246 3209 sub
269 3144 425 3210 voluntate
448 3145 548 3210 diviua
565 3146 735 3213 ordinatam
749 3147 853 3225 fuisse,
869 3150 909 3212 ita
924 3149 1009 3234 quud

90 3232 168 3297 nihii
191 3233 347 3299 vuluntate
371 3234 504 3298 humana
529 3232 666 3300 Christus
689 3236 785 3301 voluit
805 3237 863 3300 nisi
898 3257 1010 3301 seeun-

91 3321 167 3386 dum
191 3321 273 3407 qund
297 3342 369 3387 eum
393 3322 471 3387 veile
494 3322 635 3388 voluntas
659 3322 761 3389 divina
785 3323 944 3410 disposuit.
961 3325 1009 3390 st·
1086 3361 1090 3371 =

90 3407 205 3473 miiiter
228 3410 320 3476 etiam
343 3409 420 3476 nihil
455 3408 592 3477 Christus
631 3412 803 3479 seeundum
838 3416 1007 3481 humanam
1042 3438 1046 3447 ·

91 3509 235 3565 naturam
256 3514 399 3590 operatus
421 3512 479 3583 est,
500 3499 548 3569 tei
570 3502 691 3589 agendo
714 3503 761 3573 tei
779 3503 1011 3593 paneadensi
