<?xml version="1.0" encoding="UTF-8"?>
<!DOCTYPE html PUBLIC "-//W3C//DTD XHTML 1.0 Transitional//EN"
    "http://www.w3.org/TR/xhtml1/DTD/xhtml1-transitional.dtd">
<html xmlns="http://www.w3.org/1999/xhtml" xml:lang="en" lang="en">
 <head>
  <title>
</title>
<meta http-equiv="Content-Type" content="text/html;charset=utf-8" />
  <meta name='ocr-system' content='tesseract 3.04.00' />
  <meta name='ocr-capabilities' content='ocr_page ocr_carea ocr_par ocr_line ocrx_word'/>
</head>
<body>
  <div class='ocr_page' id='page_1' title='image "./sanctithomaeaqu01thomgoog_0406.png"; bbox 0 0 2484 3975; ppageno 0'>
   <div class='ocr_carea' id='block_1_1' title="bbox 196 216 1135 1451">
    <p class='ocr_par' dir='ltr' id='par_1_1' title="bbox 197 216 750 281">
     <span class='ocr_line' id='line_1_1' title="bbox 197 216 750 281; baseline -0.009 0"><span class='ocrx_word' id='word_1_1' title='bbox 197 216 266 281; x_wconf 74' lang='lat' dir='ltr'><strong>tut</strong></span> <span class='ocrx_word' id='word_1_2' title='bbox 577 229 750 277; x_wconf 82' lang='lat' dir='ltr'><strong>oruscutuu</strong></span> 
     </span>
    </p>

    <p class='ocr_par' dir='ltr' id='par_1_2' title="bbox 196 298 1135 1451">
     <span class='ocr_line' id='line_1_2' title="bbox 196 298 1131 393; baseline -0.003 -23"><span class='ocrx_word' id='word_1_3' title='bbox 196 316 316 393; x_wconf 89' lang='lat' dir='ltr'><strong>partem</strong></span> <span class='ocrx_word' id='word_1_4' title='bbox 339 298 513 372; x_wconf 85' lang='lat' dir='ltr'><strong>lormalem;</strong></span> <span class='ocrx_word' id='word_1_5' title='bbox 535 310 566 364; x_wconf 88' lang='grc' dir='ltr'><strong>ει</strong></span> <span class='ocrx_word' id='word_1_6' title='bbox 589 300 660 365; x_wconf 91' lang='lat' dir='ltr'><strong>ideo</strong></span> <span class='ocrx_word' id='word_1_7' title='bbox 684 300 859 367; x_wconf 87' lang='lat' dir='ltr'><strong>humanitas</strong></span> <span class='ocrx_word' id='word_1_8' title='bbox 881 300 1072 384; x_wconf 78' lang='lat' dir='ltr'><strong>significatur</strong></span> <span class='ocrx_word' id='word_1_9' title='bbox 1097 313 1131 367; x_wconf 86' lang='lat' dir='ltr'><strong>ut</strong></span> 
     </span>
     <span class='ocr_line' id='line_1_3' title="bbox 197 386 1135 477; baseline -0.004 -18"><span class='ocrx_word' id='word_1_10' title='bbox 197 392 298 459; x_wconf 88' lang='lat' dir='ltr'><strong>iorma</strong></span> <span class='ocrx_word' id='word_1_11' title='bbox 321 390 485 477; x_wconf 83' lang='lat' dir='ltr'><strong>quaedam.</strong></span> <span class='ocrx_word' id='word_1_12' title='bbox 509 386 545 451; x_wconf 79' lang='lat' dir='ltr'><strong>lit</strong></span> <span class='ocrx_word' id='word_1_13' title='bbox 567 387 678 454; x_wconf 87' lang='lat' dir='ltr'><strong>dicitur</strong></span> <span class='ocrx_word' id='word_1_14' title='bbox 701 389 785 474; x_wconf 88' lang='lat' dir='ltr'><strong>quod</strong></span> <span class='ocrx_word' id='word_1_15' title='bbox 808 404 854 454; x_wconf 90' lang='lat' dir='ltr'><strong>est</strong></span> <span class='ocrx_word' id='word_1_16' title='bbox 892 388 992 455; x_wconf 85' lang='lat' dir='ltr'><strong>iorma</strong></span> <span class='ocrx_word' id='word_1_17' title='bbox 1031 388 1135 469; x_wconf 88' lang='lat' dir='ltr'><strong>totius,</strong></span> 
     </span>
     <span class='ocr_line' id='line_1_4' title="bbox 198 475 1134 565; baseline -0.004 -17"><span class='ocrx_word' id='word_1_18' title='bbox 198 502 263 548; x_wconf 88' lang='lat' dir='ltr'><strong>non</strong></span> <span class='ocrx_word' id='word_1_19' title='bbox 286 479 416 565; x_wconf 86' lang='lat' dir='ltr'><strong>quidem</strong></span> <span class='ocrx_word' id='word_1_20' title='bbox 441 475 528 563; x_wconf 82' lang='lat' dir='ltr'><strong>quasi</strong></span> <span class='ocrx_word' id='word_1_21' title='bbox 550 478 748 563; x_wconf 88' lang='lat' dir='ltr'><strong>superaddita</strong></span> <span class='ocrx_word' id='word_1_22' title='bbox 765 478 902 564; x_wconf 91' lang='lat' dir='ltr'><strong>partibus</strong></span> <span class='ocrx_word' id='word_1_23' title='bbox 920 478 1134 544; x_wconf 77' lang='lat' dir='ltr'><strong>essentialibus</strong></span> 
     </span>
     <span class='ocr_line' id='line_1_5' title="bbox 197 565 1134 653; baseline -0.002 -18"><span class='ocrx_word' id='word_1_24' title='bbox 197 571 347 635; x_wconf 88' lang='lat' dir='ltr'><strong>materiae</strong></span> <span class='ocrx_word' id='word_1_25' title='bbox 372 581 403 634; x_wconf 89' lang='lat' dir='ltr'><strong>et</strong></span> <span class='ocrx_word' id='word_1_26' title='bbox 425 565 554 642; x_wconf 78' lang='lat' dir='ltr'><strong>formae,</strong></span> <span class='ocrx_word' id='word_1_27' title='bbox 576 569 655 632; x_wconf 90' lang='lat' dir='ltr'><strong>sicut</strong></span> <span class='ocrx_word' id='word_1_28' title='bbox 679 567 780 632; x_wconf 91' lang='lat' dir='ltr'><strong>iorma</strong></span> <span class='ocrx_word' id='word_1_29' title='bbox 793 568 903 632; x_wconf 89' lang='lat' dir='ltr'><strong>domus</strong></span> <span class='ocrx_word' id='word_1_30' title='bbox 916 568 1134 653; x_wconf 85' lang='lat' dir='ltr'><strong>superadditur</strong></span> 
     </span>
     <span class='ocr_line' id='line_1_6' title="bbox 199 654 1134 747; baseline -0.002 -24"><span class='ocrx_word' id='word_1_31' title='bbox 199 658 340 747; x_wconf 89' lang='lat' dir='ltr'><strong>partibus</strong></span> <span class='ocrx_word' id='word_1_32' title='bbox 365 654 565 739; x_wconf 75' lang='lat' dir='ltr'><strong>integralibus</strong></span> <span class='ocrx_word' id='word_1_33' title='bbox 589 654 666 740; x_wconf 82' lang='lat' dir='ltr'><strong>ejus,</strong></span> <span class='ocrx_word' id='word_1_34' title='bbox 688 656 744 725; x_wconf 83' lang='lat' dir='ltr'><strong>sed</strong></span> <span class='ocrx_word' id='word_1_35' title='bbox 767 657 864 740; x_wconf 77' lang='lat' dir='ltr'><strong>magis</strong></span> <span class='ocrx_word' id='word_1_36' title='bbox 880 670 925 721; x_wconf 88' lang='lat' dir='ltr'><strong>est</strong></span> <span class='ocrx_word' id='word_1_37' title='bbox 940 656 1040 722; x_wconf 82' lang='lat' dir='ltr'><strong>forma</strong></span> <span class='ocrx_word' id='word_1_38' title='bbox 1054 676 1134 741; x_wconf 88' lang='lat' dir='ltr'><strong>quae</strong></span> 
     </span>
     <span class='ocr_line' id='line_1_7' title="bbox 199 741 1133 831; baseline -0.003 -19"><span class='ocrx_word' id='word_1_39' title='bbox 199 761 246 812; x_wconf 90' lang='lat' dir='ltr'><strong>est</strong></span> <span class='ocrx_word' id='word_1_40' title='bbox 269 760 378 824; x_wconf 84' lang='lat' dir='ltr'><strong>totum,</strong></span> <span class='ocrx_word' id='word_1_41' title='bbox 392 745 510 809; x_wconf 87' lang='lat' dir='ltr'><strong>scilicet</strong></span> <span class='ocrx_word' id='word_1_42' title='bbox 533 741 665 810; x_wconf 86' lang='lat' dir='ltr'><strong>iormam</strong></span> <span class='ocrx_word' id='word_1_43' title='bbox 688 746 896 831; x_wconf 70' lang='lat' dir='ltr'><strong>compleamus</strong></span> <span class='ocrx_word' id='word_1_44' title='bbox 912 759 942 811; x_wconf 90' lang='lat' dir='ltr'><strong>et</strong></span> <span class='ocrx_word' id='word_1_45' title='bbox 960 746 1133 823; x_wconf 86' lang='lat' dir='ltr'><strong>materiam,</strong></span> 
     </span>
     <span class='ocr_line' id='line_1_8' title="bbox 199 833 1133 922; baseline -0.003 -20"><span class='ocrx_word' id='word_1_46' title='bbox 199 856 272 902; x_wconf 93' lang='lat' dir='ltr'><strong>cum</strong></span> <span class='ocrx_word' id='word_1_47' title='bbox 296 834 489 922; x_wconf 87' lang='lat' dir='ltr'><strong>praecisione</strong></span> <span class='ocrx_word' id='word_1_48' title='bbox 513 844 618 896; x_wconf 87' lang='lat' dir='ltr'><strong>tamen</strong></span> <span class='ocrx_word' id='word_1_49' title='bbox 658 852 767 899; x_wconf 89' lang='lat' dir='ltr'><strong>corum</strong></span> <span class='ocrx_word' id='word_1_50' title='bbox 804 854 971 919; x_wconf 84' lang='lat' dir='ltr'><strong>perquae</strong></span> <span class='ocrx_word' id='word_1_51' title='bbox 1004 833 1133 899; x_wconf 84' lang='lat' dir='ltr'><strong>materia</strong></span> 
     </span>
     <span class='ocr_line' id='line_1_9' title="bbox 201 918 1133 1008; baseline -0.002 -19"><span class='ocrx_word' id='word_1_52' title='bbox 201 938 249 990; x_wconf 90' lang='lat' dir='ltr'><strong>est</strong></span> <span class='ocrx_word' id='word_1_53' title='bbox 272 937 343 988; x_wconf 84' lang='lat' dir='ltr'><strong>nata</strong></span> <span class='ocrx_word' id='word_1_54' title='bbox 366 922 531 1005; x_wconf 79' lang='lat' dir='ltr'><strong>designari.</strong></span> <span class='ocrx_word' id='word_1_55' title='bbox 570 920 621 986; x_wconf 90' lang='lat' dir='ltr'><strong>Sic</strong></span> <span class='ocrx_word' id='word_1_56' title='bbox 655 942 730 1007; x_wconf 82' lang='lat' dir='ltr'><strong>ergo</strong></span> <span class='ocrx_word' id='word_1_57' title='bbox 764 936 845 1008; x_wconf 85' lang='lat' dir='ltr'><strong>patet</strong></span> <span class='ocrx_word' id='word_1_58' title='bbox 869 918 966 1008; x_wconf 82' lang='lat' dir='ltr'><strong>&#39;quod</strong></span> <span class='ocrx_word' id='word_1_59' title='bbox 1001 925 1133 987; x_wconf 75' lang='lat' dir='ltr'><strong>essentia</strong></span> 
     </span>
     <span class='ocr_line' id='line_1_10' title="bbox 200 1010 1133 1095; baseline -0.003 -16"><span class='ocrx_word' id='word_1_60' title='bbox 200 1012 337 1079; x_wconf 90' lang='lat' dir='ltr'><strong>hominis</strong></span> <span class='ocrx_word' id='word_1_61' title='bbox 359 1010 548 1095; x_wconf 79' lang='lat' dir='ltr'><strong>significatur</strong></span> <span class='ocrx_word' id='word_1_62' title='bbox 571 1011 631 1075; x_wconf 89' lang='lat' dir='ltr'><strong>hoc</strong></span> <span class='ocrx_word' id='word_1_63' title='bbox 654 1011 781 1076; x_wconf 92' lang='lat' dir='ltr'><strong>nomine</strong></span> <span class='ocrx_word' id='word_1_64' title='bbox 805 1011 893 1075; x_wconf 79' lang='lat' dir='ltr'><strong>domo</strong></span> <span class='ocrx_word' id='word_1_65' title='bbox 918 1025 947 1077; x_wconf 91' lang='lat' dir='ltr'><strong>et</strong></span> <span class='ocrx_word' id='word_1_66' title='bbox 984 1011 1044 1076; x_wconf 89' lang='lat' dir='ltr'><strong>hoc</strong></span> <span class='ocrx_word' id='word_1_67' title='bbox 1078 1031 1133 1076; x_wconf 75' lang='lat' dir='ltr'><strong>no</strong></span> 
     </span>
     <span class='ocr_line' id='line_1_11' title="bbox 200 1098 1130 1178; baseline -0.002 -12"><span class='ocrx_word' id='word_1_68' title='bbox 200 1103 286 1166; x_wconf 88' lang='lat' dir='ltr'><strong>mine</strong></span> <span class='ocrx_word' id='word_1_69' title='bbox 308 1100 497 1176; x_wconf 62' lang='lat' dir='ltr'><strong>dermannus,</strong></span> <span class='ocrx_word' id='word_1_70' title='bbox 519 1098 575 1163; x_wconf 87' lang='lat' dir='ltr'><strong>sed</strong></span> <span class='ocrx_word' id='word_1_71' title='bbox 598 1098 816 1178; x_wconf 80' lang='lat' dir='ltr'><strong>diversimode,</strong></span> <span class='ocrx_word' id='word_1_72' title='bbox 842 1113 887 1173; x_wconf 77' lang='lat' dir='ltr'><strong>ut</strong></span> <span class='ocrx_word' id='word_1_73' title='bbox 923 1100 1039 1165; x_wconf 91' lang='lat' dir='ltr'><strong>dictum</strong></span> <span class='ocrx_word' id='word_1_74' title='bbox 1074 1114 1130 1165; x_wconf 90' lang='lat' dir='ltr'><strong>est:</strong></span> 
     </span>
     <span class='ocr_line' id='line_1_12' title="bbox 202 1188 1131 1278; baseline -0.001 -24"><span class='ocrx_word' id='word_1_75' title='bbox 202 1190 274 1278; x_wconf 89' lang='lat' dir='ltr'><strong>quia</strong></span> <span class='ocrx_word' id='word_1_76' title='bbox 300 1189 360 1254; x_wconf 88' lang='lat' dir='ltr'><strong>hoc</strong></span> <span class='ocrx_word' id='word_1_77' title='bbox 383 1207 497 1253; x_wconf 90' lang='lat' dir='ltr'><strong>nomeu</strong></span> <span class='ocrx_word' id='word_1_78' title='bbox 520 1188 611 1251; x_wconf 74' lang='lat' dir='ltr'><strong>loono</strong></span> <span class='ocrx_word' id='word_1_79' title='bbox 633 1188 784 1273; x_wconf 76' lang='lat' dir='ltr'><strong>signifieat</strong></span> <span class='ocrx_word' id='word_1_80' title='bbox 806 1208 875 1253; x_wconf 86' lang='lat' dir='ltr'><strong>eum</strong></span> <span class='ocrx_word' id='word_1_81' title='bbox 901 1203 933 1254; x_wconf 86' lang='lat' dir='ltr'><strong>ut</strong></span> <span class='ocrx_word' id='word_1_82' title='bbox 966 1201 1077 1262; x_wconf 89' lang='lat' dir='ltr'><strong>totum,</strong></span> <span class='ocrx_word' id='word_1_83' title='bbox 1100 1188 1131 1253; x_wconf 90' lang='lat' dir='ltr'><strong>iu</strong></span> 
     </span>
     <span class='ocr_line' id='line_1_13' title="bbox 201 1276 1132 1365; baseline -0.001 -23"><span class='ocrx_word' id='word_1_84' title='bbox 201 1291 353 1365; x_wconf 91' lang='lat' dir='ltr'><strong>quantum</strong></span> <span class='ocrx_word' id='word_1_85' title='bbox 376 1276 492 1341; x_wconf 88' lang='lat' dir='ltr'><strong>seilicet</strong></span> <span class='ocrx_word' id='word_1_86' title='bbox 513 1296 577 1341; x_wconf 90' lang='lat' dir='ltr'><strong>nou</strong></span> <span class='ocrx_word' id='word_1_87' title='bbox 601 1278 774 1364; x_wconf 87' lang='lat' dir='ltr'><strong>praetendit</strong></span> <span class='ocrx_word' id='word_1_88' title='bbox 797 1276 1043 1361; x_wconf 78' lang='lat' dir='ltr'><strong>designationem</strong></span> <span class='ocrx_word' id='word_1_89' title='bbox 1067 1298 1132 1342; x_wconf 86' lang='lat' dir='ltr'><strong>ma·</strong></span> 
     </span>
     <span class='ocr_line' id='line_1_14' title="bbox 200 1365 1132 1451; baseline -0.001 -19"><span class='ocrx_word' id='word_1_90' title='bbox 200 1368 307 1444; x_wconf 78' lang='lat' dir='ltr'><strong>seriae,</strong></span> <span class='ocrx_word' id='word_1_91' title='bbox 330 1365 385 1431; x_wconf 90' lang='lat' dir='ltr'><strong>sed</strong></span> <span class='ocrx_word' id='word_1_92' title='bbox 410 1365 556 1451; x_wconf 81' lang='lat' dir='ltr'><strong>implicite</strong></span> <span class='ocrx_word' id='word_1_93' title='bbox 579 1367 797 1431; x_wconf 88' lang='lat' dir='ltr'><strong>eontineteam</strong></span> <span class='ocrx_word' id='word_1_94' title='bbox 812 1366 1039 1445; x_wconf 87' lang='lat' dir='ltr'><strong>etindistincte,</strong></span> <span class='ocrx_word' id='word_1_95' title='bbox 1053 1366 1132 1431; x_wconf 90' lang='lat' dir='ltr'><strong>siout</strong></span> 
     </span>
    </p>
   </div>
   <div class='ocr_carea' id='block_1_2' title="bbox 105 1453 1132 1540">
    <p class='ocr_par' dir='ltr' id='par_1_3' title="bbox 105 1453 1132 1540">
     <span class='ocr_line' id='line_1_15' title="bbox 105 1453 1132 1540; baseline -0.001 -19"><span class='ocrx_word' id='word_1_96' title='bbox 105 1522 111 1534; x_wconf 82' lang='grc'>,</span> <span class='ocrx_word' id='word_1_97' title='bbox 201 1456 318 1521; x_wconf 91' lang='lat' dir='ltr'><strong>dictum</strong></span> <span class='ocrx_word' id='word_1_98' title='bbox 341 1454 493 1540; x_wconf 91' lang='lat' dir='ltr'><strong>estquod</strong></span> <span class='ocrx_word' id='word_1_99' title='bbox 517 1473 615 1539; x_wconf 82' lang='lat' dir='ltr'><strong>genus</strong></span> <span class='ocrx_word' id='word_1_100' title='bbox 638 1456 774 1520; x_wconf 89' lang='lat' dir='ltr'><strong>continet</strong></span> <span class='ocrx_word' id='word_1_101' title='bbox 789 1453 1003 1531; x_wconf 77' lang='lat' dir='ltr'><strong>differentiam,</strong></span> <span class='ocrx_word' id='word_1_102' title='bbox 1019 1470 1050 1519; x_wconf 85' lang='lat' dir='ltr'><strong>et</strong></span> <span class='ocrx_word' id='word_1_103' title='bbox 1062 1456 1132 1520; x_wconf 93' lang='lat' dir='ltr'><strong>ideo</strong></span> 
     </span>
    </p>
   </div>
   <div class='ocr_carea' id='block_1_3' title="bbox 200 1543 1134 1896">
    <p class='ocr_par' dir='ltr' id='par_1_4' title="bbox 200 1543 1134 1896">
     <span class='ocr_line' id='line_1_16' title="bbox 200 1543 1133 1632; baseline 0.001 -24"><span class='ocrx_word' id='word_1_104' title='bbox 200 1543 400 1632; x_wconf 86' lang='lat' dir='ltr'><strong>praedicatur</strong></span> <span class='ocrx_word' id='word_1_105' title='bbox 423 1546 482 1607; x_wconf 82' lang='lat' dir='ltr'><strong>lroc</strong></span> <span class='ocrx_word' id='word_1_106' title='bbox 505 1562 618 1607; x_wconf 91' lang='lat' dir='ltr'><strong>nomen</strong></span> <span class='ocrx_word' id='word_1_107' title='bbox 643 1543 733 1609; x_wconf 88' lang='lat' dir='ltr'><strong>ltomo</strong></span> <span class='ocrx_word' id='word_1_108' title='bbox 756 1544 795 1607; x_wconf 88' lang='lat' dir='ltr'><strong>de</strong></span> <span class='ocrx_word' id='word_1_109' title='bbox 816 1544 990 1620; x_wconf 64' lang='lat' dir='ltr'><strong>individuis</strong></span> <span class='ocrx_word' id='word_1_110' title='bbox 1005 1545 1059 1609; x_wconf 89' lang='lat' dir='ltr'><strong>sed</strong></span> <span class='ocrx_word' id='word_1_111' title='bbox 1074 1546 1133 1609; x_wconf 87' lang='lat' dir='ltr'><strong>hoc</strong></span> 
     </span>
     <span class='ocr_line' id='line_1_17' title="bbox 200 1631 1133 1719; baseline -0.001 -20"><span class='ocrx_word' id='word_1_112' title='bbox 200 1651 317 1699; x_wconf 88' lang='lat' dir='ltr'><strong>nomen</strong></span> <span class='ocrx_word' id='word_1_113' title='bbox 341 1632 519 1697; x_wconf 76' lang='lat' dir='ltr'><strong>humanitus</strong></span> <span class='ocrx_word' id='word_1_114' title='bbox 541 1631 693 1717; x_wconf 77' lang='lat' dir='ltr'><strong>significat</strong></span> <span class='ocrx_word' id='word_1_115' title='bbox 716 1653 785 1698; x_wconf 84' lang='lat' dir='ltr'><strong>cam</strong></span> <span class='ocrx_word' id='word_1_116' title='bbox 809 1633 860 1719; x_wconf 83' lang='lat' dir='ltr'><strong>(l)</strong></span> <span class='ocrx_word' id='word_1_117' title='bbox 885 1644 917 1697; x_wconf 90' lang='lat' dir='ltr'><strong>ut</strong></span> <span class='ocrx_word' id='word_1_118' title='bbox 929 1648 1059 1719; x_wconf 88' lang='lat' dir='ltr'><strong>partem,</strong></span> <span class='ocrx_word' id='word_1_119' title='bbox 1075 1653 1133 1699; x_wconf 88' lang='lat' dir='ltr'><strong>nec</strong></span> 
     </span>
     <span class='ocr_line' id='line_1_18' title="bbox 201 1720 1134 1808; baseline 0 -21"><span class='ocrx_word' id='word_1_120' title='bbox 201 1722 338 1787; x_wconf 76' lang='lat' dir='ltr'><strong>sordidet</strong></span> <span class='ocrx_word' id='word_1_121' title='bbox 359 1720 391 1785; x_wconf 92' lang='lat' dir='ltr'><strong>in</strong></span> <span class='ocrx_word' id='word_1_122' title='bbox 414 1742 470 1786; x_wconf 89' lang='lat' dir='ltr'><strong>sua</strong></span> <span class='ocrx_word' id='word_1_123' title='bbox 492 1721 716 1804; x_wconf 75' lang='lat' dir='ltr'><strong>significatione</strong></span> <span class='ocrx_word' id='word_1_124' title='bbox 740 1723 797 1786; x_wconf 84' lang='lat' dir='ltr'><strong>nisi</strong></span> <span class='ocrx_word' id='word_1_125' title='bbox 821 1720 851 1785; x_wconf 92' lang='lat' dir='ltr'><strong>id</strong></span> <span class='ocrx_word' id='word_1_126' title='bbox 874 1722 975 1808; x_wconf 85' lang='lat' dir='ltr'><strong>quod</strong></span> <span class='ocrx_word' id='word_1_127' title='bbox 993 1735 1041 1787; x_wconf 90' lang='lat' dir='ltr'><strong>est</strong></span> <span class='ocrx_word' id='word_1_128' title='bbox 1078 1723 1134 1787; x_wconf 86' lang='lat' dir='ltr'><strong>ho-</strong></span> 
     </span>
     <span class='ocr_line' id='line_1_19' title="bbox 203 1809 1133 1896; baseline -0.002 -19"><span class='ocrx_word' id='word_1_129' title='bbox 203 1810 296 1877; x_wconf 87' lang='lat' dir='ltr'><strong>minis</strong></span> <span class='ocrx_word' id='word_1_130' title='bbox 320 1809 502 1895; x_wconf 89' lang='lat' dir='ltr'><strong>inquantum</strong></span> <span class='ocrx_word' id='word_1_131' title='bbox 526 1810 632 1889; x_wconf 90' lang='lat' dir='ltr'><strong>homo,</strong></span> <span class='ocrx_word' id='word_1_132' title='bbox 656 1828 686 1876; x_wconf 88' lang='grc' dir='ltr'><strong>ει</strong></span> <span class='ocrx_word' id='word_1_133' title='bbox 711 1810 856 1896; x_wconf 83' lang='lat' dir='ltr'><strong>praecidit</strong></span> <span class='ocrx_word' id='word_1_134' title='bbox 890 1829 1016 1875; x_wconf 87' lang='lat' dir='ltr'><strong>omnem</strong></span> <span class='ocrx_word' id='word_1_135' title='bbox 1051 1810 1133 1876; x_wconf 90' lang='lat' dir='ltr'><strong>desi-</strong></span> 
     </span>
    </p>
   </div>
   <div class='ocr_carea' id='block_1_4' title="bbox 202 1898 1236 2076">
    <p class='ocr_par' dir='ltr' id='par_1_5' title="bbox 202 1898 1236 2076">
     <span class='ocr_line' id='line_1_20' title="bbox 202 1898 1236 1985; baseline -0.003 -22"><span class='ocrx_word' id='word_1_136' title='bbox 202 1900 381 1985; x_wconf 78' lang='lat' dir='ltr'><strong>gnationem</strong></span> <span class='ocrx_word' id='word_1_137' title='bbox 407 1898 564 1974; x_wconf 80' lang='lat' dir='ltr'><strong>materiae,</strong></span> <span class='ocrx_word' id='word_1_138' title='bbox 588 1900 672 1964; x_wconf 88' lang='lat' dir='ltr'><strong>unde</strong></span> <span class='ocrx_word' id='word_1_139' title='bbox 695 1901 734 1964; x_wconf 88' lang='lat' dir='ltr'><strong>de</strong></span> <span class='ocrx_word' id='word_1_140' title='bbox 748 1898 913 1965; x_wconf 86' lang='lat' dir='ltr'><strong>individuis</strong></span> <span class='ocrx_word' id='word_1_141' title='bbox 933 1900 1067 1964; x_wconf 87' lang='lat' dir='ltr'><strong>hominis</strong></span> <span class='ocrx_word' id='word_1_142' title='bbox 1082 1901 1133 1983; x_wconf 56' lang='grc' dir='ltr'><strong>(ἢ)</strong></span> <span class='ocrx_word' id='word_1_143' title='bbox 1235 1950 1236 1960; x_wconf 70' lang='grc'>,</span> 
     </span>
     <span class='ocr_line' id='line_1_21' title="bbox 202 1986 1235 2076; baseline 0.001 -21"><span class='ocrx_word' id='word_1_144' title='bbox 202 2009 267 2055; x_wconf 92' lang='lat' dir='ltr'><strong>non</strong></span> <span class='ocrx_word' id='word_1_145' title='bbox 291 1986 536 2074; x_wconf 82' lang='lat' dir='ltr'><strong>praedicaretur3</strong></span> <span class='ocrx_word' id='word_1_146' title='bbox 557 2001 588 2053; x_wconf 91' lang='lat' dir='ltr'><strong>et</strong></span> <span class='ocrx_word' id='word_1_147' title='bbox 610 2003 737 2076; x_wconf 87' lang='lat' dir='ltr'><strong>propter</strong></span> <span class='ocrx_word' id='word_1_148' title='bbox 767 1989 825 2054; x_wconf 87' lang='lat' dir='ltr'><strong>hoc</strong></span> <span class='ocrx_word' id='word_1_149' title='bbox 863 1988 1050 2076; x_wconf 86' lang='lat' dir='ltr'><strong>quandoque</strong></span> <span class='ocrx_word' id='word_1_150' title='bbox 1074 1989 1133 2055; x_wconf 84' lang='lat' dir='ltr'><strong>lroc</strong></span> <span class='ocrx_word' id='word_1_151' title='bbox 1234 2027 1235 2031; x_wconf 59' lang='lat'><em>=</em></span> 
     </span>
    </p>
   </div>
   <div class='ocr_carea' id='block_1_5' title="bbox 203 2077 1134 2252">
    <p class='ocr_par' dir='ltr' id='par_1_6' title="bbox 203 2077 1134 2252">
     <span class='ocr_line' id='line_1_22' title="bbox 203 2077 1133 2167; baseline 0.001 -24"><span class='ocrx_word' id='word_1_152' title='bbox 203 2097 320 2143; x_wconf 91' lang='lat' dir='ltr'><strong>nomen</strong></span> <span class='ocrx_word' id='word_1_153' title='bbox 349 2079 483 2143; x_wconf 83' lang='lat' dir='ltr'><strong>essentie</strong></span> <span class='ocrx_word' id='word_1_154' title='bbox 504 2078 659 2144; x_wconf 78' lang='lat' dir='ltr'><strong>inuenitur</strong></span> <span class='ocrx_word' id='word_1_155' title='bbox 681 2077 890 2163; x_wconf 83' lang='lat' dir='ltr'><strong>praedicatum</strong></span> <span class='ocrx_word' id='word_1_156' title='bbox 907 2077 946 2142; x_wconf 90' lang='lat' dir='ltr'><strong>de</strong></span> <span class='ocrx_word' id='word_1_157' title='bbox 959 2099 992 2143; x_wconf 91' lang='lat' dir='ltr'><strong>re</strong></span> <span class='ocrx_word' id='word_1_158' title='bbox 1010 2077 1133 2167; x_wconf 82' lang='lat' dir='ltr'><strong>(dicitur</strong></span> 
     </span>
     <span class='ocr_line' id='line_1_23' title="bbox 204 2165 1134 2252; baseline 0.001 -21"><span class='ocrx_word' id='word_1_159' title='bbox 204 2166 289 2232; x_wconf 91' lang='lat' dir='ltr'><strong>enim</strong></span> <span class='ocrx_word' id='word_1_160' title='bbox 313 2165 455 2232; x_wconf 82' lang='lat' dir='ltr'><strong>Socrates</strong></span> <span class='ocrx_word' id='word_1_161' title='bbox 486 2165 619 2232; x_wconf 86' lang='lat' dir='ltr'><strong>essentia</strong></span> <span class='ocrx_word' id='word_1_162' title='bbox 653 2166 846 2252; x_wconf 86' lang='lat' dir='ltr'><strong>quaedam),</strong></span> <span class='ocrx_word' id='word_1_163' title='bbox 880 2179 912 2231; x_wconf 92' lang='lat' dir='ltr'><strong>et</strong></span> <span class='ocrx_word' id='word_1_164' title='bbox 947 2165 1134 2252; x_wconf 89' lang='lat' dir='ltr'><strong>quandoque</strong></span> 
     </span>
    </p>
   </div>
   <div class='ocr_carea' id='block_1_6' title="bbox 202 2254 1233 2344">
    <p class='ocr_par' dir='ltr' id='par_1_7' title="bbox 202 2254 1233 2344">
     <span class='ocr_line' id='line_1_24' title="bbox 202 2254 1233 2344; baseline -0.001 -24"><span class='ocrx_word' id='word_1_165' title='bbox 202 2268 345 2340; x_wconf 78' lang='lat' dir='ltr'><strong>negatur,</strong></span> <span class='ocrx_word' id='word_1_166' title='bbox 367 2256 446 2321; x_wconf 91' lang='lat' dir='ltr'><strong>sicut</strong></span> <span class='ocrx_word' id='word_1_167' title='bbox 468 2254 599 2321; x_wconf 90' lang='lat' dir='ltr'><strong>dicimus</strong></span> <span class='ocrx_word' id='word_1_168' title='bbox 623 2254 707 2344; x_wconf 91' lang='lat' dir='ltr'><strong>quod</strong></span> <span class='ocrx_word' id='word_1_169' title='bbox 729 2256 860 2321; x_wconf 84' lang='lat' dir='ltr'><strong>essentia</strong></span> <span class='ocrx_word' id='word_1_170' title='bbox 900 2255 1033 2320; x_wconf 88' lang='lat' dir='ltr'><strong>Socratis</strong></span> <span class='ocrx_word' id='word_1_171' title='bbox 1070 2275 1133 2320; x_wconf 94' lang='lat' dir='ltr'><strong>non</strong></span> <span class='ocrx_word' id='word_1_172' title='bbox 1232 2293 1233 2298; x_wconf 20' lang='grc' dir='ltr'><strong>κ</strong></span> 
     </span>
    </p>
   </div>
   <div class='ocr_carea' id='block_1_7' title="bbox 204 2343 802 2608">
    <p class='ocr_par' dir='ltr' id='par_1_8' title="bbox 204 2343 802 2608">
     <span class='ocr_line' id='line_1_25' title="bbox 204 2343 427 2410; baseline 0 -1"><span class='ocrx_word' id='word_1_173' title='bbox 204 2358 252 2409; x_wconf 85' lang='grc' dir='ltr'><strong>εει</strong></span> <span class='ocrx_word' id='word_1_174' title='bbox 274 2343 427 2410; x_wconf 84' lang='lat' dir='ltr'><strong>Socrates.</strong></span> 
     </span>
     <span class='ocr_line' id='line_1_26' title="bbox 535 2518 802 2608; baseline -0.004 -21"><span class='ocrx_word' id='word_1_175' title='bbox 535 2518 631 2608; x_wconf 74' lang='lat' dir='ltr'><strong>cte</strong></span> <span class='ocrx_word' id='word_1_176' title='bbox 648 2519 712 2586; x_wconf 86' lang='lat' dir='ltr'><strong>UT</strong></span> <span class='ocrx_word' id='word_1_177' title='bbox 754 2519 802 2588; x_wconf 88' lang='lat' dir='ltr'><strong>lV.</strong></span> 
     </span>
    </p>
   </div>
   <div class='ocr_carea' id='block_1_8' title="bbox 204 2695 1137 3408">
    <p class='ocr_par' dir='ltr' id='par_1_9' title="bbox 205 2695 1136 2961">
     <span class='ocr_line' id='line_1_27' title="bbox 268 2695 1134 2787; baseline -0.003 -20"><span class='ocrx_word' id='word_1_178' title='bbox 268 2698 341 2767; x_wconf 85' lang='lat' dir='ltr'><strong>Viso</strong></span> <span class='ocrx_word' id='word_1_179' title='bbox 364 2696 440 2787; x_wconf 85' lang='lat' dir='ltr'><strong>quid</strong></span> <span class='ocrx_word' id='word_1_180' title='bbox 462 2695 653 2781; x_wconf 77' lang='lat' dir='ltr'><strong>significetur</strong></span> <span class='ocrx_word' id='word_1_181' title='bbox 678 2697 804 2763; x_wconf 91' lang='lat' dir='ltr'><strong>nomine</strong></span> <span class='ocrx_word' id='word_1_182' title='bbox 828 2698 978 2764; x_wconf 87' lang='lat' dir='ltr'><strong>essentiae</strong></span> <span class='ocrx_word' id='word_1_183' title='bbox 1013 2699 1045 2764; x_wconf 92' lang='lat' dir='ltr'><strong>in</strong></span> <span class='ocrx_word' id='word_1_184' title='bbox 1060 2697 1134 2764; x_wconf 89' lang='lat' dir='ltr'><strong>sub·</strong></span> 
     </span>
     <span class='ocr_line' id='line_1_28' title="bbox 206 2784 1136 2875; baseline 0.001 -24"><span class='ocrx_word' id='word_1_185' title='bbox 206 2789 324 2854; x_wconf 84' lang='lat' dir='ltr'><strong>stantiis</strong></span> <span class='ocrx_word' id='word_1_186' title='bbox 346 2786 536 2875; x_wconf 88' lang='lat' dir='ltr'><strong>compositis,</strong></span> <span class='ocrx_word' id='word_1_187' title='bbox 559 2784 728 2850; x_wconf 80' lang='lat' dir='ltr'><strong>ridendum</strong></span> <span class='ocrx_word' id='word_1_188' title='bbox 744 2799 790 2851; x_wconf 89' lang='grc' dir='ltr'><strong>εει</strong></span> <span class='ocrx_word' id='word_1_189' title='bbox 805 2787 963 2872; x_wconf 89' lang='lat' dir='ltr'><strong>quomodo</strong></span> <span class='ocrx_word' id='word_1_190' title='bbox 975 2808 1009 2852; x_wconf 91' lang='lat' dir='ltr'><strong>se</strong></span> <span class='ocrx_word' id='word_1_191' title='bbox 1024 2786 1136 2853; x_wconf 88' lang='lat' dir='ltr'><strong>habeat</strong></span> 
     </span>
     <span class='ocr_line' id='line_1_29' title="bbox 205 2874 991 2961; baseline -0.001 -20"><span class='ocrx_word' id='word_1_192' title='bbox 205 2876 245 2941; x_wconf 87' lang='lat' dir='ltr'><strong>ad</strong></span> <span class='ocrx_word' id='word_1_193' title='bbox 269 2878 420 2943; x_wconf 87' lang='lat' dir='ltr'><strong>rationem</strong></span> <span class='ocrx_word' id='word_1_194' title='bbox 443 2874 577 2961; x_wconf 76' lang='lat' dir='ltr'><strong>generis,</strong></span> <span class='ocrx_word' id='word_1_195' title='bbox 599 2875 713 2961; x_wconf 91' lang='lat' dir='ltr'><strong>speciei</strong></span> <span class='ocrx_word' id='word_1_196' title='bbox 736 2890 767 2941; x_wconf 90' lang='grc' dir='ltr'><strong>ει</strong></span> <span class='ocrx_word' id='word_1_197' title='bbox 790 2875 991 2941; x_wconf 81' lang='lat' dir='ltr'><strong>differentiae.</strong></span> 
     </span>
    </p>

    <p class='ocr_par' dir='ltr' id='par_1_10' title="bbox 204 2962 1137 3408">
     <span class='ocr_line' id='line_1_30' title="bbox 272 2962 1134 3052; baseline -0.003 -21"><span class='ocrx_word' id='word_1_198' title='bbox 272 2965 351 3047; x_wconf 85' lang='lat' dir='ltr'><strong>Quia</strong></span> <span class='ocrx_word' id='word_1_199' title='bbox 375 2979 480 3031; x_wconf 89' lang='lat' dir='ltr'><strong>autem</strong></span> <span class='ocrx_word' id='word_1_200' title='bbox 503 2962 552 3029; x_wconf 91' lang='lat' dir='ltr'><strong>cui</strong></span> <span class='ocrx_word' id='word_1_201' title='bbox 576 2963 720 3028; x_wconf 78' lang='lat' dir='ltr'><strong>corasenit</strong></span> <span class='ocrx_word' id='word_1_202' title='bbox 742 2964 819 3030; x_wconf 88' lang='lat' dir='ltr'><strong>ratio</strong></span> <span class='ocrx_word' id='word_1_203' title='bbox 850 2965 982 3048; x_wconf 78' lang='lat' dir='ltr'><strong>generis,</strong></span> <span class='ocrx_word' id='word_1_204' title='bbox 1020 2963 1134 3052; x_wconf 88' lang='lat' dir='ltr'><strong>speciei</strong></span> 
     </span>
     <span class='ocr_line' id='line_1_31' title="bbox 204 3050 1133 3139; baseline 0 -21"><span class='ocrx_word' id='word_1_205' title='bbox 204 3052 256 3119; x_wconf 83' lang='lat' dir='ltr'><strong>tel</strong></span> <span class='ocrx_word' id='word_1_206' title='bbox 277 3053 479 3129; x_wconf 79' lang='lat' dir='ltr'><strong>differentiae,</strong></span> <span class='ocrx_word' id='word_1_207' title='bbox 502 3052 699 3139; x_wconf 86' lang='lat' dir='ltr'><strong>praedicatur</strong></span> <span class='ocrx_word' id='word_1_208' title='bbox 721 3050 760 3118; x_wconf 90' lang='lat' dir='ltr'><strong>de</strong></span> <span class='ocrx_word' id='word_1_209' title='bbox 772 3053 832 3118; x_wconf 88' lang='lat' dir='ltr'><strong>hoc</strong></span> <span class='ocrx_word' id='word_1_210' title='bbox 843 3053 989 3138; x_wconf 75' lang='lat' dir='ltr'><strong>singulari</strong></span> <span class='ocrx_word' id='word_1_211' title='bbox 1003 3055 1133 3138; x_wconf 79' lang='lat' dir='ltr'><strong>signato,</strong></span> 
     </span>
     <span class='ocr_line' id='line_1_32' title="bbox 205 3140 1137 3230; baseline -0.002 -22"><span class='ocrx_word' id='word_1_212' title='bbox 205 3142 398 3229; x_wconf 88' lang='lat' dir='ltr'><strong>impossibile</strong></span> <span class='ocrx_word' id='word_1_213' title='bbox 420 3155 467 3208; x_wconf 92' lang='lat' dir='ltr'><strong>est</strong></span> <span class='ocrx_word' id='word_1_214' title='bbox 489 3140 575 3227; x_wconf 89' lang='lat' dir='ltr'><strong>quod</strong></span> <span class='ocrx_word' id='word_1_215' title='bbox 597 3141 676 3206; x_wconf 85' lang='lat' dir='ltr'><strong>ratio</strong></span> <span class='ocrx_word' id='word_1_216' title='bbox 700 3142 821 3226; x_wconf 77' lang='lat' dir='ltr'><strong>generis</strong></span> <span class='ocrx_word' id='word_1_217' title='bbox 854 3142 903 3207; x_wconf 87' lang='lat' dir='ltr'><strong>vel</strong></span> <span class='ocrx_word' id='word_1_218' title='bbox 938 3143 1051 3230; x_wconf 87' lang='lat' dir='ltr'><strong>speciei</strong></span> <span class='ocrx_word' id='word_1_219' title='bbox 1087 3141 1137 3208; x_wconf 83' lang='lat' dir='ltr'><strong>rel</strong></span> 
     </span>
     <span class='ocr_line' id='line_1_33' title="bbox 205 3228 1137 3317; baseline 0 -23"><span class='ocrx_word' id='word_1_220' title='bbox 205 3231 396 3298; x_wconf 78' lang='lat' dir='ltr'><strong>differentiae</strong></span> <span class='ocrx_word' id='word_1_221' title='bbox 418 3230 581 3298; x_wconf 79' lang='lat' dir='ltr'><strong>conueniat</strong></span> <span class='ocrx_word' id='word_1_222' title='bbox 601 3233 766 3309; x_wconf 87' lang='lat' dir='ltr'><strong>essentiae,</strong></span> <span class='ocrx_word' id='word_1_223' title='bbox 787 3228 960 3296; x_wconf 84' lang='lat' dir='ltr'><strong>secundum</strong></span> <span class='ocrx_word' id='word_1_224' title='bbox 973 3229 1058 3317; x_wconf 91' lang='lat' dir='ltr'><strong>quod</strong></span> <span class='ocrx_word' id='word_1_225' title='bbox 1080 3248 1137 3316; x_wconf 84' lang='lat' dir='ltr'><strong>per</strong></span> 
     </span>
     <span class='ocr_line' id='line_1_34' title="bbox 205 3317 1136 3408; baseline 0 -24"><span class='ocrx_word' id='word_1_226' title='bbox 205 3320 335 3386; x_wconf 91' lang='lat' dir='ltr'><strong>modum</strong></span> <span class='ocrx_word' id='word_1_227' title='bbox 358 3323 452 3408; x_wconf 89' lang='lat' dir='ltr'><strong>partis</strong></span> <span class='ocrx_word' id='word_1_228' title='bbox 474 3317 675 3404; x_wconf 74' lang='lat' dir='ltr'><strong>significatur,</strong></span> <span class='ocrx_word' id='word_1_229' title='bbox 706 3332 740 3384; x_wconf 92' lang='lat' dir='ltr'><strong>ut</strong></span> <span class='ocrx_word' id='word_1_230' title='bbox 777 3320 904 3386; x_wconf 88' lang='lat' dir='ltr'><strong>nomine</strong></span> <span class='ocrx_word' id='word_1_231' title='bbox 937 3320 1136 3386; x_wconf 85' lang='lat' dir='ltr'><strong>humanitatis</strong></span> 
     </span>
    </p>
   </div>
   <div class='ocr_carea' id='block_1_9' title="bbox 259 3438 777 3580">
    <p class='ocr_par' dir='ltr' id='par_1_11' title="bbox 259 3438 777 3580">
     <span class='ocr_line' id='line_1_35' title="bbox 259 3438 639 3507; baseline 0.005 -16"><span class='ocrx_word' id='word_1_232' title='bbox 259 3438 299 3507; x_wconf 88' lang='lat' dir='ltr'><strong>(l)</strong></span> <span class='ocrx_word' id='word_1_233' title='bbox 316 3439 393 3504; x_wconf 75' lang='grc' dir='ltr'><strong>Ιίαηι,</strong></span> <span class='ocrx_word' id='word_1_234' title='bbox 412 3441 429 3493; x_wconf 93' lang='lat' dir='ltr'><strong>i.</strong></span> <span class='ocrx_word' id='word_1_235' title='bbox 446 3456 471 3493; x_wconf 85' lang='lat' dir='ltr'><strong>a.</strong></span> <span class='ocrx_word' id='word_1_236' title='bbox 488 3439 639 3494; x_wconf 72' lang='lat' dir='ltr'><strong>essentiam.</strong></span> 
     </span>
     <span class='ocr_line' id='line_1_36' title="bbox 259 3508 777 3580; baseline 0.01 -21"><span class='ocrx_word' id='word_1_237' title='bbox 259 3508 446 3578; x_wconf 65' lang='lat' dir='ltr'><strong>(ep-nmine,</strong></span> <span class='ocrx_word' id='word_1_238' title='bbox 463 3513 482 3564; x_wconf 83' lang='lat' dir='ltr'><strong>l.</strong></span> <span class='ocrx_word' id='word_1_239' title='bbox 497 3525 521 3564; x_wconf 88' lang='lat' dir='ltr'><strong>c.</strong></span> <span class='ocrx_word' id='word_1_240' title='bbox 540 3511 644 3580; x_wconf 57' lang='lat' dir='ltr'><strong>ameris</strong></span> <span class='ocrx_word' id='word_1_241' title='bbox 659 3509 777 3565; x_wconf 83' lang='lat' dir='ltr'><strong>humani.</strong></span> 
     </span>
    </p>
   </div>
   <div class='ocr_carea' id='block_1_10' title="bbox 0 0 1255 3975">
    <p class='ocr_par' dir='ltr' id='par_1_12' title="bbox 0 0 1255 3975">
     <span class='ocr_line' id='line_1_37' title="bbox 0 0 1255 3975; baseline 0 0"><span class='ocrx_word' id='word_1_242' title='bbox 0 0 1255 3975; x_wconf 95' lang='lat' dir='ltr'><strong> </strong></span> 
     </span>
    </p>
   </div>
  </div>
 </body>
</html>
