2484 3975
420 265 476 311 uu.
501 264 538 310 rr.
562 262 626 310 etr.
650 265 737 315 rxxn.
778 235 783 244 ‘
993 248 1058 315 977
1117 263 1120 270 '

136 334 197 397 rias
221 332 300 398 vitae
324 343 375 399 aut
391 334 483 398 etiam
504 347 630 421 propter
646 332 793 418 temporis
809 332 991 401 breuitatem
1005 352 1057 403 aut

95 436 98 445 ·
134 436 261 507 propter
284 422 341 487 alia
364 421 552 507 hujusmodi,
584 422 757 509 praedictos
790 421 929 489 delectus
967 426 999 491 in
1022 448 1058 493 se

134 510 270 595 perfecte
294 532 355 577 oon
380 524 477 589 curat,
500 511 666 577 salubriter
687 513 715 576 ei
740 510 918 596 providetur
946 527 978 579 ut
1002 536 1058 601 per

134 600 194 665 hoc
217 614 443 669 sacramentum
469 600 623 686 praedicta
659 602 776 665 curatio
809 601 1002 686 compleatur
1025 618 1055 669 et

134 709 150 753 a
175 702 261 754 reatu
286 710 404 773 poenae
427 690 603 774 temporalis
628 690 785 768 liberetur3
809 704 841 753 ut
863 692 908 754 sic
931 692 1008 756 nilril
1024 693 1055 757 in

134 794 172 843 eo
196 791 355 844 remaneat
377 779 459 864 quod
483 778 513 843 in
539 779 621 844 exitu
645 781 768 843 animae
790 798 807 842 a
831 798 961 865 corpore
985 802 1055 847 earn

133 868 229 953 possit
252 888 268 931 a
294 870 490 952 perceptione
512 867 629 951 gloriae
664 867 825 953 impedire:
861 881 890 932 et
912 868 983 935 ideo
1004 871 1056 935 la·

135 956 232 1021 cubos
256 957 350 1020 addit:
375 956 414 1020 Et
437 956 597 1021 olletu‘obt‘t
621 978 689 1021 cum
728 956 889 1033 Dominus,
926 958 1001 1036 lac,
1024 959 1056 1035 ll,

134 1044 186 1110 to.
210 1046 363 1129 Contingit
386 1047 478 1110 etiarn
495 1044 577 1129 quod
594 1046 690 1111 homo
701 1045 842 1109 omniurn
856 1060 1055 1131 peccatorum

133 1153 213 1214 quae
237 1134 390 1200 commisit
414 1135 551 1199 notitiam
576 1134 623 1199 vel
647 1134 830 1199 memoriam
862 1155 924 1199 non
949 1137 1052 1216 ltabet,

134 1236 167 1287 ut
188 1225 282 1309 possit
306 1244 361 1309 per
383 1224 602 1309 poenitentiam
627 1222 747 1307 singula
776 1242 958 1308 expurgares
981 1243 1055 1291 sunt

133 1312 225 1376 etiarn
250 1312 427 1399 quotidiana
452 1326 586 1397 peccata,
610 1313 676 1375 sine
700 1311 812 1396 quibus
839 1333 986 1396 praesens
1010 1318 1055 1380 vi·
1125 1395 1127 1398 Ι

134 1414 163 1464 ta
187 1422 248 1466 non
273 1404 383 1485 agitur,
406 1422 423 1465 a
446 1401 558 1487 quibus
582 1414 703 1486 oportet
730 1400 889 1465 hominem
930 1403 960 1467 in
995 1426 1053 1472 sua

134 1490 217 1555 exitu
235 1510 290 1576 per
312 1490 371 1555 hoc
393 1504 623 1555 sacramentum
647 1489 821 1564 emundari,
857 1504 888 1554 ut
910 1491 986 1558 nilril
1009 1496 1054 1558 in·

133 1580 273 1644 veniatur
296 1579 325 1642 in
351 1579 495 1663 eoquod
520 1578 709 1664 perceptioni
739 1578 857 1661 gloriae
894 1599 1058 1667 repugnem

133 1679 163 1732 et
188 1668 258 1733 ideo
282 1667 366 1733 addit
388 1667 520 1733 lacobus
543 1668 638 1752 quod,
662 1669 691 1731 si
712 1669 743 1729 in
766 1670 900 1748 percotis
922 1670 1058 1747 sicurit—

136 1768 237 1822 tentur
253 1758 290 1830 ei,
313 1758 387 1835 lac,
412 1757 442 1835 5,
468 1756 518 1821 ld.
544 1755 632 1820 Unde
668 1754 865 1821 manifestum
890 1771 943 1821 est
973 1762 1059 1846 quod

134 1845 195 1910 hoc
217 1860 447 1911 sacramentum
486 1858 532 1911 est
572 1845 715 1910 ultimum
755 1859 786 1909 et
824 1846 1059 1929 quodammodo

131 1936 412 2000 consummativum
449 1935 541 2000 totius
579 1934 746 2019 spiritualis
781 1937 959 2014 curationis,
994 1960 1057 2026 quo

135 2024 231 2090 homo
255 2026 341 2110 quasi
365 2025 403 2089 ad
428 2023 669 2110 participandam
695 2024 827 2108 gloriam
844 2045 1057 2112 praeparatum

134 2113 219 2179 unde
242 2126 272 2178 et
295 2127 430 2178 extrema
456 2114 559 2177 tinctio
582 2128 788 2198 nuncupatur.

201 2201 242 2266 llx
266 2223 327 2286 quo
351 2199 548 2267 manifestum
573 2203 725 2285 estquod
749 2202 807 2268 lroc
823 2219 1053 2274 sacramentum

133 2311 196 2354 non
220 2293 468 2376 quibuscumque
492 2290 722 2355 infirmantibus
744 2307 791 2356 est
828 2294 1052 2372 exhibendum,

132 2379 186 2444 sed
211 2380 269 2444 illis
294 2393 412 2445 tanturn
437 2380 488 2466 qui
513 2399 549 2444 ex
577 2379 753 2444 infirmitate
792 2380 935 2448 videntur
959 2389 1049 2450 morti

129 2469 350 2554 propinquata
374 2469 425 2555 qui
450 2469 600 2533 tamensi
625 2469 847 2547 convaluerint,
860 2472 969 2538 iterato
992 2496 1048 2559 po·

130 2569 190 2621 test
212 2558 271 2622 hoc
294 2569 520 2623 sacramentum
546 2558 589 2622 cis
625 2557 770 2632 conferri,
803 2557 828 2624 si
854 2561 1047 2630 adsimilem

127 2660 241 2710 etatum
266 2647 454 2712 devenerint.
471 2645 538 2710 Non
561 2645 646 2710 enim
670 2647 761 2730 hujus
783 2651 966 2716 sacramenti
991 2675 1049 2718 un·

129 2735 190 2800 ctio
214 2736 319 2800 estad
343 2735 599 2813 consecrandum,
637 2735 714 2800 sieut
749 2738 852 2802 unctio
886 2740 1053 2826 coplirma·

127 2823 231 2895 tionis,
255 2825 370 2888 ablutio
394 2825 536 2910 baptismi
561 2839 590 2889 et
613 2825 767 2910 quaedam
781 2825 858 2891 aliae
877 2831 1052 2909 unctiones,

127 2933 208 2998 quae
222 2911 291 2977 ideo
315 2934 475 2998 nunquam
490 2914 650 2985 iterantur,
667 2919 737 2998 quia
750 2920 944 2984 consecratio
968 2941 1052 2986 sem·

127 3021 184 3088 per
207 3019 323 3078 manet,
347 3002 421 3066 dum
447 3021 496 3067 res
519 3017 696 3068 consecrata
721 3003 821 3079 durat,
840 3022 965 3092 propter
988 3010 1054 3074 elli·

128 3090 244 3154 caciam
259 3090 381 3155 divinae
394 3091 511 3155 uirtutis
524 3093 741 3155 consecrantis.
766 3091 936 3160 Ordinatur
950 3112 1053 3163 autem

127 3178 221 3264 hujus
245 3181 429 3245 sacramenti
453 3180 589 3244 inunctio
613 3179 652 3242 ad
683 3181 868 3259 sanandum;
900 3186 1053 3251 medicina

127 3281 231 3333 autern
257 3271 393 3334 snnrrtiva
417 3271 507 3334 toties
532 3268 635 3332 iterari
659 3268 751 3334 debet
779 3273 900 3354 quoties
924 3274 1055 3340 infirmi·

128 3369 176 3422 tau
198 3357 334 3424 iteratur.

196 3444 334 3522 Et‚licet
358 3445 450 3530 aliqui
475 3444 590 3510 sintin
629 3461 711 3512 statu
748 3449 924 3537 propinquo
959 3453 1051 3518 morti

126 3532 222 3602 edam
246 3535 364 3622 absque
387 3533 575 3616 infirmitate,
598 3549 631 3603 ut
654 3549 738 3626 patet
775 3540 808 3604 in
832 3539 880 3606 his
919 3541 971 3626 qui
996 3541 1054 3607 da·
