2484 3975
388 233 444 278 ira.
468 235 508 280 vv.
530 235 594 282 atr.
617 236 709 283 xxrn.
955 219 1013 284 tal

92 301 202 367 animo
232 322 303 367 meo
325 323 420 388 araque
444 305 486 367 ad
508 317 650 394 mortem,
672 305 788 384 Matth,
811 307 864 383 96,
887 305 940 384 583
976 324 1016 373 et:
1099 337 1106 348 ·

93 391 184 456 lllvvvve
207 393 316 456 animo
337 413 408 456 mea
433 392 559 458 turbata
583 406 639 473 est,
661 394 760 472 loen,
787 394 839 468 ld,
861 395 914 460 ul.
930 396 1017 461 Etne

92 479 173 546 forte
196 480 300 546 dicant
323 481 425 567 ipsum
449 481 561 546 Filium
578 482 636 546 Dei
655 482 791 547 enimam
808 483 867 547 dici
880 503 918 548 eo
933 485 1017 570 quod

91 567 265 634 secundum
289 589 398 634 corum
422 569 604 656 positionem
627 571 696 636 loco
718 574 841 635 animae
864 587 894 636 et
916 574 1016 639 carnis

95 660 148 735 sit,
169 658 359 722 sumendum
382 671 429 721 est
453 659 538 744 quod
560 659 714 724 Dominus
736 659 819 726 dicit:
832 660 1020 726 Poteetotem

92 745 191 810 nabeo
203 748 341 830 portendi
364 767 433 810 eom
455 748 605 834 (animam
629 748 760 834 meam),
783 761 813 813 et
831 760 1018 831 potestatem

96 836 194 900 liabeo
216 837 331 900 iterum
353 837 493 900 sumendi
518 857 598 916 com,
618 838 719 916 loen,
744 839 797 917 ld,
820 838 873 904 l8:
895 857 934 902 ex
956 859 1018 924 quo

96 924 277 1008 intelligitur
300 924 384 989 aliud
420 945 513 1010 quam
546 928 683 991 animam
716 947 784 992 esse
822 927 854 991 in
895 925 1017 992 Christo

97 1012 181 1097 quod
211 1013 318 1077 habuit
342 1025 521 1100 potestatem
545 1015 681 1102 ponendi
704 1017 840 1082 culmum
874 1035 963 1081 suam
988 1031 1018 1081 et

97 1101 251 1165 sumendi.
271 1100 339 1166 Non
363 1116 464 1166 autem
489 1102 545 1168 luit
568 1106 597 1168 in
615 1117 764 1190 potestate
779 1106 917 1192 corporis
932 1105 1017 1190 quod

98 1190 237 1254 uniretur
259 1189 335 1254 Filio
359 1190 415 1254 Dei
439 1191 487 1256 vel
510 1207 707 1278 separaretur
729 1214 747 1258 a
771 1194 849 1272 Deo,
861 1214 939 1277 cum,
958 1196 1018 1260 hoc

97 1277 189 1342 etiam
212 1292 340 1342 naturae
363 1292 544 1365 potestatem
581 1283 718 1346 excedat.
760 1280 893 1369 Oportet
925 1284 1019 1366 igitur

93 1365 222 1450 intelligi
247 1368 277 1430 in
302 1366 423 1432 Christo
446 1368 529 1434 aliud
553 1369 647 1435 luisse
684 1371 820 1436 animam
864 1384 895 1436 et
932 1372 1015 1436 aliud

93 1454 285 1520 divinitatem
309 1456 377 1521 Filii
399 1456 469 1536 Dei,
492 1458 542 1524 cui
565 1460 677 1524 merito
700 1461 769 1525 talis
791 1473 928 1548 potestas
963 1463 1017 1524 tri·

95 1545 219 1609 buntur.

161 1632 247 1710 ltem,
275 1631 420 1714 Tristitia,
443 1633 487 1699 ira
510 1647 541 1700 et
562 1635 741 1720 hujusmodi
764 1637 921 1722 passiones
944 1650 1016 1702 suut

92 1721 216 1787 animae
238 1723 412 1796 sensitivae,
434 1731 468 1788 ut
490 1737 573 1811 patet
596 1744 651 1810 per
674 1723 897 1812 Philosophum
919 1725 1016 1811 (ruy-

92 1809 159 1875 sio..
183 1811 229 1896 7).
247 1809 329 1875 llaec
344 1824 448 1875 autem
464 1812 495 1876 in
519 1812 639 1878 Christo
662 1811 756 1878 luisse
779 1833 817 1878 er
844 1815 1015 1899 Evangeliis

91 1899 322 1984 comprobatur.
346 1897 474 1986 Oportet
486 1900 579 1986 igitur
592 1903 624 1966 in
637 1901 759 1968 Christo
770 1900 863 1968 luisse
880 1904 1017 1968 animatu

89 1990 282 2066 sensitivam,
305 1988 344 2053 de
367 2009 427 2074 qua
451 1990 578 2077 planum
600 1991 754 2079 estquod
787 1992 889 2059 differt
922 2014 940 2059 a
963 2013 1017 2058 na·

91 2088 162 2143 tura
186 2077 287 2141 divina
311 2077 377 2142 Filii
401 2077 467 2144 Dei.

161 2164 234 2245 Sed,
256 2164 327 2250 quia
352 2179 450 2253 potest
471 2167 532 2234 dici
555 2168 691 2234 humano
715 2170 747 2234 in
763 2169 935 2256 Evangeliis
950 2191 1017 2235 me·

90 2252 252 2341 taphoriee
275 2254 333 2319 dici
357 2254 552 2335 decorisve,
576 2258 656 2323 sicut
678 2257 718 2323 de
740 2258 809 2324 Deo
842 2262 873 2323 in
908 2260 1017 2346 pleris-

89 2363 155 2429 que
178 2342 252 2408 locis
276 2342 368 2408 Sacra
392 2342 548 2431 Scriptura
572 2346 718 2431 loquitur,
734 2348 947 2434 accipiendum
970 2362 1018 2413 est

88 2431 209 2517 aliquid
233 2432 316 2517 quod
341 2452 468 2497 necesse
489 2434 528 2499 sit
550 2447 584 2498 ut
606 2435 732 2521 proprie
754 2435 872 2500 dietum
905 2435 1017 2501 intelli·

90 2534 195 2605 gutur.
218 2520 302 2587 Sicut
325 2520 408 2585 enim
432 2520 490 2586 alia
513 2522 696 2608 corporalia,
718 2540 798 2606 quoe
821 2525 860 2588 de
894 2521 1016 2590 Christo

90 2610 304 2693 Evangelistae
326 2624 466 2689 narrant,
492 2612 616 2699 proprie
640 2610 853 2696 intelliguntur
889 2626 919 2677 et
952 2634 1015 2678 non
1232 2691 1233 2694 Ἴ

90 2698 319 2785 metaphorice,
357 2699 396 2764 ite
421 2713 543 2785 oportet
566 2719 630 2765 non
654 2701 865 2787 metaphorice
887 2701 927 2766 de
948 2703 1016 2787 ipso
1060 2754 1066 2790 ,
1232 2703 1233 2766 l

89 2787 221 2870 intelligi
245 2786 328 2872 quod
351 2788 582 2855 manducaverit
605 2802 635 2854 et
657 2808 715 2875 per
726 2808 920 2875 consequens
931 2790 1015 2877 quod
1232 2817 1233 2822 ¹

89 2875 244 2943 esurierit.
269 2875 391 2942 Esurire
413 2890 516 2943 autem
539 2898 602 2943 non
624 2892 672 2943 est
694 2877 752 2942 nisi
776 2877 918 2944 habentis
949 2882 1016 2943 ani·

89 2984 178 3029 mam
201 2964 391 3041 sensitivam,
414 2986 485 3032 cum
509 2967 627 3032 esuries
648 2966 688 3031 sit
710 2968 862 3054 appetitus
884 2968 954 3033 cibi.
971 2966 1018 3032 0-

89 3067 194 3153 portet
217 3054 310 3139 igitur
332 3054 417 3142 quod
440 3055 580 3122 Christus
603 3055 746 3123 habuerit
768 3056 905 3122 animam
921 3058 1017 3122 seusi-

90 3154 196 3208 ovam.
