2484 3975
230 209 295 276 fbf
529 227 587 273 nra.
611 228 650 272 rr.
673 227 736 274 aar.
761 227 860 276 xxxiv.
910 240 912 247 ·

227 297 327 380 magis
350 295 582 383 quodammodo
607 298 767 376 exaltatur,
789 295 960 364 seeundum
982 291 1066 381 quod
1080 290 1151 382 ejus

228 385 401 452 sublimitas
416 405 454 450 ex
478 384 615 450 bonitate
638 401 848 452 creaturarum
861 396 997 472 apparet,
1009 397 1049 447 ¹et
1062 397 1150 448 tanto

228 476 361 560 ampfius
384 487 499 561 quanto
523 487 682 538 creaturae
714 474 827 540 fuerint
860 474 1014 539 meliores.
1047 469 1149 550 Unde,

229 565 255 629 si
279 563 415 630 Verbum
438 562 494 627 Dei
520 562 641 647 plenius
665 563 811 629 habitavit
834 568 864 628 in
888 563 1013 629 homine
1025 557 1150 625 Christo

229 673 322 738 quam
346 652 377 716 in
401 651 467 715 aliis
490 649 618 725 Sanctis,
642 653 745 716 minus
768 653 798 715 in
822 653 881 718 froc
903 671 995 739 quam
1025 649 1057 714 in
1080 649 1150 714 afiis

229 740 373 807 convenit
406 740 571 805 exinanitio
606 739 707 806 Verbi.
741 741 934 806 Manifestum
972 738 1152 823 estigitur

230 829 315 916 quod
339 829 413 894 unio
436 826 528 896 Verbi
553 828 591 891 ad
615 829 785 894 humanam
824 843 963 895 naturam
1001 847 1065 891 non
1103 839 1153 890 est

229 917 428 1002 intelligenda
454 917 624 981 secundum
647 917 745 983 solam
780 919 1033 984 inhabitationem
1055 914 1152 980 Verbi

129 1045 133 1056 «
229 1005 287 1071 Dei
311 1007 341 1070 in
366 1005 491 1070 homine
516 1005 578 1084 iffo,
602 1018 635 1070 ut
669 1006 826 1074 Nestorius
863 1006 994 1083 dicebat,
1015 1004 1072 1069 sed
1104 1024 1156 1068 se·

227 1094 366 1160 cundum
390 1095 473 1180 quod
497 1094 633 1162 Verbum
655 1095 711 1160 Dei
736 1117 808 1162 vere
838 1095 952 1162 factoro
974 1107 1020 1159 est
1042 1092 1153 1157 homo.

233 1183 379 1249 Sicanim
405 1183 504 1246 sofum
529 1182 655 1248 babebit
678 1185 780 1250 focum
804 1185 979 1261 exinanitio,
1014 1197 1046 1247 ut
1070 1183 1154 1248 scifi·

231 1284 281 1338 oet
304 1271 423 1335 dicatur
446 1271 581 1337 Verbum
604 1272 662 1338 Dei
685 1276 884 1352 exinanitum,
920 1273 999 1337 idest
1021 1291 1154 1357 parru-

229 1359 356 1436 faatum,
379 1379 440 1424 non
465 1361 631 1425 amissione
666 1365 809 1449 propriae
843 1360 1063 1446 magnitudinis
1096 1359 1155 1423 sed

232 1448 443 1534 assumptione
483 1450 638 1514 humanae
677 1453 841 1537 parvitatis;
879 1453 956 1516 siant
989 1449 1013 1514 si
1048 1450 1155 1512 anima

229 1538 450 1626 praeexisteret
472 1539 591 1624 corpori
631 1552 662 1603 et
693 1540 846 1606 diceretur
880 1539 946 1604 fieri
982 1536 1154 1603 substantia

231 1645 381 1710 corporea
405 1645 484 1710 quae
508 1642 552 1691 est
575 1629 681 1706 homo,
703 1649 766 1693 non
804 1629 975 1694 mutatione
1009 1627 1156 1712 propriae

232 1729 371 1792 naturae,
393 1714 448 1778 sed
471 1717 682 1801 assumptione
705 1731 833 1784 naturae
855 1735 1034 1803 corporeae.

299 1803 470 1880 Praeterea,
494 1804 687 1870 Manifestum
712 1821 757 1870 εει
780 1807 864 1893 quod
879 1806 1010 1891 Spiritus
1022 1802 1157 1867 Sanctus

232 1893 264 1956 in
282 1892 409 1956 homine
431 1892 552 1957 Christo
577 1894 732 1973 habitavit3
749 1896 953 1960 diciturenim
970 1891 1157 1980 quodfacto

230 1981 343 2067 plenas
370 1979 488 2066 Spiritu
516 1981 627 2047 Sancto
651 2006 808 2068 repressus
830 1997 906 2051 csta
921 1983 1068 2057 taraone,
1082 1979 1156 2045 buc.

232 2071 264 2148 f,
290 2070 319 2135 f.
343 2068 375 2134 Si
399 2072 492 2155 igitur
516 2072 683 2138 incarnatio
708 2074 796 2140 Verbi
821 2074 993 2139 secundum
1023 2073 1085 2137 hoe
1105 2091 1159 2135 so·

231 2159 298 2227 lum
321 2158 520 2243 intelligenda
544 2164 695 2247 estquod
721 2163 855 2229 Verbum
879 2163 936 2226 Dei
970 2161 1002 2224 in
1026 2160 1159 2224 bomine

232 2248 285 2313 iffo
300 2246 497 2333 plenissimae
521 2249 678 2329 habitavit,
701 2258 828 2317 necesse
854 2252 912 2316 erit
945 2250 1047 2314 dicere
1069 2248 1160 2333 quod

233 2337 327 2401 etiam
350 2335 480 2421 Spiritus
504 2335 634 2405 Sanctus
657 2342 714 2404 erit
738 2343 925 2419 incarnatus,
946 2337 1030 2426 quod
1052 2350 1101 2403 est
1123 2358 1161 2402 o·

233 2426 342 2491 mirina
366 2422 502 2489 alienum
527 2446 544 2488 a
568 2426 707 2494 doctrina
731 2430 811 2496 fidei.

300 2512 417 2591 Adhuc,
439 2512 634 2580 Manifestum
657 2531 703 2581 est
727 2517 863 2583 Verbum
886 2517 944 2582 Dei
968 2518 999 2582 in
1037 2513 1162 2579 Sanctis
1214 2525 1215 2602 t

232 2602 357 2687 Angelis
381 2602 529 2677 habitare,
552 2605 604 2690 qui
640 2607 870 2694 participatione
909 2605 1001 2671 Verbi
1039 2602 1158 2667 intelli·

235 2690 339 2776 gentio
361 2690 530 2777 repfeutnr3
565 2693 638 2759 dicit
671 2696 754 2760 enim
792 2694 964 2781 Apostolus:
996 2691 1164 2774 Nusquam

234 2780 366 2864 Anpefos
396 2781 609 2863 apprehendit,
646 2784 701 2847 sed
723 2804 827 2847 semen
863 2783 1009 2847 Abrahae
1043 2800 1164 2865 appre-

234 2866 350 2942 hendit,
375 2866 464 2941 Meb,
495 2869 603 2944 216.
638 2870 831 2936 Manifestum
861 2885 909 2937 est
945 2872 1037 2956 igitur
1071 2868 1163 2954 quod

235 2958 403 3041 assumptio
427 2957 581 3023 humanae
604 2974 732 3023 naturae
755 2981 772 3025 a
803 2960 903 3026 Verbo
941 2980 1004 3025 non
1040 2970 1089 3022 est
1110 2978 1162 3022 se·

234 3044 371 3115 cundum
395 3045 494 3109 sufem
518 3045 772 3113 inhabitationem
797 3048 984 3135 accipienda.

299 3132 418 3208 Adhuc,
441 3134 485 3212 si,
507 3135 678 3201 secundum
703 3138 887 3224 positionem
907 3135 1049 3213 Nestorii,
1069 3132 1163 3199 Chri·

234 3235 299 3291 stus
322 3236 482 3308 separetur
505 3224 534 3287 in
559 3223 636 3289 duos
659 3226 830 3291 secundum
854 3226 1043 3313 hypostasim
1065 3221 1162 3287 diffe-

237 3326 351 3387 rentes,
375 3310 506 3377 idestin
538 3311 674 3379 Verbum
698 3314 755 3379 Dei
792 3328 822 3379 et
859 3314 1019 3379 hominem
1057 3310 1163 3387 ilium,

241 3399 431 3488 impossibiie
455 3400 604 3487 estquod
628 3402 765 3468 Verbum
786 3404 842 3468 Dei
866 3402 1004 3467 Christus
1026 3400 1163 3476 dicatum

245 3492 329 3577 quod
352 3500 435 3573 patet
457 3501 522 3551 tum
546 3502 583 3552 ex
606 3489 700 3556 modo
717 3491 863 3579 loquendi
877 3491 1064 3579 scripturae,
1076 3507 1164 3574 quae
