2484 3975
218 186 285 285 bib
517 236 573 283 aru.
598 238 641 283 tv..
658 238 722 284 oar.
746 236 867 282 tumn.

213 316 337 392 peccato
361 306 686 389 nascanturoriginali
710 326 782 372 cum
794 305 958 373 necessitas
974 306 1129 378 meumst·
1239 291 1241 336 ³

210 396 249 463 sit
272 412 371 480 poena
395 414 587 479 consequens
610 406 770 482 peccatum
789 392 954 478 'originales
975 394 1060 478 quod
1082 392 1131 466 ess

209 498 316 551 contra
338 482 517 568 Apostolum
541 482 699 553 dicentem
722 482 805 570 qnod
836 502 895 567 per
916 502 1012 550 uatum
1033 484 1131 550 bonai,

209 592 280 637 neos
298 580 460 655 peccatum
482 572 515 639 iu
549 572 628 639 ltrtne
665 573 815 640 moratium
849 572 989 648 intenuit,
1023 584 1052 635 ct
1069 593 1134 657 por

206 671 368 743 peccatum
390 680 484 737 murm
507 672 537 729 et
558 660 605 725 ito
626 662 659 725 in
680 657 785 729 omnes
800 660 937 725 bominac
961 680 1046 724 mors
1058 682 1133 745 per.

212 750 347 826 troanie,
370 747 470 828 llum,
494 748 523 826 ll,
551 749 602 818 lb.
627 748 748 819 Deinde
787 750 925 833 sequitur
948 748 1032 833 quoti
1067 770 1133 819 non

212 845 322 905 ornnes
344 836 501 923 indigeant
523 836 748 924 redemptione,
770 858 852 924 quae
886 849 934 903 est
957 856 974 902 a
998 834 1141 917 Christo·

214 925 238 991 si
263 926 355 1012 aliqui
378 927 446 993 sine
469 940 595 1012 peccato
617 924 758 1009 originali
793 938 824 992 et
847 924 1027 992 necessitate
1064 946 1134 993 mo

216 1014 312 1079 riendi
337 1026 510 1091 nascentum
533 1028 563 1081 et
586 1014 631 1083 sio
651 1014 789 1091 Christus
812 1035 875 1081 non
910 1016 969 1081 erit
989 1015 1133 1083 omnium

215 1102 375 1171 bominum
400 1116 500 1189 capuit
524 1103 607 1189 quod
631 1118 676 1171 est
698 1117 805 1169 contra
839 1102 1023 1171 sententiam
1046 1104 1130 1191 Apo·

212 1190 281 1260 stoli
304 1191 432 1261 dicentis
455 1191 556 1277 quod,
575 1194 654 1260 sieut
678 1194 711 1259 in
733 1191 836 1261 Adam
866 1212 972 1257 omues
994 1193 1132 1260 moriun-

212 1290 272 1360 tur,
294 1282 339 1345 t'tu
363 1291 393 1349 et
406 1280 438 1347 t'o
465 1280 585 1345 cursio
607 1302 714 1347 omncs
738 1280 1020 1364 uiuificcbuuiur,l
1047 1280 1132 1361 Con,

211 1368 264 1447 15,
287 1370 339 1437 bi.
364 1368 510 1453 Sequitur
532 1369 626 1439 etiarn
647 1383 678 1434 ct
708 1369 792 1439 aliud
831 1368 1062 1445 inconveniens,
1098 1383 1132 1436 nt

208 1476 341 1543 quorum
369 1470 414 1524 est
436 1457 545 1527 similis
568 1458 727 1541 generatio
749 1458 873 1526 nonsit
904 1457 1013 1523 similis
1034 1478 1130 1541 gene„

210 1546 334 1613 rationis
358 1546 518 1621 terminum
541 1546 683 1616 homines
699 1546 782 1616 enim
806 1566 861 1635 par
884 1545 1128 1629 generationem,

209 1655 289 1720 qrrae
300 1649 345 1703 est
359 1654 394 1701 es
407 1635 539 1709 semine,
552 1651 634 1704 nunc
642 1634 767 1721 quidem
780 1647 1014 1721 consequuntur
1024 1655 1130 1703 eorru-

210 1723 347 1808 ptibilem
361 1726 465 1801 ritem,
480 1736 551 1793 tunc
568 1736 671 1793 autem
685 1723 903 1793 immortalem.
920 1759 965 1773 --
976 1720 1008 1790 Si
1025 1734 1147 1791 autem

210 1812 351 1881 homines
363 1812 414 1898 qui
429 1825 500 1882 tune
513 1825 676 1887 nuscuntur
688 1811 902 1897 corruptibiles
914 1824 1006 1881 erunt
1018 1826 1048 1878 et
1061 1833 1130 1879 mo-

212 1901 340 1978 rientur,
356 1901 403 1968 vc}
416 1902 525 1968 iterato
548 1912 710 1985 resurgent
733 1900 781 1969 ael
796 1920 870 1969 non.
894 1900 926 1966 Si
942 1900 1052 1967 iterato
1067 1922 1130 1970 uon

210 2003 384 2074 resurgunt,
400 2003 546 2076 sentietur
561 1991 645 2074 quod
657 2009 766 2060 eorum
781 1990 903 2060 animae
915 2003 1065 2074 perpetuo
1078 2011 1127 2056 rc·

209 2079 377 2146 manebunt
393 2100 410 2147 a
433 2078 614 2165 serpenbus
629 2079 799 2164 separatam
811 2078 894 2164 quod
918 2090 964 2142 est
980 2079 1127 2143 inconve-

205 2166 304 2249 niens,
319 2188 389 2234 oum
406 2168 465 2237 sint
476 2167 615 2252 ejusdem
629 2167 741 2252 speciei
753 2187 825 2237 oum
839 2167 1004 2235 animabus
1025 2167 1126 2233 homi-

206 2275 280 2323 num
298 2255 535 2340 resurgentium.
549 2255 580 2322 Si
595 2269 699 2324 autem
712 2268 742 2321 et
758 2256 815 2341 ipsi
830 2268 1009 2338 resurgunt,
1021 2255 1131 2323 debuit

205 2363 313 2412 eorum
338 2346 521 2415 resurreetio
540 2343 584 2428 ab
606 2343 673 2414 aliis
685 2344 851 2430 expectari,
866 2358 898 2409 ut
913 2343 1005 2408 simul
1029 2346 1129 2412 omoi-

205 2432 263 2496 bus
282 2433 334 2519 qni
359 2455 451 2502 unam
475 2446 616 2502 naturam
642 2433 823 2520 participant
840 2432 1025 2500 beneficium
1049 2453 1127 2499 eon·

203 2519 321 2590 leretur
343 2522 586 2596 resurrectionis,
608 2521 692 2606 qttod
716 2521 754 2588 ed
790 2534 919 2590 naturae
956 2523 1128 2605 reparatio·

206 2629 277 2681 nem
301 2611 444 2696 partinet,
469 2623 501 2680 ut
522 2629 560 2680 et
584 2609 672 2678 dietis
695 2609 748 2695 (c.
764 2607 802 2677 at
825 2612 836 2690 l
860 2622 953 2696 patet.
979 2609 1013 2678 llt
1037 2630 1128 2694 prae·

206 2711 288 2772 terea
313 2719 374 2766 non
399 2699 610 2770 videturesse
638 2698 739 2784 aliqua
778 2697 858 2764 ratio
896 2717 992 2799 poure
1030 2697 1127 2785 aliqui

206 2801 406 2873 expectentur
429 2789 467 2853 ad
490 2787 584 2860 simul
607 2785 842 2870 resurgendum,
880 2807 906 2853 st
928 2805 991 2855 oon
1014 2806 1127 2856 ornnes

206 2889 416 2962 expectentur.
465 2921 466 2929 κ

271 2963 389 3037 tutuo,
412 2963 442 3031 Si
467 2964 608 3032 laomines
632 2976 827 3046 resurgentes
842 2962 982 3032 venereis
998 2974 1126 3029 utentur

205 3065 236 3118 et
258 3053 460 3137 generabunt,
483 3068 534 3122 cut
557 3053 616 3121 lano
640 3051 697 3122 erit
719 3071 843 3136 semper
879 3064 932 3115 out
955 3070 1017 3118 rron
1041 3071 1128 3117 sem·

206 3161 269 3226 per.
294 3141 326 3209 Si
349 3161 482 3227 semper,
506 3155 652 3227 sequetur
675 3141 757 3225 qood
783 3139 998 3226 multiplicatio
1021 3139 1127 3206 botui-

204 3249 280 3295 num
304 3230 361 3296 erit
383 3230 414 3294 in
438 3229 603 3300 inlinitum.
628 3229 758 3298 intentio
781 3241 895 3297 autern*
919 3241 1046 3295 naturae
1069 3249 1127 3314 ge·

205 3319 339 3385 nerontis
362 3331 430 3404 post
452 3318 710 3399 resurrectionem
735 3338 796 3382 non
832 3316 943 3404 poterit
977 3336 1044 3382 esse
1082 3317 1124 3385 ud

203 3405 297 3469 alium
322 3404 416 3472 linem
440 3425 532 3491 quam
556 3405 594 3472 etl
626 3404 910 3491 multiplicationem
946 3406 1124 3476 bominum:

203 3511 265 3556 non
290 3495 373 3588 enim
396 3494 454 3566 crit
476 3494 515 3558 ad
548 3498 814 3562 conseruationem
850 3493 964 3580 speciei
987 3514 1043 3581 per
1062 3513 1123 3578 ge·
