2484 3975
414 242 470 289 tn.
494 244 531 289 tr.
555 231 619 289 eti.
644 238 763 289 erratu.
979 218 1046 288 3t5

124 332 128 337 ·
193 312 253 378 Per
277 310 337 379 boc
360 326 462 378 autem
486 310 660 379 excluditur
684 330 772 379 error
802 308 993 377 ludaeorum
1017 324 1047 376 et

125 402 363 474 Saracenorum,
397 400 449 485 qui
485 414 603 487 ponunt
638 402 721 488 quod
757 399 788 465 in
823 399 1049 466 resurrectione

125 490 270 555 ltomines
293 490 369 555 cibis
391 504 422 554 et
445 491 583 555 venereis
607 502 747 566 utentur,
771 486 851 553 sicut
889 500 920 553 et
954 509 1047 554 nnnc.

125 578 214 661 Quos
237 578 329 642 etiam
353 578 478 663 quidam
503 578 667 645 Christiani
692 578 837 643 lraerctlei
857 576 1048 655 suntseouti,

124 667 192 751 qui,
215 680 364 753 ponentes
387 686 517 751 regnum
541 667 651 735 Christi
676 667 813 733 laturum
827 666 857 731 in
883 668 970 732 terris
987 680 1048 732 ter·

124 774 238 820 renum
263 775 318 841 per
341 754 424 821 mille
447 776 557 835 annos,
595 758 628 822 in
662 758 729 843 ipsa
764 756 864 841 spatio
899 756 1049 843 temporis

125 842 234 910 dicunt
256 864 310 909 eos
332 844 384 929 qui
410 858 482 910 tune
506 846 729 911 resurrexerint
755 843 1050 911 immoderatissimas

124 932 302 997 carnalibus
341 932 438 1016 epulis
468 949 639 1009 vacaturos,
676 934 706 998 in
742 933 855 1016 quibus
888 934 928 997 sit
961 933 1048 999 cibus

122 1033 226 1085 tantus
250 1034 303 1085 aut
327 1034 417 1104 potus
441 1036 474 1087 ut
498 1044 559 1089 oon
583 1024 687 1099 solum·
709 1022 825 1088 nullam
864 1022 1047 1087 modestiam

123 1122 260 1186 teneant,
283 1110 337 1173 sed
362 1110 489 1175 modum
514 1132 639 1195 quoque
662 1112 757 1197 ipsius
783 1110 971 1175 credulitatis
995 1130 1048 1175 cx-

122 1198 244 1263 cedaot.
269 1198 360 1263 Nullo
384 1214 485 1263 autem
510 1200 603 1266 modo
628 1201 684 1265 ista
709 1213 838 1284 possunt
869 1200 925 1263 nisi
950 1220 1048 1265 acar·
1158 1254 1168 1267 s

123 1286 245 1352 nalibus
268 1286 363 1352 credi.
389 1286 423 1351 lli
449 1302 551 1353 autem
575 1289 628 1374 qni
651 1289 830 1374 spirituales
868 1301 940 1352 sunt
974 1287 1049 1355 istos

121 1378 179 1439 istu
221 1375 381 1439 eredentes
413 1376 582 1447 Χιλιαστάς
616 1376 774 1464 appeliant
811 1396 924 1460 graeco
958 1397 1050 1442 roca·

124 1463 210 1539 bul03
234 1463 316 1547 quod
342 1464 470 1529 uerbum
495 1486 513 1528 e
537 1466 633 1531 uerbo
657 1466 864 1550 exprimentes
898 1486 956 1530 nos
979 1486 1051 1552 pos·
1097 1462 1104 1471 '

122 1572 232 1617 eunius
246 1552 439 1618 Milleaarios
453 1574 643 1640 nuncupare,
658 1570 689 1619 ut
703 1554 888 1629 Aturustinus
900 1553 973 1619 dicit
985 1557 1048 1638 (ll.

191 1639 269 1703 Sunt
292 1655 394 1705 autem
418 1643 570 1727 quaedam
595 1663 677 1729 quae
707 1644 779 1707 huic
813 1642 950 1728 opinioni
985 1642 1048 1709 sul-

123 1727 236 1811 sragari
261 1727 411 1794 uidentur.
438 1730 471 1795 Et
495 1733 594 1818 primo
618 1730 757 1817 quidem,
778 1731 959 1818 quiaddam
976 1746 1047 1797 ante

122 1830 283 1903 peccatum
308 1818 400 1883 vitam
424 1819 531 1885 babuit
554 1820 771 1897 immortalem,
795 1834 825 1884 et
856 1821 1048 1886 tamencibis

123 1919 155 1971 et
178 1906 316 1970 venereis
340 1908 381 1971 uti
405 1909 502 1994 potuit
526 1911 556 1975 in
581 1910 633 1973 illo
656 1922 746 1985 statu,
775 1929 847 1973 cum
882 1922 957 2009 ante
978 1928 1048 1996 pec·

123 1993 227 2059 caium
252 1994 293 2059 illi
318 1996 356 2060 sit
378 1996 504 2064 dictum:
543 1999 686 2075 Crescite,
719 2009 750 2062 ct
785 1999 1048 2081 multiplicamini,

124 2082 214 2160 Gen,
233 2082 261 2157 l,
284 2083 338 2162 28,
363 2099 393 2149 et
416 2087 541 2154 iterum:
567 2087 712 2153 Esomni
735 2088 816 2173 lipuo
836 2088 982 2172 paradisi
998 2107 1048 2152 co·

123 2171 224 2247 mede,
247 2171 335 2247 (lem,
359 2175 390 2252 ἢ,
415 2176 466 2241 td.
1045 2258 1048 2262 ,

194 2260 313 2326 Deinde
337 2265 402 2348 ipse
424 2263 561 2330 Christus
585 2277 655 2350 post
690 2265 946 2330 resurrectionem
971 2264 1049 2349 legi·

124 2363 177 2413 tur
199 2351 370 2416 comedisse
392 2365 422 2416 et
445 2352 570 2417 bibisse:
593 2352 706 2416 dicitnr
746 2352 827 2417 cuim
854 2352 948 2436 qood,
983 2373 1053 2418 urm
1105 2411 1109 2421 .

123 2439 346 2504 manducasset
367 2460 472 2504 raram
494 2441 667 2524 discipulis,
684 2461 807 2505 sumens
825 2443 977 2526 reliquias
998 2443 1051 2507 de·

124 2526 173 2590 dit
197 2527 349 2604 ciebas,
372 2528 424 2604 bd,
448 2530 501 2604 ⁴33
524 2541 554 2592 et
577 2529 650 2594 dicit
674 2528 794 2596 Petrus:
824 2529 922 2608 Hune,
936 2530 1053 2596 scilicet

126 2617 245 2691 Iesum,
269 2616 351 2680 Deus
374 2619 533 2683 suscitavit
557 2620 650 2682 tertia
671 2618 733 2696 dic,
756 2629 785 2683 ct
799 2619 887 2683 dedit
903 2639 971 2682 eum
983 2639 1052 2682 ma·

126 2703 272 2786 bifestum
295 2705 374 2792 fieri,
397 2727 456 2771 uon
480 2706 788 2790 omnipopotens
813 2705 938 2771 testibus
959 2727 1053 2790 prae·

125 2792 282 2857 ordinatis
305 2813 324 2858 a
348 2791 425 2872 Deo,
449 2795 546 2872 uobis,
569 2795 623 2879 qui
645 2795 899 2861 manducavimus
922 2805 952 2858 et
976 2794 1053 2861 bibi·

126 2901 199 2948 mus
221 2902 289 2946 eum
312 2883 378 2952 illo,
399 2897 564 2968 postquam
587 2885 758 2950 resurrexit
779 2904 799 2949 a
822 2883 963 2961 mortuis,
988 2885 1053 2952 Act.

126 2972 245 3057 Apost„
262 2971 313 3045 tt),
338 2970 450 3036 td-tt.

196 3057 273 3122 Sunt
297 3059 388 3124 etiam
413 3059 565 3145 quaedam
589 3061 784 3127 auctoritates
807 3080 886 3147 quae
913 3061 1053 3130 ciborum

127 3146 277 3213 usumin
303 3147 481 3228 hujusmodi
506 3161 585 3213 statu
623 3149 801 3215 bominibus
840 3152 1056 3236 repromittere

126 3233 282 3322 videntur.
306 3235 428 3300 Dicitur
451 3236 544 3300 enim:
570 3237 677 3302 Faciet
693 3239 845 3302 Dominus
867 3240 1055 3306 exercituum

125 3321 273 3388 amitibus
294 3325 420 3408 popidis
442 3326 475 3388 in
497 3335 598 3388 monte
613 3326 670 3390 buc
691 3326 861 3390 coavivium
883 3328 1054 3411 pinquium,

127 3410 300 3476 cotruiuium
322 3413 505 3490 vindemiae,
529 3415 689 3498 piupuium
703 3414 955 3494 medullatorum,
989 3418 1056 3481 oin·

181 3514 223 3589 (l)
240 3515 267 3572 S.
285 3517 361 3590 Aug,
379 3521 410 3575 dc
430 3517 507 3576 Ciuit.
526 3516 590 3588 Dei,
608 3520 626 3573 l.
639 3535 684 3577 xx.
