<?xml version="1.0" encoding="UTF-8"?>
<!DOCTYPE html PUBLIC "-//W3C//DTD XHTML 1.0 Transitional//EN"
    "http://www.w3.org/TR/xhtml1/DTD/xhtml1-transitional.dtd">
<html xmlns="http://www.w3.org/1999/xhtml" xml:lang="en" lang="en">
 <head>
  <title>
</title>
<meta http-equiv="Content-Type" content="text/html;charset=utf-8" />
  <meta name='ocr-system' content='tesseract 3.04.00' />
  <meta name='ocr-capabilities' content='ocr_page ocr_carea ocr_par ocr_line ocrx_word'/>
</head>
<body>
  <div class='ocr_page' id='page_1' title='image "./sanctithomaeaqu01thomgoog_0511.png"; bbox 0 0 2484 3975; ppageno 0'>
   <div class='ocr_carea' id='block_1_1' title="bbox 94 227 1017 858">
    <p class='ocr_par' dir='ltr' id='par_1_1' title="bbox 94 227 1017 858">
     <span class='ocr_line' id='line_1_1' title="bbox 264 227 1017 320; baseline -0.011 -17"><span class='ocrx_word' id='word_1_1' title='bbox 264 315 267 320; x_wconf 27' lang='lat'>·</span> <span class='ocrx_word' id='word_1_2' title='bbox 344 255 381 302; x_wconf 81' lang='lat' dir='ltr'>oe</span> <span class='ocrx_word' id='word_1_3' title='bbox 404 245 586 302; x_wconf 78' lang='lat' dir='ltr'>soos&#39;rnrirns</span> <span class='ocrx_word' id='word_1_4' title='bbox 608 251 762 299; x_wconf 75' lang='lat' dir='ltr'>serenius</span> <span class='ocrx_word' id='word_1_5' title='bbox 953 227 1017 304; x_wconf 72' lang='lat'>507</span> 
     </span>
     <span class='ocr_line' id='line_1_2' title="bbox 98 324 1017 412; baseline 0.001 -20"><span class='ocrx_word' id='word_1_6' title='bbox 98 325 268 412; x_wconf 70' lang='lat' dir='ltr'>duns‘dcos</span> <span class='ocrx_word' id='word_1_7' title='bbox 292 327 431 404; x_wconf 79' lang='lat' dir='ltr'>vocabat,</span> <span class='ocrx_word' id='word_1_8' title='bbox 454 339 602 411; x_wconf 77' lang='lat' dir='ltr'>utsupra</span> <span class='ocrx_word' id='word_1_9' title='bbox 630 324 756 389; x_wconf 82' lang='lat' dir='ltr'>dictum¹</span> <span class='ocrx_word' id='word_1_10' title='bbox 771 335 826 399; x_wconf 89' lang='lat' dir='ltr'>est;</span> <span class='ocrx_word' id='word_1_11' title='bbox 844 327 1017 393; x_wconf 84' lang='lat' dir='ltr'>secondum</span> 
     </span>
     <span class='ocr_line' id='line_1_3' title="bbox 99 414 1015 500; baseline 0 -20"><span class='ocrx_word' id='word_1_12' title='bbox 99 415 291 481; x_wconf 77' lang='lat' dir='ltr'><strong>Aristotelem</strong></span> <span class='ocrx_word' id='word_1_13' title='bbox 316 435 400 491; x_wconf 81' lang='lat' dir='ltr'>vero,</span> <span class='ocrx_word' id='word_1_14' title='bbox 417 414 527 500; x_wconf 80' lang='lat' dir='ltr'>purtim</span> <span class='ocrx_word' id='word_1_15' title='bbox 544 435 599 500; x_wconf 88' lang='lat' dir='ltr'>per</span> <span class='ocrx_word' id='word_1_16' title='bbox 614 414 741 499; x_wconf 84' lang='lat' dir='ltr'>species,</span> <span class='ocrx_word' id='word_1_17' title='bbox 758 414 870 498; x_wconf 81' lang='lat' dir='ltr'>purtim</span> <span class='ocrx_word' id='word_1_18' title='bbox 887 415 1015 500; x_wconf 84' lang='lat' dir='ltr'>quidem</span> 
     </span>
     <span class='ocr_line' id='line_1_4' title="bbox 98 504 1017 590; baseline 0.002 -22"><span class='ocrx_word' id='word_1_19' title='bbox 98 523 151 589; x_wconf 85' lang='lat' dir='ltr'>per</span> <span class='ocrx_word' id='word_1_20' title='bbox 171 524 259 569; x_wconf 82' lang='lat' dir='ltr'>suem</span> <span class='ocrx_word' id='word_1_21' title='bbox 283 505 460 580; x_wconf 77' lang='lat' dir='ltr'><strong>essentiam,</strong></span> <span class='ocrx_word' id='word_1_22' title='bbox 484 504 594 589; x_wconf 78' lang='lat' dir='ltr'>partim</span> <span class='ocrx_word' id='word_1_23' title='bbox 619 523 692 567; x_wconf 85' lang='lat' dir='ltr'>vero</span> <span class='ocrx_word' id='word_1_24' title='bbox 728 521 782 587; x_wconf 85' lang='lat' dir='ltr'>per</span> <span class='ocrx_word' id='word_1_25' title='bbox 806 504 1017 590; x_wconf 80' lang='lat' dir='ltr'>participatio-</span> 
     </span>
     <span class='ocr_line' id='line_1_5' title="bbox 95 592 1016 678; baseline 0 -20"><span class='ocrx_word' id='word_1_26' title='bbox 95 612 166 658; x_wconf 89' lang='lat' dir='ltr'>nem</span> <span class='ocrx_word' id='word_1_27' title='bbox 189 592 360 657; x_wconf 84' lang='lat' dir='ltr'>iormarum</span> <span class='ocrx_word' id='word_1_28' title='bbox 396 592 634 676; x_wconf 74' lang='lat' dir='ltr'>intelligibilium</span> <span class='ocrx_word' id='word_1_29' title='bbox 673 604 883 676; x_wconf 77' lang='lat' dir='ltr'>separatarum</span> <span class='ocrx_word' id='word_1_30' title='bbox 921 594 1016 678; x_wconf 84' lang='lat' dir='ltr'>ipsius</span> 
     </span>
     <span class='ocr_line' id='line_1_6' title="bbox 94 679 1015 768; baseline 0.002 -22"><span class='ocrx_word' id='word_1_31' title='bbox 94 683 183 768; x_wconf 79' lang='lat' dir='ltr'>&#39;primi</span> <span class='ocrx_word' id='word_1_32' title='bbox 208 681 405 766; x_wconf 76' lang='lat' dir='ltr'>intelligibilis</span> <span class='ocrx_word' id='word_1_33' title='bbox 428 679 511 767; x_wconf 79' lang='lat' dir='ltr'>qrrod</span> <span class='ocrx_word' id='word_1_34' title='bbox 534 695 580 746; x_wconf 83' lang='lat' dir='ltr'>est</span> <span class='ocrx_word' id='word_1_35' title='bbox 596 680 690 757; x_wconf 83' lang='lat' dir='ltr'>Deus,</span> <span class='ocrx_word' id='word_1_36' title='bbox 713 701 729 744; x_wconf 85' lang='lat' dir='ltr'>o</span> <span class='ocrx_word' id='word_1_37' title='bbox 753 697 815 764; x_wconf 89' lang='lat' dir='ltr'>quo</span> <span class='ocrx_word' id='word_1_38' title='bbox 839 695 869 746; x_wconf 88' lang='lat' dir='ltr'>et</span> <span class='ocrx_word' id='word_1_39' title='bbox 892 703 960 748; x_wconf 80' lang='lat' dir='ltr'>esse</span> <span class='ocrx_word' id='word_1_40' title='bbox 984 696 1015 748; x_wconf 87' lang='lat' dir='ltr'>et</span> 
     </span>
     <span class='ocr_line' id='line_1_7' title="bbox 94 769 504 858; baseline 0 -24"><span class='ocrx_word' id='word_1_41' title='bbox 94 769 264 856; x_wconf 87' lang='lat' dir='ltr'>intelligere</span> <span class='ocrx_word' id='word_1_42' title='bbox 288 771 504 858; x_wconf 33' lang='lat' dir='ltr'>participante</span> 
     </span>
    </p>
   </div>
   <div class='ocr_carea' id='block_1_2' title="bbox 411 945 703 1012">
    <p class='ocr_par' dir='ltr' id='par_1_2' title="bbox 411 945 703 1012">
     <span class='ocr_line' id='line_1_8' title="bbox 411 945 703 1012; baseline -0.007 0"><span class='ocrx_word' id='word_1_43' title='bbox 411 946 590 1012; x_wconf 77' lang='lat' dir='ltr'>CAPUT</span> <span class='ocrx_word' id='word_1_44' title='bbox 626 945 703 1012; x_wconf 79' lang='lat' dir='ltr'>xlv.</span> 
     </span>
    </p>
   </div>
   <div class='ocr_carea' id='block_1_3' title="bbox 115 1124 990 1210">
    <p class='ocr_par' dir='ltr' id='par_1_3' title="bbox 115 1124 990 1210">
     <span class='ocr_line' id='line_1_9' title="bbox 115 1124 990 1210; baseline 0.002 -22"><span class='ocrx_word' id='word_1_45' title='bbox 115 1124 203 1204; x_wconf 85' lang='lat' dir='ltr'>Quod</span> <span class='ocrx_word' id='word_1_46' title='bbox 224 1126 331 1191; x_wconf 71' lang='lat' dir='ltr'>diodero</span> <span class='ocrx_word' id='word_1_47' title='bbox 349 1126 549 1210; x_wconf 81' lang='lat' dir='ltr'>providentio</span> <span class='ocrx_word' id='word_1_48' title='bbox 572 1125 616 1190; x_wconf 90' lang='lat' dir='ltr'>od</span> <span class='ocrx_word' id='word_1_49' title='bbox 638 1125 767 1188; x_wconf 82' lang='lat' dir='ltr'>minimo</span> <span class='ocrx_word' id='word_1_50' title='bbox 791 1143 822 1188; x_wconf 80' lang='lat' dir='ltr'>re</span> <span class='ocrx_word' id='word_1_51' title='bbox 845 1126 990 1190; x_wconf 67' lang='lat' dir='ltr'>exlendit.</span> 
     </span>
    </p>
   </div>
   <div class='ocr_carea' id='block_1_4' title="bbox 51 1301 1015 3611">
    <p class='ocr_par' dir='ltr' id='par_1_4' title="bbox 87 1301 1015 1634">
     <span class='ocr_line' id='line_1_10' title="bbox 154 1301 1015 1405; baseline 0.004 -40"><span class='ocrx_word' id='word_1_52' title='bbox 154 1301 237 1367; x_wconf 87' lang='lat' dir='ltr'>Sicut</span> <span class='ocrx_word' id='word_1_53' title='bbox 260 1316 365 1368; x_wconf 83' lang='lat' dir='ltr'>eutem</span> <span class='ocrx_word' id='word_1_54' title='bbox 389 1303 524 1367; x_wconf 75' lang='lat' dir='ltr'>divinam</span> <span class='ocrx_word' id='word_1_55' title='bbox 560 1301 769 1405; x_wconf 79' lang='lat' dir='ltr'>cognitionem</span> <span class='ocrx_word' id='word_1_56' title='bbox 792 1321 921 1366; x_wconf 88' lang='lat' dir='ltr'>necesse</span> <span class='ocrx_word' id='word_1_57' title='bbox 944 1317 1015 1382; x_wconf 89' lang='lat' dir='ltr'>est,</span> 
     </span>
     <span class='ocr_line' id='line_1_11' title="bbox 89 1391 1013 1494; baseline 0.003 -39"><span class='ocrx_word' id='word_1_58' title='bbox 89 1391 258 1456; x_wconf 81' lang='lat' dir='ltr'>secundum</span> <span class='ocrx_word' id='word_1_59' title='bbox 282 1392 461 1494; x_wconf 80' lang='lat' dir='ltr'>praemisso,</span> <span class='ocrx_word' id='word_1_60' title='bbox 497 1409 594 1476; x_wconf 82' lang='lat' dir='ltr'>noque</span> <span class='ocrx_word' id='word_1_61' title='bbox 618 1391 656 1454; x_wconf 90' lang='lat' dir='ltr'>nd</span> <span class='ocrx_word' id='word_1_62' title='bbox 694 1391 821 1454; x_wconf 82' lang='lat' dir='ltr'>minima</span> <span class='ocrx_word' id='word_1_63' title='bbox 848 1411 954 1457; x_wconf 88' lang='lat' dir='ltr'>rernm</span> <span class='ocrx_word' id='word_1_64' title='bbox 979 1415 1013 1458; x_wconf 84' lang='lat' dir='ltr'>se</span> 
     </span>
     <span class='ocr_line' id='line_1_12' title="bbox 88 1475 1014 1564; baseline 0.002 -20"><span class='ocrx_word' id='word_1_65' title='bbox 88 1480 263 1555; x_wconf 76' lang='lat' dir='ltr'>extendere,</span> <span class='ocrx_word' id='word_1_66' title='bbox 286 1482 325 1545; x_wconf 83' lang='lat' dir='ltr'>ite</span> <span class='ocrx_word' id='word_1_67' title='bbox 351 1491 476 1546; x_wconf 83' lang='lat' dir='ltr'>neeesse</span> <span class='ocrx_word' id='word_1_68' title='bbox 498 1495 544 1545; x_wconf 91' lang='lat' dir='ltr'>cst</span> <span class='ocrx_word' id='word_1_69' title='bbox 566 1479 624 1545; x_wconf 82' lang='lat' dir='ltr'>snb</span> <span class='ocrx_word' id='word_1_70' title='bbox 648 1475 770 1542; x_wconf 77' lang='lat' dir='ltr'>divinae</span> <span class='ocrx_word' id='word_1_71' title='bbox 802 1481 1014 1564; x_wconf 75' lang='lat' dir='ltr'>providentioe</span> 
     </span>
     <span class='ocr_line' id='line_1_13' title="bbox 87 1567 577 1634; baseline 0.004 -2"><span class='ocrx_word' id='word_1_72' title='bbox 87 1586 191 1633; x_wconf 84' lang='lat' dir='ltr'>curem</span> <span class='ocrx_word' id='word_1_73' title='bbox 216 1571 357 1634; x_wconf 84' lang='lat' dir='ltr'>universe</span> <span class='ocrx_word' id='word_1_74' title='bbox 381 1567 577 1634; x_wconf 79' lang='lat' dir='ltr'>concludere</span> 
     </span>
    </p>

    <p class='ocr_par' dir='ltr' id='par_1_5' title="bbox 79 1653 1014 2366">
     <span class='ocr_line' id='line_1_14' title="bbox 149 1653 1014 1724; baseline 0.005 -4"><span class='ocrx_word' id='word_1_75' title='bbox 149 1657 305 1722; x_wconf 88' lang='lat' dir='ltr'>invenitor</span> <span class='ocrx_word' id='word_1_76' title='bbox 330 1660 467 1723; x_wconf 87' lang='lat' dir='ltr'>enimin</span> <span class='ocrx_word' id='word_1_77' title='bbox 503 1659 595 1722; x_wconf 86' lang='lat' dir='ltr'>rebus</span> <span class='ocrx_word' id='word_1_78' title='bbox 630 1653 774 1720; x_wconf 82' lang='lat' dir='ltr'>omnibus</span> <span class='ocrx_word' id='word_1_79' title='bbox 798 1655 915 1721; x_wconf 89' lang='lat' dir='ltr'>bonum</span> <span class='ocrx_word' id='word_1_80' title='bbox 946 1677 1014 1724; x_wconf 85' lang='lat' dir='ltr'>esse</span> 
     </span>
     <span class='ocr_line' id='line_1_15' title="bbox 83 1745 1013 1832; baseline 0.002 -22"><span class='ocrx_word' id='word_1_81' title='bbox 83 1746 113 1810; x_wconf 89' lang='lat' dir='ltr'>in</span> <span class='ocrx_word' id='word_1_82' title='bbox 135 1747 243 1810; x_wconf 88' lang='lat' dir='ltr'>ordine</span> <span class='ocrx_word' id='word_1_83' title='bbox 269 1747 426 1832; x_wconf 86' lang='lat' dir='ltr'>quodum,</span> <span class='ocrx_word' id='word_1_84' title='bbox 459 1747 630 1812; x_wconf 85' lang='lat' dir='ltr'>secundum</span> <span class='ocrx_word' id='word_1_85' title='bbox 666 1745 748 1830; x_wconf 76' lang='lat' dir='ltr'>qtrod</span> <span class='ocrx_word' id='word_1_86' title='bbox 774 1765 822 1808; x_wconf 87' lang='lat' dir='ltr'>res</span> <span class='ocrx_word' id='word_1_87' title='bbox 845 1747 904 1808; x_wconf 86' lang='lat' dir='ltr'>eibi</span> <span class='ocrx_word' id='word_1_88' title='bbox 932 1747 1013 1812; x_wconf 80' lang='lat' dir='ltr'>invi-</span> 
     </span>
     <span class='ocr_line' id='line_1_16' title="bbox 82 1833 1012 1901; baseline 0.003 -3"><span class='ocrx_word' id='word_1_89' title='bbox 82 1855 148 1898; x_wconf 85' lang='lat' dir='ltr'>cem</span> <span class='ocrx_word' id='word_1_90' title='bbox 186 1835 382 1900; x_wconf 84' lang='lat' dir='ltr'>subserviunt</span> <span class='ocrx_word' id='word_1_91' title='bbox 419 1850 449 1900; x_wconf 90' lang='lat' dir='ltr'>et</span> <span class='ocrx_word' id='word_1_92' title='bbox 471 1837 654 1900; x_wconf 83' lang='lat' dir='ltr'>ordinentur</span> <span class='ocrx_word' id='word_1_93' title='bbox 684 1833 722 1897; x_wconf 86' lang='lat' dir='ltr'>nd</span> <span class='ocrx_word' id='word_1_94' title='bbox 748 1834 852 1898; x_wconf 81' lang='lat' dir='ltr'>finem.</span> <span class='ocrx_word' id='word_1_95' title='bbox 877 1834 1012 1901; x_wconf 81' lang='lat' dir='ltr'>Necesse</span> 
     </span>
     <span class='ocr_line' id='line_1_17' title="bbox 82 1923 1013 2008; baseline 0.005 -22"><span class='ocrx_word' id='word_1_96' title='bbox 82 1935 126 1988; x_wconf 88' lang='lat' dir='ltr'>est</span> <span class='ocrx_word' id='word_1_97' title='bbox 149 1939 264 2002; x_wconf 85' lang='lat' dir='ltr'>nutem,</span> <span class='ocrx_word' id='word_1_98' title='bbox 287 1925 365 1990; x_wconf 83' lang='lat' dir='ltr'>siout</span> <span class='ocrx_word' id='word_1_99' title='bbox 386 1945 480 1990; x_wconf 89' lang='lat' dir='ltr'>omne</span> <span class='ocrx_word' id='word_1_100' title='bbox 501 1945 569 1991; x_wconf 86' lang='lat' dir='ltr'>esse</span> <span class='ocrx_word' id='word_1_101' title='bbox 591 1923 747 1989; x_wconf 82' lang='lat' dir='ltr'>derivetur</span> <span class='ocrx_word' id='word_1_102' title='bbox 771 1943 787 1986; x_wconf 86' lang='lat' dir='ltr'>a</span> <span class='ocrx_word' id='word_1_103' title='bbox 814 1925 915 2008; x_wconf 83' lang='lat' dir='ltr'>primo</span> <span class='ocrx_word' id='word_1_104' title='bbox 940 1939 1013 1991; x_wconf 86' lang='lat' dir='ltr'>ente</span> 
     </span>
     <span class='ocr_line' id='line_1_18' title="bbox 81 2012 1011 2099; baseline 0.004 -23"><span class='ocrx_word' id='word_1_105' title='bbox 81 2014 163 2097; x_wconf 87' lang='lat' dir='ltr'>quod</span> <span class='ocrx_word' id='word_1_106' title='bbox 188 2029 233 2077; x_wconf 87' lang='lat' dir='ltr'>est</span> <span class='ocrx_word' id='word_1_107' title='bbox 258 2017 358 2099; x_wconf 84' lang='lat' dir='ltr'>ipsum</span> <span class='ocrx_word' id='word_1_108' title='bbox 382 2036 461 2091; x_wconf 86' lang='lat' dir='ltr'>esse,</span> <span class='ocrx_word' id='word_1_109' title='bbox 485 2015 524 2079; x_wconf 85' lang='lat' dir='ltr'>ite</span> <span class='ocrx_word' id='word_1_110' title='bbox 547 2016 643 2079; x_wconf 86' lang='lat' dir='ltr'>omne</span> <span class='ocrx_word' id='word_1_111' title='bbox 669 2012 787 2076; x_wconf 84' lang='lat' dir='ltr'>bouum</span> <span class='ocrx_word' id='word_1_112' title='bbox 814 2012 971 2080; x_wconf 82' lang='lat' dir='ltr'>derivetur</span> <span class='ocrx_word' id='word_1_113' title='bbox 995 2038 1011 2079; x_wconf 80' lang='lat' dir='ltr'>c</span> 
     </span>
     <span class='ocr_line' id='line_1_19' title="bbox 81 2099 1011 2189; baseline 0.003 -24"><span class='ocrx_word' id='word_1_114' title='bbox 81 2103 181 2187; x_wconf 87' lang='lat' dir='ltr'>primo</span> <span class='ocrx_word' id='word_1_115' title='bbox 195 2102 277 2167; x_wconf 93' lang='lat' dir='ltr'>bono</span> <span class='ocrx_word' id='word_1_116' title='bbox 290 2104 372 2189; x_wconf 88' lang='lat' dir='ltr'>quod</span> <span class='ocrx_word' id='word_1_117' title='bbox 385 2118 430 2169; x_wconf 84' lang='lat' dir='ltr'>est</span> <span class='ocrx_word' id='word_1_118' title='bbox 444 2105 507 2189; x_wconf 84' lang='lat' dir='ltr'>ipsa</span> <span class='ocrx_word' id='word_1_119' title='bbox 531 2104 663 2167; x_wconf 81' lang='lat' dir='ltr'>bonitas.</span> <span class='ocrx_word' id='word_1_120' title='bbox 688 2099 817 2187; x_wconf 81' lang='lat' dir='ltr'>Oportet</span> <span class='ocrx_word' id='word_1_121' title='bbox 842 2104 935 2185; x_wconf 85' lang='lat' dir='ltr'>igitur</span> <span class='ocrx_word' id='word_1_122' title='bbox 948 2104 1011 2168; x_wconf 90' lang='lat' dir='ltr'>sin-</span> 
     </span>
     <span class='ocr_line' id='line_1_20' title="bbox 80 2190 1010 2278; baseline 0.002 -23"><span class='ocrx_word' id='word_1_123' title='bbox 80 2190 225 2275; x_wconf 89' lang='lat' dir='ltr'>gulorum</span> <span class='ocrx_word' id='word_1_124' title='bbox 243 2193 383 2257; x_wconf 88' lang='lat' dir='ltr'>ordinem</span> <span class='ocrx_word' id='word_1_125' title='bbox 401 2214 417 2257; x_wconf 81' lang='lat' dir='ltr'>o</span> <span class='ocrx_word' id='word_1_126' title='bbox 433 2193 532 2278; x_wconf 83' lang='lat' dir='ltr'>prima</span> <span class='ocrx_word' id='word_1_127' title='bbox 549 2207 578 2256; x_wconf 88' lang='lat' dir='ltr'>et</span> <span class='ocrx_word' id='word_1_128' title='bbox 594 2210 670 2277; x_wconf 84' lang='lat' dir='ltr'>pure</span> <span class='ocrx_word' id='word_1_129' title='bbox 693 2192 820 2254; x_wconf 74' lang='lat' dir='ltr'>veritate</span> <span class='ocrx_word' id='word_1_130' title='bbox 837 2192 1010 2271; x_wconf 85' lang='lat' dir='ltr'>derivari,e</span> 
     </span>
     <span class='ocr_line' id='line_1_21' title="bbox 79 2279 1013 2366; baseline 0.003 -23"><span class='ocrx_word' id='word_1_131' title='bbox 79 2300 140 2364; x_wconf 82' lang='lat' dir='ltr'>qua</span> <span class='ocrx_word' id='word_1_132' title='bbox 157 2282 283 2366; x_wconf 87' lang='lat' dir='ltr'>quidem</span> <span class='ocrx_word' id='word_1_133' title='bbox 309 2281 422 2366; x_wconf 77' lang='lat' dir='ltr'>aliquid</span> <span class='ocrx_word' id='word_1_134' title='bbox 439 2282 595 2345; x_wconf 80' lang='lat' dir='ltr'>derivatur</span> <span class='ocrx_word' id='word_1_135' title='bbox 617 2279 788 2344; x_wconf 72' lang='lat' dir='ltr'>seecundum</span> <span class='ocrx_word' id='word_1_136' title='bbox 813 2280 895 2363; x_wconf 83' lang='lat' dir='ltr'>quod</span> <span class='ocrx_word' id='word_1_137' title='bbox 921 2281 950 2345; x_wconf 91' lang='lat' dir='ltr'>iu</span> <span class='ocrx_word' id='word_1_138' title='bbox 975 2302 1013 2347; x_wconf 86' lang='lat' dir='ltr'>eo</span> 
     </span>
    </p>

    <p class='ocr_par' dir='ltr' id='par_1_6' title="bbox 51 2368 1010 2810">
     <span class='ocr_line' id='line_1_22' title="bbox 51 2368 1009 2455; baseline 0.003 -24"><span class='ocrx_word' id='word_1_139' title='bbox 51 2382 132 2441; x_wconf 79' lang='lat' dir='ltr'>est,</span> <span class='ocrx_word' id='word_1_140' title='bbox 157 2390 213 2455; x_wconf 87' lang='lat' dir='ltr'>per</span> <span class='ocrx_word' id='word_1_141' title='bbox 235 2370 457 2453; x_wconf 77' lang='lat' dir='ltr'>intelligibilem</span> <span class='ocrx_word' id='word_1_142' title='bbox 496 2371 611 2435; x_wconf 79' lang='lat' dir='ltr'>scilicet</span> <span class='ocrx_word' id='word_1_143' title='bbox 645 2370 789 2441; x_wconf 72' lang='lat' dir='ltr'>modum</span> <span class='ocrx_word' id='word_1_144' title='bbox 811 2368 840 2430; x_wconf 94' lang='lat' dir='ltr'>ln</span> <span class='ocrx_word' id='word_1_145' title='bbox 870 2371 928 2433; x_wconf 86' lang='lat' dir='ltr'>boc</span> <span class='ocrx_word' id='word_1_146' title='bbox 953 2390 1009 2434; x_wconf 86' lang='lat' dir='ltr'>nu-</span> 
     </span>
     <span class='ocr_line' id='line_1_23' title="bbox 77 2456 1010 2543; baseline 0.003 -25"><span class='ocrx_word' id='word_1_147' title='bbox 77 2472 140 2520; x_wconf 88' lang='lat' dir='ltr'>tem</span> <span class='ocrx_word' id='word_1_148' title='bbox 165 2459 241 2521; x_wconf 82' lang='lat' dir='ltr'>ratio</span> <span class='ocrx_word' id='word_1_149' title='bbox 265 2460 476 2543; x_wconf 83' lang='lat' dir='ltr'>providentioe</span> <span class='ocrx_word' id='word_1_150' title='bbox 499 2459 636 2523; x_wconf 81' lang='lat' dir='ltr'>consistit</span> <span class='ocrx_word' id='word_1_151' title='bbox 659 2459 741 2541; x_wconf 87' lang='lat' dir='ltr'>qnod</span> <span class='ocrx_word' id='word_1_152' title='bbox 768 2456 806 2519; x_wconf 84' lang='lat' dir='ltr'>cb</span> <span class='ocrx_word' id='word_1_153' title='bbox 831 2456 936 2541; x_wconf 84' lang='lat' dir='ltr'>ulique</span> <span class='ocrx_word' id='word_1_154' title='bbox 964 2460 1010 2521; x_wconf 90' lang='lat' dir='ltr'>in·</span> 
     </span>
     <span class='ocr_line' id='line_1_24' title="bbox 75 2545 1008 2631; baseline 0.005 -24"><span class='ocrx_word' id='word_1_155' title='bbox 75 2545 234 2630; x_wconf 86' lang='lat' dir='ltr'>telligente</span> <span class='ocrx_word' id='word_1_156' title='bbox 257 2561 406 2613; x_wconf 78' lang='lat' dir='ltr'>statuetur</span> <span class='ocrx_word' id='word_1_157' title='bbox 429 2548 506 2611; x_wconf 81' lang='lat' dir='ltr'>o&#39;rdo</span> <span class='ocrx_word' id='word_1_158' title='bbox 530 2550 560 2612; x_wconf 94' lang='lat' dir='ltr'>in</span> <span class='ocrx_word' id='word_1_159' title='bbox 585 2547 677 2611; x_wconf 81' lang='lat' dir='ltr'>rebus</span> <span class='ocrx_word' id='word_1_160' title='bbox 710 2565 789 2631; x_wconf 84' lang='lat' dir='ltr'>quoe</span> <span class='ocrx_word' id='word_1_161' title='bbox 814 2545 882 2628; x_wconf 84' lang='lat' dir='ltr'>ejus</span> <span class='ocrx_word' id='word_1_162' title='bbox 908 2550 1008 2630; x_wconf 79' lang='lat' dir='ltr'>provi·</span> 
     </span>
     <span class='ocr_line' id='line_1_25' title="bbox 72 2634 1008 2719; baseline 0.002 -22"><span class='ocrx_word' id='word_1_163' title='bbox 72 2634 199 2698; x_wconf 83' lang='lat' dir='ltr'>dentice</span> <span class='ocrx_word' id='word_1_164' title='bbox 221 2636 362 2700; x_wconf 85' lang='lat' dir='ltr'>subsunt.</span> <span class='ocrx_word' id='word_1_165' title='bbox 385 2636 516 2702; x_wconf 86' lang='lat' dir='ltr'>Necesse</span> <span class='ocrx_word' id='word_1_166' title='bbox 550 2652 596 2701; x_wconf 78' lang='grc' dir='ltr'>εει</span> <span class='ocrx_word' id='word_1_167' title='bbox 635 2636 728 2719; x_wconf 86' lang='lat' dir='ltr'>igitur</span> <span class='ocrx_word' id='word_1_168' title='bbox 752 2636 855 2697; x_wconf 84' lang='lat' dir='ltr'>omnio</span> <span class='ocrx_word' id='word_1_169' title='bbox 881 2635 1008 2701; x_wconf 81' lang='lat' dir='ltr'>divinae</span> 
     </span>
     <span class='ocr_line' id='line_1_26' title="bbox 72 2724 484 2810; baseline 0 -24"><span class='ocrx_word' id='word_1_170' title='bbox 72 2725 288 2807; x_wconf 81' lang='lat' dir='ltr'>providentioe</span> <span class='ocrx_word' id='word_1_171' title='bbox 311 2724 484 2810; x_wconf 80' lang='lat' dir='ltr'>subjecere.</span> 
     </span>
    </p>

    <p class='ocr_par' dir='ltr' id='par_1_7' title="bbox 63 2810 1008 3611">
     <span class='ocr_line' id='line_1_27' title="bbox 142 2810 1008 2913; baseline 0.005 -38"><span class='ocrx_word' id='word_1_172' title='bbox 142 2813 261 2889; x_wconf 80' lang='lat' dir='ltr'>Adbuc,</span> <span class='ocrx_word' id='word_1_173' title='bbox 285 2813 424 2877; x_wconf 86' lang='lat' dir='ltr'>Primum</span> <span class='ocrx_word' id='word_1_174' title='bbox 449 2834 576 2879; x_wconf 81' lang='lat' dir='ltr'>movens</span> <span class='ocrx_word' id='word_1_175' title='bbox 607 2812 793 2913; x_wconf 78' lang='lat' dir='ltr'>immobile,</span> <span class='ocrx_word' id='word_1_176' title='bbox 817 2810 899 2895; x_wconf 90' lang='lat' dir='ltr'>quod</span> <span class='ocrx_word' id='word_1_177' title='bbox 924 2812 1008 2879; x_wconf 83' lang='lat' dir='ltr'>Deus</span> 
     </span>
     <span class='ocr_line' id='line_1_28' title="bbox 69 2902 1008 3003; baseline 0.004 -40"><span class='ocrx_word' id='word_1_178' title='bbox 69 2914 129 2975; x_wconf 77' lang='lat' dir='ltr'>est,</span> <span class='ocrx_word' id='word_1_179' title='bbox 156 2902 296 2965; x_wconf 90' lang='lat' dir='ltr'>omnium</span> <span class='ocrx_word' id='word_1_180' title='bbox 330 2905 503 2968; x_wconf 89' lang='lat' dir='ltr'>motionum</span> <span class='ocrx_word' id='word_1_181' title='bbox 543 2902 727 3003; x_wconf 83' lang='lat' dir='ltr'>principium</span> <span class='ocrx_word' id='word_1_182' title='bbox 771 2913 838 2977; x_wconf 81' lang='lat' dir='ltr'>est,</span> <span class='ocrx_word' id='word_1_183' title='bbox 876 2902 954 2965; x_wconf 85' lang='lat' dir='ltr'>sieut</span> <span class='ocrx_word' id='word_1_184' title='bbox 978 2918 1008 2967; x_wconf 91' lang='lat' dir='ltr'>et</span> 
     </span>
     <span class='ocr_line' id='line_1_29' title="bbox 68 2988 1007 3075; baseline 0.003 -24"><span class='ocrx_word' id='word_1_185' title='bbox 68 2992 210 3074; x_wconf 87' lang='lat' dir='ltr'>prinmm</span> <span class='ocrx_word' id='word_1_186' title='bbox 234 3011 288 3055; x_wconf 84' lang='lat' dir='ltr'>ens</span> <span class='ocrx_word' id='word_1_187' title='bbox 312 3005 358 3056; x_wconf 87' lang='lat' dir='ltr'>est</span> <span class='ocrx_word' id='word_1_188' title='bbox 395 2994 496 3056; x_wconf 79' lang='lat' dir='ltr'>otonis</span> <span class='ocrx_word' id='word_1_189' title='bbox 520 3012 589 3057; x_wconf 82' lang='lat' dir='ltr'>esse</span> <span class='ocrx_word' id='word_1_190' title='bbox 624 2990 821 3075; x_wconf 85' lang='lat' dir='ltr'>principium.</span> <span class='ocrx_word' id='word_1_191' title='bbox 847 2988 880 3053; x_wconf 91' lang='lat' dir='ltr'>ln</span> <span class='ocrx_word' id='word_1_192' title='bbox 905 2994 1007 3057; x_wconf 80' lang='lat' dir='ltr'>causis</span> 
     </span>
     <span class='ocr_line' id='line_1_30' title="bbox 68 3078 1007 3165; baseline 0.003 -24"><span class='ocrx_word' id='word_1_193' title='bbox 68 3094 178 3142; x_wconf 82' lang='lat' dir='ltr'>autern</span> <span class='ocrx_word' id='word_1_194' title='bbox 203 3099 258 3165; x_wconf 85' lang='lat' dir='ltr'>per</span> <span class='ocrx_word' id='word_1_195' title='bbox 295 3100 329 3143; x_wconf 82' lang='lat' dir='ltr'>se</span> <span class='ocrx_word' id='word_1_196' title='bbox 351 3081 521 3157; x_wconf 78' lang='lat' dir='ltr'>ordinatis,</span> <span class='ocrx_word' id='word_1_197' title='bbox 548 3094 632 3142; x_wconf 86' lang='lat' dir='ltr'>tanto</span> <span class='ocrx_word' id='word_1_198' title='bbox 672 3078 786 3164; x_wconf 84' lang='lat' dir='ltr'>aliquid</span> <span class='ocrx_word' id='word_1_199' title='bbox 826 3079 924 3161; x_wconf 81' lang='lat' dir='ltr'>magis</span> <span class='ocrx_word' id='word_1_200' title='bbox 960 3094 1007 3143; x_wconf 85' lang='lat' dir='ltr'>est</span> 
     </span>
     <span class='ocr_line' id='line_1_31' title="bbox 66 3169 1006 3253; baseline 0.004 -24"><span class='ocrx_word' id='word_1_201' title='bbox 66 3188 164 3232; x_wconf 82' lang='lat' dir='ltr'>cause</span> <span class='ocrx_word' id='word_1_202' title='bbox 199 3182 314 3251; x_wconf 81' lang='lat' dir='ltr'>quanto</span> <span class='ocrx_word' id='word_1_203' title='bbox 338 3170 369 3232; x_wconf 91' lang='lat' dir='ltr'>iu</span> <span class='ocrx_word' id='word_1_204' title='bbox 393 3171 503 3234; x_wconf 84' lang='lat' dir='ltr'>ordine</span> <span class='ocrx_word' id='word_1_205' title='bbox 535 3188 698 3233; x_wconf 74' lang='lat' dir='ltr'>causarum</span> <span class='ocrx_word' id='word_1_206' title='bbox 724 3169 806 3253; x_wconf 79' lang='lat' dir='ltr'>prior</span> <span class='ocrx_word' id='word_1_207' title='bbox 829 3182 895 3239; x_wconf 87' lang='lat' dir='ltr'>est,</span> <span class='ocrx_word' id='word_1_208' title='bbox 935 3188 1006 3233; x_wconf 90' lang='lat' dir='ltr'>eum</span> 
     </span>
     <span class='ocr_line' id='line_1_32' title="bbox 66 3254 1007 3342; baseline 0.004 -25"><span class='ocrx_word' id='word_1_209' title='bbox 66 3256 136 3341; x_wconf 76' lang='lat' dir='ltr'>ipsa</span> <span class='ocrx_word' id='word_1_210' title='bbox 162 3255 230 3320; x_wconf 73' lang='lat' dir='ltr'>&#39;eliis</span> <span class='ocrx_word' id='word_1_211' title='bbox 264 3257 402 3322; x_wconf 79' lang='lat' dir='ltr'>conseret</span> <span class='ocrx_word' id='word_1_212' title='bbox 446 3257 530 3342; x_wconf 87' lang='lat' dir='ltr'>quod</span> <span class='ocrx_word' id='word_1_213' title='bbox 565 3276 677 3321; x_wconf 80' lang='lat' dir='ltr'>causae</span> <span class='ocrx_word' id='word_1_214' title='bbox 712 3258 781 3320; x_wconf 89' lang='lat' dir='ltr'>sint.</span> <span class='ocrx_word' id='word_1_215' title='bbox 808 3254 890 3321; x_wconf 89' lang='lat' dir='ltr'>Deus</span> <span class='ocrx_word' id='word_1_216' title='bbox 914 3260 1007 3341; x_wconf 85' lang='lat' dir='ltr'>igitur</span> 
     </span>
     <span class='ocr_line' id='line_1_33' title="bbox 64 3345 1006 3411; baseline 0.005 -4"><span class='ocrx_word' id='word_1_217' title='bbox 64 3345 246 3410; x_wconf 85' lang='lat' dir='ltr'>secundum</span> <span class='ocrx_word' id='word_1_218' title='bbox 271 3348 330 3411; x_wconf 88' lang='lat' dir='ltr'>boe</span> <span class='ocrx_word' id='word_1_219' title='bbox 353 3347 492 3411; x_wconf 84' lang='lat' dir='ltr'>omniurn</span> <span class='ocrx_word' id='word_1_220' title='bbox 510 3347 683 3409; x_wconf 89' lang='lat' dir='ltr'>motionum</span> <span class='ocrx_word' id='word_1_221' title='bbox 702 3345 917 3408; x_wconf 81' lang='lat' dir='ltr'>vehementius</span> <span class='ocrx_word' id='word_1_222' title='bbox 933 3366 1006 3411; x_wconf 83' lang='lat' dir='ltr'>eeu-</span> 
     </span>
     <span class='ocr_line' id='line_1_34' title="bbox 64 3434 1006 3519; baseline 0.003 -23"><span class='ocrx_word' id='word_1_223' title='bbox 64 3452 102 3497; x_wconf 69' lang='grc' dir='ltr'>ει</span> <span class='ocrx_word' id='word_1_224' title='bbox 138 3448 188 3497; x_wconf 89' lang='lat' dir='ltr'>est</span> <span class='ocrx_word' id='word_1_225' title='bbox 210 3454 301 3519; x_wconf 83' lang='lat' dir='ltr'>qoem</span> <span class='ocrx_word' id='word_1_226' title='bbox 339 3437 431 3499; x_wconf 83' lang='lat' dir='ltr'>etiem</span> <span class='ocrx_word' id='word_1_227' title='bbox 469 3434 641 3518; x_wconf 75' lang='lat' dir='ltr'>singulares</span> <span class='ocrx_word' id='word_1_228' title='bbox 678 3451 789 3497; x_wconf 82' lang='lat' dir='ltr'>causae</span> <span class='ocrx_word' id='word_1_229' title='bbox 837 3447 1006 3499; x_wconf 79' lang='lat' dir='ltr'>moventee.</span> 
     </span>
     <span class='ocr_line' id='line_1_35' title="bbox 63 3521 1006 3611; baseline 0.003 -25"><span class='ocrx_word' id='word_1_230' title='bbox 63 3521 139 3587; x_wconf 84' lang='lat' dir='ltr'>Non</span> <span class='ocrx_word' id='word_1_231' title='bbox 162 3536 209 3589; x_wconf 81' lang='lat' dir='ltr'>cst</span> <span class='ocrx_word' id='word_1_232' title='bbox 232 3539 336 3589; x_wconf 83' lang='lat' dir='ltr'>eutem</span> <span class='ocrx_word' id='word_1_233' title='bbox 360 3523 490 3611; x_wconf 75' lang='lat' dir='ltr'>alicujus</span> <span class='ocrx_word' id='word_1_234' title='bbox 517 3544 609 3595; x_wconf 79' lang='lat' dir='ltr'>eausa</span> <span class='ocrx_word' id='word_1_235' title='bbox 637 3524 731 3605; x_wconf 87' lang='lat' dir='ltr'>Deus,</span> <span class='ocrx_word' id='word_1_236' title='bbox 754 3524 812 3598; x_wconf 84' lang='lat' dir='ltr'>nisi</span> <span class='ocrx_word' id='word_1_237' title='bbox 835 3524 872 3592; x_wconf 82' lang='lat' dir='ltr'>eit</span> <span class='ocrx_word' id='word_1_238' title='bbox 896 3522 1006 3597; x_wconf 80' lang='lat' dir='ltr'>intelli-</span> 
     </span>
    </p>
   </div>
   <div class='ocr_carea' id='block_1_5' title="bbox 0 0 1246 3975">
    <p class='ocr_par' dir='ltr' id='par_1_8' title="bbox 0 0 1246 3975">
     <span class='ocr_line' id='line_1_36' title="bbox 0 0 1246 3975; baseline 0 4"><span class='ocrx_word' id='word_1_239' title='bbox 0 0 1246 3975; x_wconf 95' lang='lat' dir='ltr'> </span> 
     </span>
    </p>
   </div>
  </div>
 </body>
</html>
