2484 3975
187 160 254 225 σ298
522 182 579 226 tta.
603 182 641 225 tr.
665 180 727 228 cte.
753 181 796 228 tr.

187 271 267 332 grette
289 247 473 336 simplicium
499 253 702 319 redderentur
728 252 859 316 disertae
898 245 936 314 ad
971 247 1121 312 divinam

186 341 348 413 ueritatem
371 340 549 409 hominibus
573 341 818 425 proponendam.
844 336 1028 421 Huiusmodi
1055 357 1120 400 au-

187 443 250 491 tem
274 448 369 514 opera
394 428 504 496 inditia
527 443 599 494 sunt
621 450 770 514 expressa
795 427 960 493 divinitatis
999 425 1118 490 Christi

187 536 267 601 quae
290 516 392 583 nuilus
416 537 511 602 parus
534 518 629 582 nomo
653 521 752 604 t'aeepe
776 518 882 604 potuit.
908 514 994 580 Unde
1029 516 1118 600 Apo-

187 605 284 670 stolus
308 604 485 689 dicitquod
509 606 590 670 salus
615 608 788 677 hominum,
811 624 880 669 enm
912 603 1034 668 initium
1059 623 1117 666 uc-

187 695 317 777 cepisset
337 693 483 759 enarrari
501 715 561 778 per
582 694 764 774 Dominum,
786 693 827 760 ab
849 694 895 756 eir
915 695 967 776 qui
1002 693 1116 757 andie-

187 795 272 860 runt,
292 782 326 844 in
347 802 403 850 not
425 787 608 869 tortfirrnata
630 795 684 861 cot,
707 793 893 850 contestante
917 785 981 844 Deo
1013 781 1115 864 eipnie

189 883 219 934 et
234 873 387 954 portantia
425 883 455 939 et
489 873 587 938 eariir
617 874 796 952 virtutibus,
828 869 964 954 Spiritus
1004 867 1115 934 Sancti

187 957 466 1038 distributionibus,
488 961 634 1040 Heium,
657 963 687 1029 t.

254 1047 337 1113 Licet
360 1063 465 1116 autem
488 1050 578 1118 saluti
602 1051 696 1119 totius
719 1049 848 1120 humani
890 1047 1011 1130 generis
1049 1046 1110 1113 Dei

188 1137 358 1202 incarnatio
382 1139 552 1204 necessaria
576 1138 664 1218 soret,
688 1160 749 1206 nan
763 1154 865 1206 tamen
879 1134 1112 1222 oportuitquad

188 1225 273 1290 Deus
295 1247 313 1289 a
337 1227 486 1311 principio
508 1228 616 1294 mundi
641 1230 862 1302 incarnaretur,
886 1239 917 1288 nt
948 1244 1032 1292 nano
1055 1225 1112 1288 ab·

185 1315 359 1398 jiciebatnr:
382 1351 428 1362 -
451 1316 559 1382 Primo.
579 1317 716 1402 quidem,
741 1318 811 1402 quia
836 1335 890 1401 per
925 1313 1025 1382 Deum
1065 1315 1113 1374 in-

189 1417 353 1474 carnatum,
374 1405 536 1488 oportebat
573 1406 752 1474 hominibus
790 1403 976 1470 medicinam
1008 1399 1111 1464 afferri

189 1506 294 1556 contra
315 1507 453 1576 peecata,
476 1508 509 1558 ut
530 1496 673 1580 superine
699 1501 754 1580 (c.
780 1494 852 1577 tt)
891 1491 1030 1560 hobitum
1053 1506 1110 1554 est.

189 1580 301 1645 Contra
324 1596 483 1668 peceatum
507 1599 610 1648 antem
635 1585 724 1648 alicui
758 1581 976 1648 convenienter
1010 1577 1109 1640 medi-

187 1671 258 1733 cina
281 1690 343 1734 non
367 1671 491 1737 aiiertur
516 1674 571 1737 nisi
595 1675 681 1758 prins
704 1692 794 1740 snum
830 1667 986 1738 detectum
1019 1685 1106 1730 reeo-

187 1770 328 1840 gnosaat,
349 1772 381 1826 ttt
406 1760 449 1824 aie
474 1780 530 1846 per
552 1760 756 1828 humilitatam
796 1760 904 1826 homa,
929 1756 968 1826 de
1005 1755 1110 1840 seipso

189 1866 253 1914 nan
276 1862 476 1932 macrumens
495 1849 588 1934 jacter
610 1870 697 1934 spem
720 1869 813 1916 stum
833 1849 863 1914 in
879 1845 992 1921 Deum,
1014 1861 1108 1928 aquo

187 1935 257 2009 solt>
279 1949 378 2021 pateat
391 1939 494 2009 sanati
508 1953 723 2024 perendinat
736 1953 880 2024 soprato.
895 1933 951 2017 dli)
968 1933 1108 1997 trab-itum

188 2037 245 2094 est
268 2025 391 2095 Poterat
425 2043 529 2095 autem
553 2028 647 2094 tronto
671 2029 710 2094 de
732 2031 833 2114 seipso
857 2041 1054 2111 praesumere
1078 2037 1108 2085 ct

187 2128 337 2198 quantum
359 2114 401 2180 'ad
417 2117 573 2184 scientiam
582 2130 612 2183 et
629 2132 776 2201 quantum
791 2114 828 2179 ad
839 2115 990 2177 virtutem.
1004 2109 1107 2173 ttettn-

187 2204 329 2287 quendns
341 2204 433 2287 igitur
444 2204 608 2289 aliquando
622 2204 678 2269 init
689 2206 758 2280 sibi,
774 2218 807 2269 ut
820 2204 1009 2289 experiretur
1024 2200 1108 2283 qued

186 2292 252 2375 ipae
275 2293 333 2356 sibi
355 2293 635 2359 nonsussieeretad
651 2295 792 2370 satutem,
805 2310 905 2377 neque
929 2308 984 2374 per
1003 2293 1107 2351 acien-

187 2384 260 2444 tiam
275 2382 539 2468 tantundemque
552 2397 753 2469 anteuenipua
777 2381 852 2464 lenis
867 2381 997 2462 scriptae
1012 2378 1110 2441 nomo

186 2466 292 2552 legem,
312 2484 441 2539 naturae
463 2484 670 2555 transmersus
692 2486 750 2548 ert,
772 2488 873 2554 nequa
897 2465 1107 2553 pertiautcm

188 2560 360 2642 propriam,
381 2560 464 2645 quta,
487 2559 560 2626 dota
597 2560 656 2626 eibi
692 2560 866 2643 cognitione
900 2553 1017 2641 pernati
1052 2574 1108 2638 per

187 2643 300 2728 legem,
323 2648 426 2714 aditur
449 2669 486 2717 ex
509 2650 686 2715 iniirmitate
710 2650 854 2735 peccarit:
879 2660 909 2711 et
948 2644 991 2713 sie
1014 2662 1108 2727 opor·
1159 2714 1162 2719 ¹

188 2747 245 2796 tutt
269 2749 301 2797 ut
324 2736 450 2804 demum
474 2737 604 2816 homini,
627 2756 728 2823 neone
750 2736 789 2803 de
811 2736 936 2807 seientia
953 2750 1053 2815 neque
1069 2733 1110 2798 de

188 2823 299 2892 uirtute
323 2827 543 2910 praesumenti,
564 2827 689 2893 daretur
710 2826 816 2891 eilicnx
838 2822 985 2891 auritium
1001 2833 1109 2884 contra

188 2928 349 2996 peceatum
373 2935 428 2999 per
452 2914 563 2983 Giniati
586 2916 838 2987 incarnationem,
874 2912 989 2977 scilieet
1010 2914 1107 2991 gratia

188 3003 311 3078 eto-isit,
334 3023 389 3088 per
411 3024 506 3088 quant
529 3017 559 3067 et
582 3004 786 3071 instrueretur
809 3003 839 3067 in
878 3000 991 3074 dubiis,
1011 3017 1050 3061 ne
1074 3000 1106 3061 in

186 3090 363 3172 cognitione
385 3092 541 3166 deiiceret,
565 3106 595 3157 et
618 3094 816 3159 roboraretur
838 3104 944 3157 contra
967 3087 1104 3151 tentatio·

186 3197 261 3241 num
286 3180 428 3259 inanitus,
463 3201 502 3247 ne
532 3202 588 3267 per
621 3182 829 3248 irtiirmitatem
865 3178 1020 3243 deiiceret,
1054 3178 1104 3239 Sit·

183 3267 277 3347 igitar
300 3266 413 3336 iactum
438 3270 588 3354 estquod
611 3285 714 3335 esseut
742 3284 803 3335 tres
843 3282 938 3335 atntus
977 3266 1103 3329 truanni

183 3354 317 3434 generis:
343 3377 460 3441 prunus
483 3374 554 3421 ante
589 3359 701 3442 tegern,
736 3357 890 3423 secundus
928 3353 986 3420 snit
1024 3354 1103 3435 tege,

184 3447 289 3520 tertius
313 3447 371 3509 rob
395 3450 500 3529 gratia.
524 3480 567 3493 ·-
592 3446 722 3525 Deinde,
745 3468 800 3534 per
823 3448 923 3512 Deum
962 3450 1102 3506 incanta-
