2484 3975
214 208 280 275 35⁹2
481 230 536 274 nn.
561 230 599 275 ιι.
623 229 686 275 ιιι.
712 228 757 273 re.
775 228 812 274 ιι
835 228 892 273 xer.

214 296 453 383 torquebuntur:
476 318 538 363 non
563 299 647 365 enirn
664 306 716 363 'est
738 296 884 385 possibile
906 294 989 382 qnod
1028 317 1139 384 corpo·

214 406 286 453 reus
309 387 422 451 vermis
445 387 636 472 spiritualem
649 387 791 453 corrodat
802 387 1018 460 substantiam,
1035 406 1138 473 neque

213 474 313 541 etism·
331 494 460 561 corpora
484 474 714 554 damnatorum,
736 497 815 562 qnae
838 474 1081 561 incorruptibilia
1103 496 1139 541 e·

213 577 295 629 ruat.
320 563 425 629 Fletus
449 564 541 629 etiam
554 578 585 629 et
600 564 712 629 stridor
724 565 862 629 dentium
876 565 906 628 in
930 563 1139 648 spiritualibus

213 651 392 718 substantiis
426 655 548 718 nonnisi
585 654 795 736 metaphorice
831 652 959 735 intelligi
997 666 1140 737 possunt,·

214 741 355 826 quemvis
378 739 409 805 in
435 741 616 826 corporibus
639 741 856 807 damnatorum
893 754 961 826 pust
983 760 1139 806 resurrec·
1232 809 1233 818 ,

214 828 332 897 tionem
356 829 431 895 nibil
456 830 616 916 probibeat
639 831 838 917 corporaliter
861 851 897 895 ea
932 829 1072 915 intellige
1098 828 1139 895 ita
1232 821 1233 842 ¹

215 930 321 983 tamen
344 918 427 1002 qrrud
453 939 507 1005 per
531 919 637 984 lletum
668 938 732 984 non
766 918 952 1003 intelligatur
983 918 1139 1003 lacryme-

215 1026 285 1071 rnm
309 1007 464 1082 deductio,
487 1009 558 1093 qnia
582 1008 621 1075 ab
645 1008 704 1074 illis
726 1006 907 1093 corporibus
941 1006 1024 1073 nulla
1053 1028 1139 1073 reso·

215 1095 292 1161 lutio
317 1096 381 1161 fieri
407 1110 516 1181 potest,
538 1096 593 1163 sed
617 1098 718 1163 solum
741 1096 831 1161 dolor
853 1095 974 1179 pardis,
1013 1105 1139 1161 contur-

216 1184 299 1249 batio
338 1184 500 1251 oculorum
524 1198 554 1251 et
576 1186 694 1273 capitis,
717 1199 808 1273 prout
842 1186 873 1249 in
911 1183 1033 1250 fletibus
1070 1204 1140 1251 esse

215 1273 304 1338 solet.

540 1450 817 1518 uteunxct.

220 1628 310 1709 Quod
330 1630 465 1708 arripare,
487 1630 594 1695 rtatim
617 1640 689 1715 post
708 1631 936 1714 reparationem
960 1651 980 1695 a
1002 1649 1142 1715 corpore,
1233 1653 1234 1708 ι

346 1740 479 1804 poenam
500 1720 549 1785 vel
569 1719 745 1799 proemium
772 1730 1006 1804 consequuntur.
1036 1723 1040 1729 ’

284 1896 325 1962 lit
350 1896 397 1962 bis
422 1910 523 1963 autem
548 1896 689 1983 accipere
712 1917 876 1981 possumus
898 1895 1001 2001 cuod,
1037 1896 1141 1962 statim

220 1999 288 2071 post
311 2001 457 2065 mortem,
480 1988 602 2052 animae
627 1985 787 2052 bominum
812 1986 964 2073 recipiunt
987 2007 1043 2072 pro
1078 2005 1143 2106 me

216 2076 283 2140 ritis
307 2075 356 2139 vel
380 2097 511 2163 poenam
537 2074 584 2140 uel
609 2077 791 2162 praemium.

283 2163 361 2232 Sunt
384 2166 466 2229 enim
490 2165 611 2230 animae
635 2179 794 2249 separatae
820 2164 1032 2251 susceptibiles
1067 2183 1141 2250 poe·

218 2272 339 2330 narum,
363 2273 425 2318 non
447 2253 547 2318 solum
571 2253 786 2338 spiritualium,
808 2255 863 2319 sed
899 2255 993 2318 etiam
1027 2273 1139 2338 corpo·

216 2343 339 2417 talium,
363 2357 395 2406 ut
418 2355 575 2407 ostensum
599 2355 646 2405 est
667 2342 710 2424 (c.
733 2342 800 2424 90).
826 2343 918 2424 Quod
941 2357 1045 2408 antem
1078 2342 1139 2406 sint

215 2432 427 2516 susceptibiles
449 2431 578 2515 gloriae,
602 2429 800 2495 manifestum
821 2446 869 2497 est
891 2452 930 2497 ex
968 2432 1016 2495 bis
1057 2450 1138 2515 quae

216 2520 248 2584 in
273 2521 363 2586 tertio
387 2520 465 2586 libro
489 2534 559 2584 sunt
592 2532 729 2594 tractatu
765 2539 802 2584 ex
836 2520 895 2586 boc
931 2520 1015 2584 enim
1053 2517 1137 2604 quod

216 2610 319 2672 anima
341 2622 501 2694 separatur
523 2607 744 2693 acoapore,lit
759 2629 854 2693 capax
878 2609 1002 2674 visionis
1014 2607 1137 2672 divinae

217 2697 258 2762 ad¹
282 2697 484 2782 quemdum
510 2709 590 2761 esset
612 2694 776 2780 conjuncta
800 2697 989 2783 corruptibili
1003 2696 1138 2781 corpori,

217 2788 380 2872 pervenire
404 2806 466 2850 nun
490 2798 623 2874 poteret,
647 2787 677 2849 in
701 2785 819 2850 risione
841 2800 945 2851 autem
963 2784 1138 2850 Deinltimu
1234 2820 1235 2827 ι

217 2875 351 2940 bominis
376 2874 533 2940 beatitudo
555 2874 707 2951 consistit,
731 2893 811 2959 quse
835 2888 881 2939 est
904 2875 1023 2940 virtutis
1052 2893 1141 2959 prae·

213 2966 322 3029 mium.
346 2962 434 3027 Nulla
472 2975 575 3028 entem
615 2963 693 3026 ratio
731 2973 812 3027 esset
852 2983 948 3050 quare
980 2962 1141 3028 differetur

215 3072 315 3139 poena
339 3065 369 3115 et
393 3054 579 3138 praemium,
602 3071 640 3114 ex
664 3070 734 3154 quo
751 3053 911 3138 utriusque
934 3052 1036 3115 anima
1071 3040 1142 3136 par'-

216 3143 312 3226 ticeps
335 3159 402 3204 esse
427 3154 535 3227 potest.
560 3139 669 3205 Statim
695 3140 787 3224 igitur
809 3159 881 3206 cum
912 3141 1015 3204 anima
1039 3150 1143 3241 sepet-

214 3243 301 3295 ratur
323 3249 340 3293 a
364 3249 504 3313 corpore,
527 3229 701 3314 praemium
725 3228 773 3294 tel
796 3248 928 3315 poenam
953 3227 1061 3315 recipit
1083 3247 1141 3316 pro

217 3318 266 3383 bis
288 3338 370 3403 qnae
397 3319 428 3381 in
452 3337 582 3403 corpore
605 3317 708 3402 gessit.

283 3405 400 3484 Adbuc,
425 3403 457 3470 ln
482 3407 541 3469 vitu
565 3407 621 3471 ista
644 3419 691 3470 est
713 3418 809 3471 status
831 3404 971 3471 merendi
1006 3404 1055 3469 rel
1088 3403 1142 3468 tle·

216 3492 370 3570 merenda
394 3493 478 3559 unde
500 3507 699 3581 comparatur
721 3495 849 3562 militiae
871 3507 904 3561 et
918 3493 1029 3561 diebus
1061 3511 1144 3559 mer·
