2484 3975
400 236 589 284 nissenrauro
890 221 951 287 571

91 306 167 373 anino
188 305 247 372 rim
272 306 427 373 humanae
450 321 502 373 aut
524 318 646 373 creatae
670 304 781 369 mentis
804 307 957 375 excedunt

91 397 135 461 ·ba
158 396 288 482 Apostoli
311 396 448 461 indicant
470 396 523 484 (1.
548 394 618 460 Cor.
646 394 697 472 ii,
720 394 740 458 7
763 406 794 459 et
819 395 875 481 9):
899 398 957 461 Lo-

91 488 164 551 imur
186 486 242 550 Dei
267 484 459 566 Sapientiam
490 483 705 571 (Trinitatem
742 503 957 568 personarum,

91 576 280 640 tornationem
304 573 372 638 Fiiii
393 575 462 652 Dei,
485 574 587 639 Deum
609 571 777 637 videndum
801 575 831 637 in
856 573 957 640 futura

91 685 102 727 a
124 663 207 729 siouti
230 662 312 748 est);
334 665 482 747 seriptum
504 671 549 727 ert
572 663 653 725 enim
690 660 801 748 (irai,
824 661 878 739 ot,
916 666 956 753 i)

91 753 123 815 ort
143 754 246 817 oculus
268 770 328 816 noar
349 753 442 831 rudit,
462 772 518 816 nee
539 752 628 816 ouria
664 749 797 827 audiuit,
833 772 887 817 nee
924 754 959 817 in

91 842 245 906 ·irominir
265 843 415 917 aseendit,
443 861 521 926 puae
556 847 763 925 praeparavit
802 839 884 905 Deus
917 844 959 907 iit

91 931 245 1015 ditipunt
265 932 365 994 iilum.
390 930 472 995 Haeo
495 949 568 993 uero
605 929 621 1013 (
635 948 713 992 vers.
750 927 826 1013 10):
862 929 960 995 Nobis

91 1021 185 1083 elavit
208 1019 290 1084 Detur
309 1040 369 1103 per
390 1018 544 1103 Spiritum
567 1038 668 1081 suurn.
691 1014 753 1081 Gur
775 1036 831 1103 per
864 1018 960 1121 Spiri-

91 1108 234 1173 usuum?
260 1108 397 1192 Spiritur
418 1110 500 1173 enim
522 1108 628 1171 omnio
661 1115 829 1195 serutatur,
861 1110 959 1173 etium

91 1197 194 1298 surdo
218 1197 284 1261 Dei.
308 1197 426 1261 iioeo
419 1202 512 1282 igitur
549 1194 701 1282 profunda
741 1188 798 1259 oet
836 1198 960 1261 nonnisi

96 1286 170 1349 ritus
192 1285 258 1371 ejus
282 1284 479 1350 manifestare
503 1298 611 1372 potest.
636 1284 832 1369 Aptissimum
857 1287 960 1372 accipe

91 1374 214 1460 mpium
238 1374 345 1460 (vers.
372 1376 450 1454 ii):
477 1375 553 1455 Qnir
590 1375 673 1437 enim
710 1372 868 1439 hominum
904 1374 961 1440 soit

91 1484 119 1526 re
140 1475 211 1527 aunt
232 1463 375 1539 hominia,
396 1464 458 1527 niti
480 1462 610 1547 rpiritur
632 1461 775 1540 hominis,
798 1465 852 1565 qui
873 1464 954 1527 ineo

91 1552 163 1615 ilto
176 1564 207 1616 et
222 1572 300 1636 quoe
324 1552 383 1615 Dei
405 1562 487 1629 tunt,
509 1572 599 1615 nemo
613 1552 764 1651 repararit,
779 1554 838 1615 nist
835 1551 954 1654 Spiri-

115 1641 180 1705 Dei.
205 1640 327 1706 Secreta
350 1639 451 1705 cordis
475 1641 615 1713 humani,
640 1640 760 1703 nonnisi
785 1640 959 1726 absspiritu

91 1730 175 1828 niuis
197 1730 249 1816 qui
274 1730 357 1793 norit
379 1748 427 1807 ea,
451 1728 694 1793 manifestantur.
731 1730 769 1793 At
806 1728 959 1813 profunda

91 1839 192 1894 ¹‚non
215 1817 317 1882 solum
340 1838 453 1882 aroana
478 1817 641 1882 uoluntatis
665 1815 731 1901 ejus
770 1815 868 1882 libera
903 1818 959 1883 de·

91 1922 130 1986 ta,
154 1903 262 1972 rerum
286 1907 378 1970 etiam
403 1906 467 1993 ipsa
491 1906 548 1969 Dei
572 1921 681 1969 natura
706 1919 736 1969 et
774 1906 840 1991 ejus
876 1907 958 1971 attri

93 2018 120 2073 a,
143 1997 318 2083 eujusmodi
343 2009 414 2060 sunt
436 1996 468 2060 in
488 2017 533 2074 se,
557 1997 581 2058 si
605 2010 826 2081 corriperentur
849 1997 888 2061 ad
906 2017 959 2061 na-

91 2085 167 2150 alem
190 2100 311 2151 creatae
334 2085 446 2149 mentis
467 2084 675 2168 coguitionem
710 2105 790 2171 queo
828 2086 961 2150 sumitur

97 2177 133 2238 iis
157 2173 339 2260 quaefacta
363 2187 445 2250 sunt,
467 2174 547 2237 inter
569 2186 687 2236 secreta
710 2175 882 2260 computari
907 2174 962 2238 de-

91 2277 120 2339 rt,
142 2285 224 2349 quae
247 2262 409 2326 nonnisia
440 2261 554 2348 Spiritu
594 2262 662 2340 Dei,
700 2264 754 2348 qui
792 2264 877 2328 novit
915 2284 963 2341 ea,

91 2351 226 2418 niiestari
254 2371 289 2416 ao
312 2351 441 2416 revelari
464 2362 604 2438 possunt.

91 2489 138 2554 iX.
163 2490 246 2555 letos
261 2491 408 2554 veritates
428 2490 568 2554 reoeiore
588 2489 725 2575 pratuito
746 2489 966 2573 favorepotuit

124 2577 231 2654 Deus;
254 2581 385 2663 itemque
408 2579 490 2642 oliae
515 2597 594 2663 quoe
616 2577 724 2642 eodem
746 2589 880 2644 naturae
918 2581 964 2642 lu·

124 2670 209 2733 mirre
228 2667 409 2753 inoestipori
427 2677 567 2750 possunt.

97 2789 223 2855 Dantur
243 2809 319 2874 ergo
346 2787 499 2876 profunda
521 2788 590 2864 Dei,
613 2787 726 2852 dantur
759 2788 900 2854 veritates
924 2789 964 2855 ad

91 2901 134 2945 rm
159 2880 359 2967 pertinentes,
382 2897 458 2964 quas
475 2878 595 2943 nativae
617 2889 790 2942 creatarum
813 2879 965 2944 mentium

91 2970 301 3052 eattingere
340 2987 402 3030 non
427 2967 541 3030 raieut.
580 2963 668 3051 Opus
702 2980 747 3030 est
777 2957 965 3032 revelatione

91 3061 167 3123 ritus
193 3057 260 3122 Dei
284 3055 364 3119 Num
388 3056 466 3120 iraeo
488 3066 639 3140 repugnet
671 3054 782 3120 Divina
807 3055 967 3120 revelatio?

91 3170 98 3211 ι
124 3167 181 3234 per
205 3165 274 3210 sese
296 3157 430 3230 spectata
457 3140 735 3208 contradictionem
770 3144 894 3209 involvit
917 3165 969 3210 ex-

91 3250 184 3322 etque
208 3233 340 3300 nuliam
369 3232 476 3317 Neque
499 3246 660 3318 praeterea
695 3233 970 3299 contradictorium

108 3322 307 3426 impossibiie
329 3334 375 3385 est
397 3321 527 3407 proriuei
544 3341 562 3386 a
579 3322 645 3385 Deo
658 3341 751 3386 sonos
765 3322 796 3386 in
821 3341 903 3397 aere,
918 3341 971 3386 orit

91 3427 143 3478 tus
165 3415 198 3478 in
223 3429 341 3496 organo
364 3410 487 3476 auditus
507 3411 644 3490 excitari,
669 3424 721 3476 aut
754 3411 859 3512 sigua
878 3429 972 3496 quae-

91 3523 103 3567 n
130 3502 192 3568 alia
218 3499 436 3588 conspicienda
460 3500 613 3587 praeberi,
638 3513 691 3565 aut
726 3499 861 3586 imprimi
898 3520 966 3588 per
