2484 3975
212 211 277 279 356
521 232 566 277 err
592 234 632 283 rr.
656 235 719 281 cnr.
742 236 800 281 xer.

211 303 301 388 trojus
324 300 523 367 habitationis
545 302 744 383 dissolvatur,
767 304 849 389 qaod
885 304 1138 391 aedificationem

210 412 249 456 ou
272 392 336 455 Deo
358 393 516 468 babemus,
537 392 663 459 motum
682 414 744 458 noa
765 414 861 458 rauna
881 394 1010 478 foetam,
1031 405 1138 459 oewr·

208 500 283 545 nom
304 482 338 545 in
361 484 468 554 roobt,
490 480 510 544 ⁰2
530 478 613 557 Con,
640 483 672 561 5,
697 484 730 559 13
758 503 813 569 per
847 484 930 570 quod
968 482 1138 548 manifeste

209 567 262 635 dut
286 570 458 656 intelligere
481 570 574 652 quod,
598 570 746 635 dissoluto
770 592 912 658 corpore,
949 573 1052 636 anima
1091 571 1139 635 sd

209 672 367 725 aeternam
391 674 421 723 et
444 658 611 725 caelestem*
633 661 827 725 mansionem
852 659 1039 748 perducitur,
1051 680 1139 744 quae

208 748 285 827 nihil
309 747 391 813 aliud
415 760 461 813 est
483 765 575 831 quom
598 748 702 814 fruitio
726 749 907 828 divinitatis,
929 751 1008 814 sieut
1023 749 1136 833 angeli

209 834 353 902 fruuntur
376 838 408 900 in
425 834 526 901 asebis.

274 926 305 990 Si
329 927 396 1011 quis
420 936 523 991 autem
547 925 759 990 contradicere
785 926 869 1003 uelit,
907 925 1015 990 dicens
1051 924 1136 1009 dpa-

206 1014 321 1081 stoium
351 1036 413 1079 non
438 1014 550 1079 dixisse
576 1014 671 1099 quod,
693 1016 794 1079 statim
819 1014 966 1079 dissoluto
989 1033 1136 1101 corpore,

209 1103 336 1167 domum
361 1119 519 1167 aeternam
543 1104 694 1167 itabemus
729 1105 760 1166 in
795 1104 887 1169 anelis
926 1106 957 1167 iu
991 1124 1035 1183 re,
1072 1104 1142 1193 sad⁴

208 1193 309 1257 solum
333 1192 364 1256 in
384 1213 449 1278 spe,
472 1190 596 1255 tandem
621 1192 752 1257 trabitdri
776 1193 808 1256 in
832 1212 874 1270 re,
894 1191 1054 1257 manifeste
1069 1191 1137 1255 boe

208 1292 254 1345 est
276 1294 382 1345 eontra
406 1280 608 1345 intentionem
632 1280 780 1367 apostola
814 1283 886 1366 quia
925 1281 1016 1344 etiam
1051 1279 1135 1343 dum

208 1369 258 1433 bia
290 1369 420 1434 vivimus
444 1369 577 1435 habituri
600 1390 709 1434 sumus
731 1370 896 1433 caelestem
935 1368 1134 1433 mansionem

207 1459 380 1527 seeundum
412 1457 724 1544 praedestinationem
749 1457 895 1535 divinam,
919 1471 949 1521 et
968 1458 1032 1541 jam
1057 1476 1134 1521 aaut

207 1546 358 1611 habentus
375 1548 405 1611 in
417 1564 481 1633 spe,
494 1547 664 1611 seeundum
678 1546 765 1611 iliud:
784 1547 844 1629 Spe
859 1549 939 1610 onim
957 1546 1038 1610 sabai
1049 1544 1132 1629 sacti

206 1654 323 1709 rumoso,
347 1635 446 1715 Rom,
470 1636 502 1715 8,
525 1634 580 1699 bb.
597 1636 728 1700 ‘Frustra
751 1636 845 1719 igitur
866 1634 991 1699 addidit:
1015 1633 1128 1701 Siter-

205 1742 281 1789 reno
304 1726 414 1789 domas
437 1735 545 1789 nostra
568 1724 660 1807 bajus
696 1720 896 1788 habitationis
927 1724 1132 1801 utomtootar,

206 1812 228 1877 ἓ
251 1812 333 1891 Cor„
355 1814 387 1890 b,
411 1815 442 1891 i;
465 1812 740 1877 suffecisset-enim
764 1812 876 1877 dieere:
904 1811 1024 1877 Seiorrro
1043 1813 1132 1895 quoa

205 1904 451 1990 aedificationem
474 1901 620 1965 babemus
642 1921 681 1965 eo
704 1901 768 1964 [iao
790 1914 846 1965 eto.
871 1902 986 1965 Rursus
1001 1920 1132 1985 etpres-

205 1993 268 2056 sius
291 1993 350 2057 boo
381 2005 506 2078 apparat
544 2009 581 2056 ex
611 2011 649 2054 eo
683 1991 766 2076 quod
801 1992 952 2056 subditur:
993 1989 1132 2054 Soienteu

204 2083 359 2164 quoniam,
382 2083 457 2146 darn
478 2096 583 2144 eamus
605 2081 639 2144 in
662 2079 717 2142 boo
739 2099 877 2163 corpore,
890 2080 1132 2164 peregrinamur

204 2190 224 2230 a
247 2169 379 2243 Domino
399 2179 479 2254 (per
500 2169 592 2256 fidem
616 2169 697 2232 enirn
719 2169 925 2244 anianum,
942 2180 1056 2232 et-aoa
1068 2187 1129 2250 per

204 2259 361 2346 aperient);
384 2257 534 2322 audemus
557 2264 659 2321 autern
685 2270 715 2322 et
737 2258 849 2321 bonam
867 2259 1058 2322 uetustatem
1070 2256 1130 2320 bu·

205 2345 311 2412 beorna
333 2349 430 2431 osana
451 2348 650 2432 aereorirrori
667 2365 689 2410 a
711 2367 850 2429 cortpore,
865 2357 911 2410 'ot
945 2356 1128 2429 moerentes

133 2516 137 2521 .
203 2455 268 2499 aare
289 2437 333 2500 od
355 2435 536 2513 Dominum,
560 2438 583 2500 ᾖ
604 2433 685 2514 Cor„
709 2435 828 2513 5,·o-8.
856 2436 980 2499 Frustra
1019 2449 1127 2498 autem

203 2523 352 2589 vellemus
376 2525 564 2610 peregrinari
596 2544 613 2586 a
650 2543 788 2610 corpore,
830 2524 955 2588 toiiieet'
977 2522 1127 2609 separari,

202 2613 259 2677 nisi
283 2614 384 2678 statim
408 2615 546 2678 'essemus
571 2627 749 2699 praesentes
771 2613 810 2677 ad
834 2613 1013 2677 Dominum.
1054 2609 1123 2676 Non

201 2713 304 2766 autom
328 2713 435 2766 sarnus
459 2715 636 2788 praesentes
660 2703 718 2766 nisi
742 2707 867 2786 qnando
891 2702 1032 2765 ridemus
1069 2719 1126 2786 per

200 2791 346 2875 speeiem3
370 2790 519 2876 quamdiu
542 2793 625 2855 enim
651 2791 847 2855 ambulamus
871 2809 926 2876 per
959 2789 1066 2854 fidem
1091 2801 1123 2853 et

201 2895 263 2942 nun
287 2897 343 2965 per
365 2879 511 2964 speeiem,
535 2881 768 2966 peregrinamur
790 2895 810 2943 a
832 2879 978 2950 Domino,
1001 2890 1038 2942 ut
1065 2876 1122 2942 ibi·

200 2965 272 3031 dam
296 2967 417 3032 dioitur.
441 2967 549 3033 Statim
584 2968 678 3051 igitur
712 2986 784 3033 oum
818 2968 922 3031 anima
956 2979 1060 3032 sanate
1098 2987 1116 3029 a

197 3075 328 3141 corpore
350 3069 519 3141 separatur,
531 3055 632 3120 Deum
649 3075 704 3142 per
719 3056 853 3143 speeiem
872 3055 961 3120 ridet:
977 3055 1060 3141 quod
1074 3068 1120 3118 est

201 3143 306 3208 ultima
320 3145 487 3224 beatitudo,
500 3159 532 3210 ut
545 3146 673 3210 intortio
686 3145 795 3232 (libro)
811 3157 1035 3210 ostensumest.
1054 3141 1119 3207 Hau

98 3277 102 3283 -
198 3245 301 3296 auum
324 3233 407 3298 idem
432 3233 598 3298 ostendunt
620 3247 652 3297 er
675 3234 770 3298 verba
806 3232 958 3318 eiusdem.
981 3230 1117 3318 Apostoli

197 3320 335 3386 dicentis:
360 3323 555 3386 Desideriam
577 3321 694 3400 itabens
716 3323 855 3401 distabui,
873 3331 912 3386 'et
946 3341 1012 3386 esse
1048 3339 1118 3384 oum

201 3409 330 3485 Gloriatu,
355 3410 496 3496 eortina,
522 3412 550 3489 i,
574 3411 627 3474 bb:
651 3409 789 3476 Christus
812 3425 922 3474 autem·
952 3413 984 3474 in
1022 3408 1116 3472 asebis

197 3510 251 3560 aot:
274 3497 416 3580 sperabat
439 3499 532 3580 igitar·
555 3501 729 3584 opturatos,
749 3501 952 3585 statimpest-
976 3502 1120 3585 eorporis

197 3581 444 3664 dissolutionem,
466 3605 499 3651 se
522 3600 744 3674 perventurum
767 3587 807 3654 ad
830 3588 962 3655 caetum.
