2484 3975
220 228 287 300 butt
597 251 771 297 unuscuucu
882 248 884 256 ⁴

216 346 271 390 sna
296 317 357 386 non
382 333 428 386 est
449 341 541 387 snum
558 322 741 406 intelligere,
764 331 911 407 sequetur
926 315 1008 406 q'uod
1035 319 1154 400 aliquid

216 413 300 478 aliud
324 412 382 475 erit
405 410 530 496 dignius
555 431 648 498 quam
673 409 739 494 ejus
756 405 938 488 intellectus,
960 409 1084 474 scilicet
1108 431 1155 476 res

216 502 381 576 intellecta,
410 521 464 585 per
487 499 575 585 cujus
609 500 872 586 participationem
898 497 930 562 itt
964 495 1153 584 intelligens.

215 590 484 674 Quandocumque
513 590 598 653 enim
615 589 785 652 substantia
804 587 998 670 intelligentis
1024 603 1154 654 nonest

213 697 305 744 auum
330 677 511 760 intelligere,
535 691 657 764 oportet
678 679 761 763 quod
777 677 947 741 substantia
972 677 1154 742 intellectus

212 768 393 833 nobilitetur
416 780 446 830 ει
468 766 645 852 perficiatur
669 787 723 851 per
746 767 806 830 boc
828 763 912 850 quod
935 777 1005 828 actu
1034 766 1151 832 intelli·
1224 817 1225 840 ,

212 856 256 942 gil
278 852 403 941 aliquod
426 854 643 940 intelligibile,
666 855 757 919 etiam
782 855 806 919 si
831 853 904 918 illud
933 853 1152 940 sit'indignis·
1224 857 1225 924 l

213 946 338 1011 simum:
364 963 458 1008 omne
481 959 583 1008 autem
608 963 664 1030 per
686 943 769 1028 quod
793 941 907 1028 aliquid
932 941 965 1006 lit
987 957 1077 1022 actu,
1099 965 1153 1010 noa

213 1033 306 1098 bilius
329 1047 395 1107 est;
418 1032 500 1096 unde
524 1047 671 1118 aequetur
708 1032 791 1116 quod
830 1030 954 1115 aliquod
994 1032 1150 1118 indignis·

211 1123 326 1188 simum
351 1120 542 1205 intelligibile
564 1125 604 1186 sit
627 1121 750 1206 dignius
774 1141 865 1206 quam
890 1119 1070 1186 intellectus
1088 1119 1149 1208 ¹qui

212 1233 275 1276 non
299 1225 345 1276 eat
367 1209 541 1294 intelligens
565 1231 731 1295 persuum
758 1209 934 1275 essentiam.
959 1209 1072 1291 Quare
1096 1233 1149 1276 ue·

211 1299 349 1386 gaudum
375 1313 420 1362 est
443 1299 512 1376 lroc,
534 1298 649 1364 scilicet
687 1299 770 1384 quud
809 1297 924 1382 aliquid
949 1298 1149 1364 intellectum

212 1389 295 1454 aliud
319 1388 357 1453 ab
382 1389 448 1472 ipso
471 1389 509 1452 ait
531 1387 679 1475 perfectio
696 1388 867 1452 intellectus
884 1387 990 1462 diviui;
1014 1388 1095 1474 quia
1112 1389 1149 1454 ad

149 1502 151 1507 ·
211 1477 431 1563 perlectionem
476 1477 571 1563 ipsius
606 1476 778 1559 intelligere
829 1479 959 1560 peuinet
999 1477 1150 1542 nobilitas

211 1567 307 1652 ipsius
331 1564 486 1642 intellectu
510 1566 592 1659 quod
616 1580 699 1650 patet
721 1585 758 1630 ex
782 1565 840 1629 boe
864 1565 946 1650 quod
971 1566 1001 1629 in
1029 1565 1147 1641 nobis,

210 1656 242 1719 in
266 1655 378 1742 quibus
400 1653 501 1718 dillert
524 1657 693 1722 substantia
717 1654 929 1738 cognoscentis
953 1676 969 1717 a
991 1655 1149 1739 cognitio·

211 1764 254 1808 ne
275 1744 410 1819 actuali,
435 1743 558 1827 dignius
582 1757 628 1808 est
652 1744 803 1829 quaedam
832 1763 893 1806 non
921 1742 1023 1806 ridere
1050 1763 1147 1828 quam

209 1832 325 1898 ridere.
350 1833 382 1897 Et
408 1835 470 1910 itu,
493 1834 517 1897 si
542 1833 585 1896 sic
605 1834 644 1896 sit
669 1836 698 1896 in
719 1833 785 1896 Deo
823 1831 906 1916 quod
930 1831 996 1916 ejus
1019 1833 1146 1898 intelle·

95 1981 99 1989 .
140 1967 143 1980 ι
209 1934 276 1986 ctus
301 1943 362 1985 non
385 1924 423 1985 sit
446 1942 501 1984 sua
525 1922 725 2006 intelligentia
749 1935 778 1984 et
802 1920 920 2005 aliquid
944 1920 1027 1984 aliud
1058 1921 1147 1986 intel·

209 2010 306 2094 ligat,
330 2032 393 2075 non
418 2013 476 2076 erit
499 2032 554 2075 sua
592 2010 792 2093 intelligentia
817 2012 931 2095 optima
951 2059 959 2088 ,
982 2010 1058 2095 quia
1085 2031 1147 2077 oon

208 2101 266 2166 crit
289 2101 396 2187 optimi
421 2099 631 2183 intelligibilis.
656 2099 849 2185 Relinquitur
887 2118 961 2183 ergo
984 2100 1074 2184 quod
1100 2120 1147 2167 sc·

208 2190 310 2275 ipsum
333 2189 494 2273 intelligat,
516 2189 674 2273 cumipse
698 2189 737 2251 sit
753 2188 980 2252 nobilissimum
1005 2192 1142 2255 eutium.

275 2278 361 2344 Patet
385 2280 477 2361 igitur
501 2278 656 2364 praedicta
682 2278 774 2341 verba
799 2275 976 2360 Philosophi
1009 2277 1146 2362 diligen·

206 2380 255 2431 ter
277 2366 496 2440 consideranti,
520 2367 603 2451 quod
631 2380 761 2429 nonest
792 2366 921 2429 intentio
946 2364 1013 2449 ejus
1038 2368 1145 2433 exclu-

206 2455 282 2519 dere
305 2479 320 2519 a
344 2456 411 2520 Deo
432 2455 611 2540 sinrplieiter
637 2455 765 2517 aliarum
792 2474 894 2517 rerum
919 2455 1145 2537 coguitionem,

206 2543 261 2608 sed
287 2544 370 2629 quod
395 2564 457 2608 non
481 2544 621 2627 intelligit
644 2545 702 2607 alia
726 2564 742 2605 a
766 2564 799 2607 se
815 2542 901 2627 quasi
926 2542 1143 2627 participando

206 2654 254 2710 ea,
277 2649 309 2697 ut
334 2652 447 2717 perca
472 2633 524 2697 liat
545 2633 741 2713 intelligens,
777 2633 854 2696 sieut
879 2630 910 2693 lit
934 2630 964 2694 in
989 2650 1143 2715 quocum·

205 2742 267 2807 que
292 2722 448 2786 intellectu
472 2723 559 2805 cujus
582 2721 752 2785 substantia
778 2734 906 2784 nonest
929 2740 1021 2783 suum
1046 2722 1143 2787 iutel-

205 2810 311 2893 ligere.
336 2810 482 2894 intelligit
503 2825 606 2875 autem
631 2811 735 2873 omnia
756 2809 813 2873 alia
838 2830 853 2871 a
878 2828 912 2872 se
935 2806 1142 2893 intelligendo

202 2901 352 2984 seipsum,
377 2899 578 2984 inquantum
617 2900 713 2983 ipsius
748 2912 884 2961 esseest
910 2897 1085 2962 universale
1109 2913 1142 2962 ει
1224 2968 1225 2979 χ

203 2987 320 3051 lontale
343 2988 528 3073 principium
553 2990 656 3052 omnia
679 3006 769 3063 esse,
794 3001 823 3050 et
847 3007 937 3051 suum
964 2984 1140 3070 intelligere

202 3076 357 3162 quaedam
382 3076 563 3139 uniuersalis
587 3077 673 3139 radix
713 3073 915 3158 intelligendi,
940 3094 1068 3138 omnem
1095 3077 1141 3139 in·

203 3165 404 3249 tclligentiam
428 3166 706 3251 comprehendens.
724 3163 888 3229 inferiores
920 3183 994 3227 vero
1020 3162 1143 3229 intelle·

202 3268 269 3340 ctus
292 3254 434 3337 separati,
459 3273 537 3339 quos
553 3253 688 3337 Angelos
705 3252 847 3331 dicimus,
869 3252 1046 3337 intelligunt
1068 3254 1140 3338 qui·

203 3342 275 3406 dem
300 3347 417 3426 seipsos
440 3340 554 3425 singuli
579 3362 634 3427 per
657 3358 745 3405 suam
779 3344 955 3418 essentiam;
979 3340 1037 3405 alia
1061 3360 1137 3407 uero

201 3428 386 3511 intelligunt,
408 3429 580 3493 secuudum
596 3429 766 3514 platonicas
785 3431 964 3515 positiones,
987 3449 1042 3515 per
1065 3450 1135 3515 parf

199 3517 408 3601 ticipaticoem
435 3515 607 3581 formarum
632 3516 870 3602 intelligibilium
897 3531 1137 3605 separatarum,
