2484 3975
327 231 364 277 oa
388 232 572 277 sunsmurus
595 230 750 276 separeris
934 211 998 276 r77

86 309 147 362 actu
168 299 308 378 existere,
328 301 464 387 alioquin
487 301 584 367 motui
608 301 745 384 subjecta
770 317 837 364 esse
854 321 914 366 uon
928 323 998 387 pus-

84 400 146 452 sent
166 404 216 454 aut
238 390 341 454 sensui
364 391 525 476 subjacere
562 403 614 454 aut
637 388 727 452 alicui
766 391 893 454 actionis
931 409 998 456 esse

84 477 269 564 principium.
293 477 417 543 Nullum
456 493 559 544 autem
594 497 702 542 eurum
733 489 779 540 est
812 476 910 542 lorma
934 493 997 543 tau·

82 578 152 643 tum,
187 568 269 653 quia,
301 568 325 632 si
348 581 450 632 essent
483 566 602 632 formae
625 567 741 651 absque
772 568 911 641 materia,
946 588 993 631 es·

75 665 145 718 ⁴sent
165 656 351 721 substantiae
384 656 591 741 intelligibiles
626 669 695 719 actu
717 653 809 718 simul
833 669 862 718 et
886 656 997 721 iutelli-

80 754 179 826 gentes
200 744 370 809 seeundum
393 748 519 832 seipsam
542 743 625 831 quod
642 763 709 808 esse
725 763 787 806 nuri
805 757 912 829 potest,
924 766 995 812 cum

80 831 242 916 intelligere
264 848 349 899 actus
365 837 503 921 corporis
518 853 660 899 essenon
677 833 827 917 possiunt
849 835 997 918 probatur

78 919 108 982 in
129 919 204 985 libro
227 923 265 986 de
289 925 406 988 Anima.
431 924 623 1009 Relinquitur
646 940 721 1005 ergo
743 921 827 1006 quod
844 935 914 986 sucu
929 923 995 1008 qui·

78 1006 145 1073 dem
166 1029 203 1074 er
226 1011 352 1076 materia
376 1027 406 1076 et
428 1011 528 1076 dorma
551 1014 732 1097 composita3
749 1009 814 1086 sed,
830 1011 907 1074 sicut
921 1011 994 1076 illud

75 1117 181 1183 corpus
205 1100 244 1163 ita
267 1115 313 1164 est
335 1101 407 1165 buic
431 1101 633 1185 magnitudini
657 1111 688 1162 et
711 1098 828 1181 figurae
850 1099 994 1165 determi-

75 1187 352 1272 nataesubjectum
375 1191 458 1276 qnod
483 1204 672 1254 tamennon
707 1200 753 1251 cst
788 1187 818 1250 iu
859 1191 993 1272 potentia

73 1275 110 1338 ad
132 1274 220 1340 aliam
244 1280 489 1361 magnitudinem
513 1278 561 1343 vel
583 1277 726 1360 figuram,
750 1277 789 1340 ita
816 1278 994 1345 caelestium

71 1381 232 1448 corporum
255 1367 381 1431 materia
405 1383 451 1432 est
475 1369 546 1432 bule
580 1366 701 1430 formae
734 1365 869 1448 subjecta
893 1365 994 1452 (ita)

71 1453 153 1537 quod
176 1474 238 1517 nun
262 1459 361 1518 estin
387 1457 520 1540 potentia
544 1453 582 1518 ed
596 1455 687 1518 aliam
702 1453 845 1518 sormam.
868 1491 912 1502 -
928 1457 994 1522 Sub

67 1540 116 1606 bis
138 1560 210 1606 tero
232 1543 408 1610 substantiis
421 1559 466 1609 est
489 1545 594 1609 tertius
617 1543 855 1608 substantiarum
868 1545 995 1626 gradus,

68 1629 183 1694 scilicet
216 1633 461 1718 corruptibilium
499 1651 675 1719 corporum,
709 1650 788 1716 quae
821 1632 852 1694 in
886 1634 993 1718 seipsis

68 1717 247 1803 hujusmodi
271 1725 430 1786 materiam
454 1723 568 1786 babent
583 1741 662 1806 quae
678 1733 722 1784 est
738 1739 794 1782 cns
809 1719 839 1782 in
857 1723 991 1805 potentia

65 1819 197 1884 tautum3
219 1829 276 1872 nec
301 1823 402 1875 tamen
427 1825 489 1876 tuta
512 1810 716 1897 potentialius
740 1809 915 1893 hujusmodi
930 1829 993 1874 ma»

65 1897 162 1961 teriae
185 1897 358 1983 completur
380 1921 435 1988 per
455 1899 586 1964 sormam
620 1919 715 1962 unam
738 1902 786 1960 cui
823 1896 993 1982 subjicitur,

56 1984 138 2071 ‘quin
163 2002 322 2051 remaneat
344 1990 396 2074 (l)
419 1991 521 2054 adbuc
536 1988 566 2053 in
580 1988 713 2075 potentia
726 1985 764 2050 ad
777 1985 850 2050 alias
867 1988 992 2053 formas.

128 2074 165 2140 Et
187 2076 359 2141 secundum
382 2079 462 2143 banc
484 2079 690 2160 diversitatem
726 2078 872 2139 materiae
906 2078 990 2143 iuve-

59 2163 146 2228 nitur
167 2162 200 2227 in
223 2166 402 2251 corporibus
424 2168 564 2233 subtilius
587 2181 617 2228 et
641 2166 785 2249 grossius,
809 2178 898 2250 prout
921 2186 991 2231 cae·

59 2252 150 2316 lestia
174 2272 304 2339 corpora
328 2273 397 2319 sunt
410 2256 567 2321 subtiliora
583 2270 612 2317 et
625 2255 721 2337 magis
746 2251 885 2318 formalia
898 2274 990 2339 quatu
1063 2269 1067 2275 “

58 2341 274 2407 elementaria.
299 2344 335 2407 Et
357 2346 427 2429 quia
451 2344 549 2409 lurma
573 2346 822 2428 proportionetur
836 2347 991 2423 ruatcriae,

56 2450 257 2516 consequens
280 2435 430 2518 estquod
455 2434 595 2497 caelestia
618 2450 747 2517 corpora
779 2430 911 2495 babeant
935 2453 990 2497 no·

56 2518 206 2583 biliorem
230 2520 362 2585 sormam
387 2524 537 2606 armagis
562 2519 738 2608 perlectam,
768 2534 872 2604 utpote
895 2534 989 2587 totam

53 2608 314 2693 potentialitatem
338 2610 485 2675 materiae
509 2609 739 2695 adimplentem.
764 2606 796 2671 lu
814 2609 990 2677 substantiis

51 2697 153 2779 igitur
176 2697 398 2783 superioribus,
421 2721 438 2763 a
461 2701 573 2785 quibus
607 2711 652 2761 est
690 2698 817 2762 omniuo
855 2702 989 2783 potentia

50 2786 211 2850 materiae
234 2786 345 2865 aliena,
368 2788 522 2853 invenitur
537 2788 662 2874 quidem
680 2784 850 2849 differentia
865 2787 990 2871 niujoris

49 2887 84 2937 et
108 2874 244 2938 minoris
265 2875 448 2954 subtilitatis,
470 2878 641 2942 secundum
670 2874 873 2939 differentiam
892 2876 962 2961 pers
979 2916 989 2928 -
1020 2902 1024 2909 ¹

47 2962 167 3027 crinitis
190 2962 372 3041 formarum
395 2986 458 3031 nun
482 2981 585 3031 tannen
610 2969 642 3029 in
669 2964 712 3029 eis
740 2976 785 3027 est
808 2966 989 3051 compositio

46 3052 209 3117 materiae
232 3066 263 3116 et
286 3052 414 3119 formae.

120 3141 242 3221 Quarta
265 3161 338 3206 vero
372 3144 450 3207 ratio
483 3141 649 3207 efficaciam
685 3161 747 3205 nnn
784 3139 884 3205 babet.
921 3140 989 3209 Non

46 3229 143 3293 enim
163 3242 296 3315 oportet,
318 3232 343 3295 si
378 3232 565 3296 substantiae
587 3230 760 3315 spirituales
785 3231 911 3293 materia
937 3250 987 3296 ca·

42 3334 153 3398 reant,
190 3320 274 3404 quod
309 3320 379 3384 idco
412 3340 474 3385 non
506 3321 742 3403 distinguendum
765 3318 883 3384 sublata
906 3321 989 3383 enim

100 3437 144 3507 (l)
165 3438 222 3493 Nec
241 3433 353 3494 tamena.
370 3442 537 3509 completor...
555 3447 618 3509 quin
636 3447 779 3509 reinducat,
798 3442 815 3493 i.
834 3458 857 3495 e.
877 3458 929 3495 non
950 3449 987 3495 te·

39 3526 108 3564 men
128 3512 171 3565 ita
190 3510 336 3582 completur
353 3519 383 3566 ut
401 3527 453 3566 non
470 3520 631 3567 remaneat...
