2484 3975
428 233 483 278 ura.
509 235 546 278 iv.
571 233 635 278 atr.
658 233 734 277 xxiv.
974 211 1037 278 115

116 301 244 388 spiritus
266 299 330 365 Filii
356 301 411 364 Dei
435 304 492 366 nisi
517 302 690 368 seeundum
712 301 846 386 aliquam
873 300 1037 385 originem,

82 449 85 455 .
115 392 188 476 quia
212 391 288 455 liaeo
310 389 374 455 sola
398 391 551 456 distinctio
576 391 606 454 iu
630 389 741 453 divinis
779 390 940 454 invenitur.
976 390 1035 455 Ne·

115 498 201 543 cesse
216 490 270 542 ¹est
292 477 384 563 igitur
408 479 511 544 diuers
536 478 621 563 quod
645 476 777 564 Spiritus
799 477 929 542 Sanctus
944 479 988 544 sio
998 480 1036 545 sit

114 566 183 632 Filii
208 566 289 653 quud
315 566 354 632 ab
378 587 415 632 eo
439 568 594 652 procedat.

182 655 270 730 item,
293 655 423 742 Spiritus
440 655 599 722 Sanetusa
623 654 700 719 Filio
713 653 854 732 mittitur,
863 652 1035 720 seeundum

113 743 205 808 illud:
231 744 308 809 Cum
341 745 668 820 verminantium,
704 763 793 827 poem
827 763 881 827 epo
914 743 1037 807 mittum

112 831 200 896 uultis
223 853 244 896 a
266 833 372 910 Patre,
393 835 514 911 loann,
539 835 590 912 15,
613 834 667 898 96.
697 832 818 896 Mittens
841 843 944 895 autem
980 853 1035 898 au-

113 922 285 986 ctoritatem
309 921 444 1008 aliquam
471 923 562 988 habet
586 923 616 987 in
639 921 780 986 missum.
797 918 927 1005 Oportet
943 921 1035 1005 igitur

113 1009 218 1074 dioere
251 1010 334 1095 quod
373 1011 467 1076 Filius
499 1012 611 1076 habeat
648 1009 782 1095 aliquam
821 1009 1033 1074 auctoritatem

112 1111 256 1180 respectu
278 1099 408 1186 Spiritus
443 1099 555 1175 Saneti;
591 1120 654 1165 non
682 1112 786 1163 autem
820 1097 949 1163 dominii
986 1099 1033 1164 rel

113 1185 302 1270 majoritatis,
314 1187 368 1252 sed
392 1189 562 1254 seeundum
586 1187 859 1272 solamuriginem.
876 1186 926 1252 Sia
940 1186 1034 1272 igitur
1066 1237 1071 1244 -

112 1272 243 1358 Spiritus
266 1275 395 1340 Sanetus
418 1291 463 1341 est
487 1299 503 1342 a
528 1278 616 1342 Filio.
633 1315 676 1327 —
699 1277 730 1340 Si
753 1278 820 1363 quis
833 1290 937 1340 autem
952 1277 1031 1342 dieat

110 1362 309 1448 quodetiam
334 1364 428 1430 Filius
451 1368 582 1431 mittitur
606 1387 623 1430 a
653 1365 768 1452 Spiritu
802 1365 926 1444 Sancto,
960 1367 1031 1451 quia

110 1451 223 1517 dicitur
245 1452 328 1538 quod
351 1453 504 1519 Dominus
527 1455 602 1519 dixit
624 1455 656 1518 in
693 1474 727 1520 se
759 1453 921 1540 impletum
955 1454 1031 1520 illud

109 1537 216 1605 lsoiae:
258 1541 393 1624 Spiritus
429 1544 554 1607 Domini
591 1564 686 1626 super
720 1562 780 1619 me,
816 1543 1031 1627 evunpelizore

104 1628 299 1714 pauperibus
321 1632 406 1696 misit
432 1653 491 1707 me,
515 1632 598 1709 Luc,
630 1632 662 1709 d,
698 1631 749 1710 18,
771 1630 1031 1696 considerandum

108 1719 259 1804 estquod
289 1720 383 1784 Filius
407 1742 424 1784 a
448 1721 563 1808 Spiritu
586 1722 699 1786 Sancto
712 1721 843 1784 mittitur
858 1718 1029 1785 seeundum

108 1820 250 1872 naturam
275 1822 475 1895 assumptum.
508 1809 639 1896 Spiritus
661 1822 765 1874 autem
800 1809 930 1873 Sanetus
966 1827 1029 1874 non

109 1897 274 1982 assumpsit
299 1912 438 1962 naturam
455 1915 601 1976 creatam,
624 1911 657 1962 ut
678 1896 851 1962 seeundum
874 1917 944 1961 eam
961 1917 1029 1983 pos·

108 1984 148 2049 sit
170 1984 228 2050 diei
253 1985 365 2051 missus
386 2008 404 2052 a
421 1988 443 2052 F
446 1988 508 2067 ilio,
521 1989 568 2054 rel
579 1988 673 2053 Filius
687 1988 802 2053 habere
817 1988 1029 2053 auctoritatem

107 2088 251 2159 respectu
287 2076 391 2161 ipsius.
416 2076 609 2163 Relinquitur
642 2078 735 2162 igitur
768 2076 852 2163 quud
886 2091 1028 2162 respectu

106 2179 257 2246 personae
280 2162 434 2244 aeternae,
456 2166 549 2231 Filius
572 2186 666 2253 super
699 2165 848 2252 Spiritum
880 2163 1028 2229 Sanctum

108 2253 321 2317 auctoritatem
346 2254 465 2319 lrabeat.

171 2341 319 2426 Amplius,
342 2341 423 2407 Dieit
444 2341 538 2407 Filius
567 2342 605 2407 de
622 2342 737 2429 Spiritu
760 2341 884 2406 Sancto:
899 2341 957 2405 ttte
979 2360 1028 2405 ms

106 2428 299 2515 clorificabit,
314 2431 389 2513 quia
421 2431 460 2495 de
494 2452 560 2496 meo
594 2432 734 2515 accipiet,
766 2443 798 2496 et
830 2429 1029 2495 ortirrmtiolt't
1063 2474 1073 2497 .

105 2514 202 2594 vodis,
223 2518 344 2595 loson,
372 2519 423 2596 16,
448 2519 500 2584 ld.
524 2519 591 2583 Nou
614 2537 718 2585 autem
742 2533 843 2606 potest
865 2519 925 2583 diui
942 2518 1027 2603 quod

106 2606 234 2691 accipiat
257 2606 287 2671 id
300 2606 383 2691 quud
397 2620 443 2671 est
465 2607 543 2686 Filii,
556 2628 617 2673 non
631 2620 736 2673 tamen
759 2607 887 2693 aeeipist
909 2628 925 2670 a
939 2606 1028 2685 Filio,

105 2708 213 2779 utputa
235 2694 261 2759 si
284 2695 403 2760 diuatur
419 2696 502 2781 quod
525 2697 654 2783 aoeipiat
676 2696 841 2761 essentiam
879 2694 1026 2772 divinam,

104 2802 185 2869 quae
208 2798 255 2848 est
276 2783 354 2862 Filii,
376 2804 394 2848 a
418 2784 519 2863 Patre3
543 2787 626 2852 unde
656 2801 686 2851 et
719 2785 872 2851 subditur:
913 2785 1026 2849 Omma

100 2890 306 2958 quoecumque
328 2871 419 2938 nater
442 2874 545 2947 Pater.
571 2896 642 2941 oreo
664 2885 744 2952 mim
769 2884 938 2959 propterea
958 2875 1028 2940 dimi

101 2962 325 3043 quindenum
349 2964 488 3047 scopet,
524 2965 611 3043 ibid,
648 2964 699 3042 m
735 2963 762 3029 si
798 2964 881 3029 enim
919 2967 1024 3027 omnia

101 3070 181 3135 quae
205 3050 301 3116 Patris
323 3066 394 3117 sunt
417 3068 446 3117 et
468 3053 535 3118 Filii
560 3067 641 3131 sunt,
664 3066 784 3141 oportet
812 3052 895 3139 quod
918 3068 1025 3117 aueto-

90 3140 174 3203 ritas
199 3140 308 3220 Patria,
330 3142 501 3206 menidam
522 3162 618 3227 quum
641 3156 687 3207 est
721 3142 905 3229 principium
928 3140 1024 3227 Spiri-

100 3239 151 3293 tus
173 3226 286 3307 Μαί,
308 3231 347 3295 sit
369 3244 400 3295 et
423 3230 500 3295 Filii.
523 3232 608 3295 Siout
630 3250 706 3315 ergo
721 3245 751 3296 et
779 3231 908 3315 Spiritus
945 3231 1023 3295 San-

100 3330 167 3381 ctus
189 3318 299 3405 aoeipu
321 3318 360 3383 de
382 3339 421 3383 eo
444 3320 526 3405 quud
550 3335 597 3384 est
620 3319 719 3385 Patris
740 3341 757 3384 a
787 3318 887 3396 Patre,
911 3319 950 3391 ita
973 3340 1024 3384 ae·

100 3406 172 3492 cipit
194 3406 235 3471 de
257 3426 295 3473 eu
319 3408 402 3494 quod
425 3422 471 3472 est
494 3408 593 3472 Filiia
617 3409 704 3473 Filio.

166 3493 273 3561 Adime
295 3501 387 3561 etiam
411 3496 513 3561 induci
538 3511 668 3583 possunt
690 3496 886 3566 auctoritates
907 3494 1021 3564 Docto·

148 3580 179 3647 S.
209 3583 651 3653 Ttr.simmoe1’trtt.v.5.
812 3622 818 3627 ·
934 3585 955 3650 8
