2484 3975
206 202 270 272 tot
578 221 750 270 orusuuturt

204 301 358 365 cnusotur,
381 289 449 355 tulit
472 287 634 377 productio
657 306 703 358 est
726 289 820 378 ipsius
856 301 981 356 neturee
1019 311 1135 357 seeun-

204 379 280 446 dum
303 379 447 466 reipsum,
468 393 590 467 oportet
613 381 706 465 igitur
728 379 811 467 quod
838 379 1002 446 reducatur
1039 380 1071 446 io
1096 379 1132 446 itl

204 468 289 554 quod
312 481 358 534 cet
380 489 436 550 per
456 489 492 534 ne
513 489 605 536 ceusu
636 469 717 536 illius
751 485 889 544 octone,
926 491 989 534 nou
1022 481 1132 536 eutem

204 558 237 624 io
258 557 375 642 aliquid
414 557 497 643 quod
521 559 744 643 porticultritet·
781 572 923 624 naturum
955 559 1128 644 participet
1225 591 1226 616 r

204 646 398 713 boeimilutur
420 648 504 714 enirn
528 646 596 712 telis
619 646 780 732 productio
804 650 960 733 processui
984 646 1033 712 tel
1054 667 1133 712 cuu-

203 735 313 802 oulituti
335 734 387 822 qui
412 737 443 802 io
476 735 718 820 intelligibilibus
753 735 916 811 iuvenitur,
951 736 981 802 io
1015 733 1135 821 quibus

204 837 312 891 cotom
335 823 379 890 rei
402 823 573 890 seeundum
611 825 744 910 oeipoem
779 845 841 890 non
876 823 1030 910 dependet
1068 822 1134 890 nisi

203 933 221 977 e
245 913 356 999 primo,
377 914 456 978 elcut
478 926 587 979 uotum
608 912 719 980 senarii
744 925 775 978 et
798 912 864 996 ejus
887 914 965 980 ratio
988 933 1051 980 uon
1075 913 1134 980 de·
1226 943 1227 950 ¹

204 1001 356 1089 pendete
381 1001 514 1069 ternario
539 1002 586 1068 rel
610 1002 740 1077 binario,
760 1001 817 1066 sed
841 1001 879 1066 eb
911 1006 975 1089 ipsu
1002 1001 1135 1078 unitate3

202 1109 266 1156 uon
289 1091 372 1156 enim
396 1111 459 1169 tex,
481 1090 653 1158 oecmrdum
678 1090 810 1178 primum
839 1091 992 1158 rationem
1016 1091 1136 1176 speciei

203 1193 274 1245 oum
295 1178 343 1249 bie
365 1180 433 1253 trio,
469 1179 525 1245 eed
561 1199 615 1246 sex
653 1179 765 1255 eolum3
803 1178 938 1264 alioquin
973 1192 1137 1266 oporteret

203 1268 295 1332 unius
316 1267 361 1333 rei
383 1268 494 1351 multos
516 1267 699 1334 substantioe
733 1267 885 1334 eccesie
921 1269 1023 1353 igitur,
1057 1290 1136 1336 cum

203 1374 273 1420 esee
295 1355 422 1440 alieuius
445 1371 590 1424 euocetur
610 1357 729 1442 ubsque
752 1370 851 1434 motu,
872 1355 937 1440 ejus
968 1357 1138 1426 ructatio·

203 1443 327 1509 attribui
350 1465 412 1510 nou
436 1460 535 1533 potest
557 1445 647 1512 elieid
664 1445 892 1531 particularium
905 1447 1034 1524 entium,
1047 1445 1138 1531 quod

204 1532 364 1617 participet
385 1554 464 1612 esem
486 1535 541 1601 oed
564 1547 687 1622 oportet
709 1533 792 1621 quod
805 1534 971 1602 reducitur
985 1535 1017 1600 in
1033 1534 1137 1618 ipsum

205 1621 411 1688 universalem
427 1638 458 1688 et
473 1625 604 1710 primam
615 1643 743 1690 eoueem
753 1623 886 1701 emendi,
901 1624 1017 1690 seilicet
1029 1623 1135 1690 Deum

205 1710 258 1795 qui
281 1723 329 1776 eet
351 1711 452 1797 iprum
474 1733 552 1778 esse.

272 1798 422 1886 dmpliuo,
445 1800 569 1883 Quanto
596 1799 698 1887 ulique
737 1801 873 1886 potentie
907 1801 1005 1886 mogis
1042 1799 1167 1869 distet.

205 1887 244 1953 eb
267 1901 348 1964 ectu,
371 1903 455 1954 tuoto
479 1890 587 1975 mojori
611 1889 722 1955 virtute
746 1888 861 1974 indiget
887 1889 924 1956 ed
966 1892 1026 1955 lroe
1049 1889 1137 1975 quod
1227 1969 1228 1972 Ἴ

205 1977 236 2045 io
259 1991 362 2045 aetum
385 1977 561 2057 redemtum
584 1977 693 2063 mejeri
716 1978 798 2045 enim
824 1979 935 2045 virtute
956 1978 1036 2064 ignis
1053 2000 1136 2067 opus

206 2082 252 2134 eet
274 2066 313 2133 ed
336 2068 554 2133 resoluendum
576 2067 711 2153 lapidem
735 2087 828 2153 quem
852 2088 964 2133 cerem.
988 2066 1050 2133 Sed
1064 2068 1136 2135 nul·
1228 2138 1229 2141 ,

205 2156 265 2223 lius
289 2159 442 2243 potentiue
453 2157 635 2242 uduliquom
653 2156 832 2243 potentium,
847 2170 1137 2243 quantumcumque

130 2266 132 2269 ’
207 2246 419 2331 indispositam
441 2260 472 2311 et
495 2260 656 2318 remotam,
683 2259 729 2311 est
750 2250 940 2327 comparatio
974 2262 1027 2311 eut
1064 2267 1138 2331 pro·

207 2337 319 2418 portior
342 2356 404 2400 oon
427 2336 507 2400 entis
528 2337 612 2400 enim
636 2333 675 2397 ed
699 2354 753 2399 ens
776 2334 860 2401 nulle
896 2349 941 2400 est
964 2335 1136 2420 proportio.

206 2422 307 2490 Virtus
332 2426 425 2509 igitur
446 2442 527 2511 queo
549 2443 587 2487 ex
610 2422 694 2489 nulle
734 2425 869 2508 potentie
909 2424 1137 2509 praeexistente

206 2512 340 2597 aliquem
364 2512 505 2577 ellectum
531 2509 682 2597 producit,
707 2512 737 2575 io
762 2510 914 2577 inlinitum
938 2512 1058 2577 excedit
1075 2513 1140 2578 vir·

207 2614 304 2667 tutem
326 2622 407 2687 quac
430 2600 570 2687 producit
605 2599 748 2665 effectum
787 2620 825 2665 ex
862 2600 962 2686 ulique
1001 2602 1140 2686 potentie

207 2705 494 2777 quantumcumque
515 2703 644 2753 remote.
669 2688 790 2753 lolinito
811 2702 914 2754 eutem
941 2688 1038 2755 virtus
1061 2689 1140 2755 ulio·

207 2798 276 2844 rum
300 2779 427 2865 quidem
451 2791 640 2865 potestesse
663 2776 834 2843 secundum
865 2777 950 2863 quid;
985 2776 1040 2844 sed
1064 2778 1143 2843 sim·

206 2867 336 2953 pliciter,
361 2880 502 2955 respectu
525 2866 617 2933 totino
641 2886 718 2945 ense,
741 2864 858 2931 inlicito
889 2866 984 2933 virtue
1011 2880 1142 2933 nonest

206 2957 265 3031 uisi
290 2957 381 3042 primi
405 2956 534 3041 egentis,
557 2954 642 3039 quod
665 2967 713 3020 est
734 2974 826 3019 suum
850 2975 917 3021 esse
941 2969 973 3021 et
996 2976 1054 3042 per
1076 2955 1142 3023 hoc

207 3057 253 3109 eet
277 3044 547 3111 modinomnibus
571 3043 737 3121 inlinitum,
761 3056 908 3129 utsupra
941 3045 1058 3111 dictum
1082 3059 1142 3111 est.
1228 3084 1229 3087 =

208 3132 279 3201 Solu
303 3134 515 3217 igituruium
538 3132 628 3219 primi
652 3132 771 3216 egentis
794 3144 894 3219 potest
908 3134 1051 3201 ellectum
1070 3154 1143 3220 pro·

208 3221 333 3300 ducere,
357 3222 441 3287 nullu
466 3220 600 3309 potentie
624 3223 867 3307 praesupponit.
892 3222 1001 3289 Talem
1034 3234 1141 3288 cutem

208 3325 331 3397 oportet
353 3332 421 3376 esse
445 3310 680 3397 productionem
703 3310 843 3375 omnium
879 3310 1140 3395 ingenerabilium

209 3414 239 3463 et
262 3399 554 3483 incorruptibilium,
577 3418 657 3484 quoe
679 3398 896 3483 ubsquemotu
912 3400 1140 3483 producuntur.

209 3484 342 3635 (ipoptett
360 3488 454 3569 igitur
476 3486 582 3551 omniu
611 3485 790 3573 hujusmodi
830 3487 952 3571 efleolo-
969 3487 1036 3553 Deo
1069 3504 1141 3553 esee

209 3590 267 3656 pro
293 3591 330 3636 uc
343 3591 374 3637 c.
