2484 3975
436 237 492 281 ua.
517 236 556 281 tu.
580 234 644 281 saa.
667 234 708 283 rr.
975 217 1018 284 tt

102 316 233 391 oportet,
257 303 352 392 quod,
373 305 545 371 seeundum
584 304 792 371 diversitatem
827 315 1020 384 naturarum,

101 394 240 461 diversus
263 394 466 460 emanationis
490 392 600 459 modus
624 392 780 465 invenitur
808 393 839 475 in
863 394 1022 472 rebus3et

101 497 218 569 quanto
241 483 342 569 aliqua
367 496 475 549 nature
498 496 544 549 est
568 482 669 561 altior,
692 493 777 548 unte
810 469 843 548 ld
871 481 1022 583 quatiet

102 592 139 637 ea
161 585 285 639 emanat
306 572 406 655 magis
428 585 473 635 est
495 566 648 635 intimum
672 570 705 636 ln
728 570 821 635 rebus
842 572 928 635 enirn
951 592 1019 643 nm·

102 660 223 727 ninus
212 660 381 728 naninaa
404 676 533 747 eorpora
556 658 699 726 infimum
723 657 825 725 laeum
846 664 963 736 tenent,
986 662 1019 725 in

102 748 215 835 quibus
248 749 459 816 emanationes
488 748 576 819 aliter
609 766 679 813 esse
713 766 775 812 non
805 762 938 835 ¹possunt
959 748 1021 817 uisi

102 854 159 924 per
181 837 333 906 notionem
357 840 447 903 umus
469 856 579 905 eorum
602 837 634 902 in
657 836 782 923 aliquod
812 837 954 913 alterum3
976 837 1022 904 sie

103 926 186 994 enim
210 946 248 991 ex
270 926 341 1011 igue
364 939 529 1009 generatur
552 925 740 1010 igniarium
763 924 805 991 ab
820 926 891 1009 igne
908 944 1022 1010 eorpus

103 1028 282 1081 extraneum
308 1013 453 1081 alteratur
475 1027 506 1081 et
538 1012 577 1080 ad
610 1015 789 1100 qualitatem
823 1028 853 1079 et
886 1016 1022 1101 spetiem
1078 1022 1080 1024 ’

105 1102 185 1187 ignis
212 1102 399 1191 perduntur.
422 1103 494 1171 Post
517 1104 686 1169 inanimata
706 1119 937 1189 veronorpora‚
950 1124 1022 1190 prn-

104 1193 223 1259 ximum
246 1192 347 1259 loenm
371 1206 477 1257 tenent
499 1192 632 1279 plantae,
654 1193 685 1258 in
708 1192 821 1278 quibus
850 1192 915 1279 jam
933 1213 1023 1262 ema·

104 1282 190 1347 natio
212 1301 250 1347 ex
271 1281 407 1353 interiori
422 1281 570 1368 presedit,
584 1284 765 1367 inquantum
782 1281 895 1349 scilieet
907 1282 1022 1348 humet·

104 1370 414 1455 plantae-intraneus
451 1370 482 1443 in
517 1389 624 1437 semen
659 1372 845 1436 convertitur
866 1383 910 1435 et
945 1370 1022 1435 illud

105 1477 213 1525 semen
236 1472 337 1526 terrae
359 1458 540 1525 mandatnm
563 1458 674 1525 erescit
706 1458 739 1525 in
773 1458 919 1545 plantam.
952 1460 1024 1525 lam

104 1568 180 1633 ergo
203 1547 253 1614 hio
276 1548 394 1634 primus
416 1547 530 1631 gradus
553 1548 633 1613 vitae
672 1546 835 1620 invenitur:
867 1568 942 1614 nem
978 1549 1025 1611 ri·

105 1636 206 1703 nentia
229 1650 300 1703 sunt
323 1650 404 1721 quae
426 1637 526 1722 seipsa
550 1647 677 1701 movent
702 1636 742 1700 ad
771 1636 941 1721 agendum,
973 1636 1026 1701 illa

105 1746 180 1792 vero
202 1745 282 1811 quae
305 1742 368 1789 non
392 1728 449 1789 nasi
472 1725 623 1790 exteriora
646 1744 772 1789 movere
803 1738 934 1811 possunt
957 1744 1027 1790 nm-

106 1815 182 1881 nino
205 1824 279 1879 snm¹
299 1813 359 1877 vita
382 1813 532 1890 tarentin
556 1814 587 1879 in
611 1812 723 1899 plantis
746 1832 820 1879 tero
854 1813 914 1888 hoe
948 1812 1029 1880 indi·
1078 1830 1082 1837 ·

106 1904 189 1969 aian
213 1903 293 1967 vitae
315 1901 466 1988 estquod
493 1902 524 1970 iu
549 1901 634 1990 quod
669 1902 700 1969 in
734 1902 808 1989 ipsis
838 1915 890 1967 est
911 1912 1031 1975 mouet

108 1992 242 2077 aliquam
266 1991 409 2058 formem.
432 1992 483 2056 Est
505 2007 618 2058 tamen·
634 1992 693 2058 vita
716 1993 891 2080 plantarum
914 1992 1030 2078 imper·

109 2080 200 2159 leeta,
221 2081 305 2166 quia,
325 2081 479 2146 emanatio
503 2083 534 2146 in
558 2082 604 2146 eis
628 2080 697 2146 lieet
717 2082 775 2146 'ab
798 2081 942 2156 interiori·
958 2100 1029 2167 pro-

110 2168 211 2248 cedat,
234 2182 337 2234 tamen
360 2170 507 2254 paulatim
530 2169 570 2235 ab
594 2170 792 2236 interioribus
818 2171 923 2236 oriens
945 2167 1030 2256 quot

111 2269 236 2324 emanat
259 2258 389 2324 finaliter
412 2258 539 2324 omuino
562 2259 766 2326 extrinsecum
789 2259 954 2334 ravennon
970 2258 1029 2323 ltu-

110 2366 180 2411 mor
201 2345 285 2410 enim
309 2347 428 2414 arboria
451 2347 551 2431 primo
580 2349 619 2414 ab
654 2348 764 2414 arbore
797 2347 959 2431 egrediens
991 2347 1029 2411 lit

110 2434 167 2511 ilos
190 2446 221 2498 et
244 2434 368 2500 tandem
393 2433 508 2499 fruetus
531 2436 570 2502 ab
592 2436 711 2506 arboris
733 2436 845 2502 cortine
867 2435 1030 2513 discretus,
1067 2431 1071 2440 “

112 2522 169 2589 sed
191 2523 222 2588 ei
243 2523 413 2608 colligatum
447 2521 581 2608 perfeeto
614 2537 717 2590 autern
752 2522 863 2597 iruntu,
898 2523 1027 2589 ornnino

112 2611 151 2678 ab
175 2611 286 2678 arbore
309 2624 478 2698 separatur,
500 2623 542 2686 et,
568 2615 597 2680 in
622 2628 736 2677 terram
759 2611 882 2688 cadens,
902 2630 1027 2676 sernen-

112 2711 174 2766 tina
199 2701 308 2767 virtute
332 2699 473 2786 producit
500 2700 590 2768 aliam
615 2701 761 2788 plantam
784 2700 907 2786 Siquis
935 2700 1029 2766 etiam

112 2789 275 2873 diligenter
307 2789 496 2866 oonsideret,
522 2792 668 2893 primum
701 2789 793 2874 hujus
828 2789 1031 2856 emanationis

114 2877 299 2979 principium
323 2877 361 2942 ab
388 2878 530 2944 exteriori
564 2880 707 2957 sumitur3
740 2898 813 2943 nam
846 2878 994 2944 humor'
986 2898 1033 2943 rn-

114 2965 265 3033 trinsecus
288 2967 405 3032 arboris
431 2987 494 3069 per
517 2969 675 3040 radicesa
714 2979 796 3032 terra
831 2968 972 3044 suuntur,
992 2966 1035 3033 de

115 3074 177 3139 qua
201 3054 303 3140 plenta
327 3057 452 3141 suscipit
485 3071 718 3121 nutrimentum.
755 3055 837 3130 Ultra
862 3055 1037 3142 plantarum

115 3163 190 3208 vero
213 3144 318 3222 vitant,
341 3144 429 3208 altior
452 3142 565 3228 gradus
599 3148 678 3210 vitae
701 3145 872 3221 inuenitur,
889 3163 969 3229 quae
991 3155 1039 3208 est

115 3231 287 3298 seeundum
311 3233 445 3298 animam
469 3233 655 3312 sensitivam,
677 3232 764 3317 eujus
787 3237 943 3298 emanatio
966 3250 1038 3319 pro·

117 3321 195 3407 pria,
218 3323 275 3388 etsi
298 3321 337 3387 ab
367 3321 509 3386 exteriori
544 3323 678 3406 incipiat,
709 3324 740 3386 in
775 3319 1039 3398 interioritatum

118 3409 325 3486 terminatur;
362 3421 402 3488 et,
436 3424 551 3496 quanto
584 3411 737 3476 emanatio
775 3411 873 3493 magia
905 3410 1038 3476 incesse·

119 3497 384 3584 natanto-magis
408 3499 448 3566 ad
471 3500 578 3568 intima
600 3499 772 3580 deveniturr
794 3498 938 3566 sensibile
953 3500 1039 3576 enim
