2484 3975
403 234 591 279 nisssnrarto
891 214 955 281 567

80 326 87 368 t
110 304 155 369 rel
178 303 268 369 etiarn
284 304 468 379 contrariae,
484 303 655 386 singulares
672 314 701 367 et
716 321 897 369 communes
921 325 956 371 ac

80 394 139 477 agis
162 394 323 477 minusque
347 392 478 477 amplae
518 391 611 477 idque
634 390 763 455 efficitur
797 391 956 479 multiplici

80 481 268 545 todammodo
303 478 458 558 facultate,
481 500 561 566 quae
585 479 671 543 adest
694 476 892 564 ampliatione
926 498 956 546 et

80 572 262 646 tminutione,
286 568 501 633 transferendo
524 582 555 633 et
591 568 866 653 accommodando,
905 589 956 653 ag-

80 660 214 743 egatione
237 671 267 721 et
290 657 507 734 abstractione,
530 658 760 742 comparatione
783 670 813 721 et
837 657 955 723 ratioci-

80 768 103 811 o.
128 748 170 811 Ad
193 747 295 810 diviua
318 766 389 809 cum
414 747 599 829 adsurgitur,
623 746 712 809 ducta
737 745 775 809 nb
799 746 956 811 effectibus

80 837 313 918 gumentatione,
337 833 450 920 duplex
481 834 538 898 alia
578 850 700 920 praesto
737 846 782 897 εει
820 833 956 912 facultas,

82 924 211 989 firmatio
234 939 264 987 et
288 926 431 998 remotim
455 944 585 1008 quarum
611 923 705 987 altera
731 922 957 989 Deuadtribui·
1041 1003 1043 1013 Ι

80 1034 107 1077 is
130 1012 331 1099 perfectiones
354 1032 463 1077 omnes
487 1033 562 1096 quas
585 1012 686 1075 inesse
719 1012 866 1076 creaturis
904 1012 956 1077 de-

80 1102 268 1174 eltendimus;
292 1101 456 1186 simulque,
480 1100 605 1165 alterius
629 1120 700 1185 ope,
722 1120 739 1163 tt
764 1100 830 1165 Deo
855 1121 956 1167 remo·

80 1212 141 1255 nus
165 1203 376 1255 creaturarum
401 1188 659 1276 imperfectiones.
687 1188 762 1253 llem
787 1190 866 1254 lianc
891 1190 955 1276 plc-

84 1300 121 1343 ue
145 1278 277 1343 illustres
300 1278 475 1363 pbilosoptti
497 1277 730 1361 diligentissime
752 1293 955 1363 exequuntur.

92 1367 183 1451 longo
195 1367 319 1451 latoque
331 1367 497 1431 admonere
511 1378 643 1452 praestat
655 1366 749 1453 quod,
766 1367 897 1451 Angelos
911 1370 955 1433 iu·

92 1477 127 1521 ac
139 1457 290 1534 homines,
306 1456 465 1519 intercedit
478 1455 654 1529 discrimem
671 1476 742 1519 trum
761 1456 824 1520 istis
840 1457 955 1541 imper-

82 1561 109 1611 ta
134 1545 324 1609 ratiocinatio
340 1545 494 1619 convenit,
511 1564 570 1627 quo
588 1544 627 1607 ab
653 1544 764 1628 ignotis
781 1544 819 1608 ad
836 1545 954 1609 notoria

80 1634 244 1710 medimna,
268 1630 431 1718 perfectior
446 1632 504 1695 illis
518 1632 671 1697 adseritur
684 1632 849 1711 discursus,
861 1654 955 1720 quem

80 1725 194 1787 tuufem
218 1720 382 1806 appellant,
412 1721 528 1805 absque
552 1734 678 1786 actuum
717 1720 951 1807 multiplicitate.

91 1813 169 1876 baec
191 1810 265 1875 satis
288 1810 417 1873 innuere
441 1811 500 1873 boc
523 1808 601 1873 loco.

98 1900 177 1965 lllud
200 1911 246 1963 εει
270 1898 443 1961 firmissime
467 1898 648 1970 tenendum,
671 1896 843 1962 naturalem
872 1918 956 1963 crea·

81 2010 133 2054 um
158 1986 310 2054 mentium
334 1986 419 2051 illam
442 2008 510 2052 esse
536 1986 745 2070 cognitionem
769 1986 858 2073 eujus
874 1990 956 2073 prin·

81 2080 144 2143 ium
168 2090 221 2142 aut
243 2077 349 2140 lumen
371 2077 502 2140 sumitur
526 2095 563 2139 ex
586 2077 660 2161 ipsis
675 2077 785 2140 creatis
801 2077 956 2142 urentibus

100 2188 138 2231 ex
161 2167 255 2231 rebus
279 2164 484 2240 sensibilibus
500 2164 641 2248 adeoque
664 2165 837 2228 naturalem
851 2185 955 2230 rerum

80 2277 158 2321 trum
183 2276 219 2320 ae
241 2254 298 2318 Dei
321 2254 466 2318 creatoris
489 2253 696 2337 cognitionem
733 2273 953 2337 comprensum

80 2365 143 2409 iere
166 2364 238 2408 cum
262 2342 354 2407 rebus
378 2340 450 2428 ipsis
473 2341 593 2417 creatis,
618 2341 791 2426 exquibus
817 2343 954 2408 nativum

80 2455 133 2498 ten
158 2433 306 2497 hauritur.
331 2431 407 2495 Rern
432 2430 462 2494 in
486 2429 665 2494 bominibus
688 2430 833 2517 explanat
881 2431 956 2496 San-

80 2523 255 2589 s'lbomas
277 2519 388 2604 (Part.
414 2517 437 2584 l.
462 2517 499 2600 Q.
523 2538 639 2594 xxxxiv,
670 2531 726 2584 art.
751 2520 783 2597 7,
821 2517 861 2584 ad
896 2521 956 2606 5):

81 2630 265 2698 ncorporea‚
288 2609 440 2694 iuquiens,
462 2625 597 2692 quorum
623 2626 686 2670 nou
711 2621 781 2672 sunt
807 2607 956 2693 phantas-

80 2714 119 2779 ta,
142 2712 373 2783 cognoscuntur
396 2717 414 2760 a
439 2697 527 2760 nobis
551 2715 606 2780 per
630 2697 902 2781 comparationem
919 2698 958 2764 ad

80 2809 156 2875 pora
180 2786 337 2854 sensibilia
360 2803 494 2870 quorum
516 2796 588 2848 suut
612 2784 841 2869 phantasmata;
880 2788 958 2851 sicut

80 2879 188 2942 itatem
211 2878 321 2962 (quae
344 2894 407 2938 non
430 2887 476 2938 est
499 2873 683 2957 sensibilis)
706 2873 905 2956 intelligimus
918 2895 956 2940 ex

84 2967 274 3032 sideratione
300 2963 346 3027 rei
373 2961 583 3045 (sensibilis)
607 2961 687 3024 circa
722 2981 815 3047 quam
851 2965 958 3029 verita·

80 3080 86 3121 t
122 3055 338 3142 speculamur3
375 3053 477 3116 Deum
519 3064 623 3114 autem
661 3051 886 3134 cognoscimus,
925 3067 958 3116 ut

80 3148 196 3231 mysius
221 3143 305 3219 dicit,
330 3155 366 3206 ut
387 3159 524 3216 causam,
547 3159 602 3224 per
639 3158 799 3204 excessum
837 3140 956 3226 (supra

100 3243 323 3320 corporeaset
346 3228 508 3294 sensibiles
530 3241 622 3312 atquc
657 3224 799 3306 creatas)
835 3243 866 3293 et
901 3248 957 3315 per

81 3323 237 3387 sotionem
260 3315 561 3408 (imperfectionum
586 3335 667 3400 quaa
690 3315 783 3380 rebus
799 3318 957 3404 corporcis

80 3412 279 3478 sensibilibus
301 3421 332 3471 et
355 3405 465 3473 creatis
486 3405 631 3490 insunt).
670 3404 749 3468 Alias
784 3403 876 3472 etiam
912 3407 957 3470 in·

80 3521 194 3588 poreas
218 3497 416 3576 substantias,
438 3495 469 3560 in
492 3507 571 3560 statu
594 3494 768 3580 praesentis
791 3493 881 3578 uitae,
903 3513 957 3560 co-
