2484 3975
205 210 273 277 398
585 228 755 275 crescentia

273 298 306 363 Et
327 297 422 361 etiam
445 294 514 361 talis
537 312 582 363 est
605 300 745 365 animafis
769 297 918 365 habitudo
955 298 993 365 ad
1029 298 1131 367 ftomi·

203 408 288 453 nem.
311 387 354 451 Si
367 387 451 451 enim
474 386 589 452 animai
612 391 787 454 nominaret
809 403 928 455 tantum
953 410 1018 453 rom
1036 390 1130 455 talem

204 499 286 580 quae
309 477 402 541 trater
424 477 603 579 qnamdam
618 478 851 580 perfectionem,
875 493 908 543 nt
942 480 1037 580 possit
1060 500 1129 543 sen·

204 570 263 631 tire
285 582 316 631 et
339 567 455 631 moveri
480 585 535 650 per
559 566 745 651 principium
769 566 799 631 in
825 568 1037 653 ipsoexietens
1059 587 1132 632 cum

204 655 396 743 praecisione
418 654 542 719 alterius
566 654 773 740 perfectionis,
807 668 881 721 tnnc
915 674 1133 743 quaecumque

205 744 264 810 effa
289 742 434 830 perfectio
459 743 587 807 citerius
608 744 821 831 superveniret
858 746 986 811 ftabcret
1023 766 1058 809 sc
1094 743 1132 809 ad

205 832 320 899 animai
344 853 400 918 per
422 831 550 896 modum
574 835 677 919 partis
706 848 737 898 et
770 854 833 897 non
872 836 950 899 sicut
985 833 1134 919 implicite

205 923 404 987 contentato
429 920 718 1001 rotioneanimafis‚
743 936 774 987 ct
808 921 923 986 animal
957 943 1018 987 non
1055 935 1136 987 esset

206 1030 316 1095 gcnun
292 1010 383 1075 sed
407 1022 453 1073 eat
475 1030 574 1110 genus
595 1010 768 1079 secondum
792 1010 877 1097 qood
894 1012 1049 1113 significat
1065 1030 1132 1074 rem

207 1098 376 1185 qnamdam
400 1120 436 1162 ea
459 1097 547 1183 cujus
569 1098 670 1166 forma
694 1113 792 1184 potest
826 1102 989 1185 provenire
1024 1120 1135 1165 aeneus

206 1203 238 1253 et
261 1203 375 1265 motos,
397 1206 650 1272 quaecumque
633 1190 672 1251 sit
695 1188 744 1253 iffa
770 1188 879 1267 forma,
901 1188 1016 1254 sitesit
1030 1190 1135 1253 anima

207 1276 360 1343 sensibilis
385 1290 513 1354 tantum,
535 1278 599 1341 aive
623 1277 661 1341 sit
683 1277 786 1342 anima
808 1278 961 1355 sensibilis
984 1292 1015 1343 et
1040 1277 1134 1343 ratio·

199 1365 285 1431 'ttefis
309 1364 411 1430 simui.

275 1454 306 1517 Si
330 1454 422 1538 igitar
445 1473 544 1537 genua
566 1452 717 1537 significat
734 1452 970 1520 indeterminate
987 1453 1017 1520 id
1034 1467 1135 1520 totum

208 1544 292 1629 qnod
317 1556 362 1607 est
386 1542 416 1607 in
439 1542 542 1629 specie
579 1543 592 1621 (
605 1562 670 1607 non
707 1547 792 1608 enim
825 1544 977 1628 significat
1015 1556 1135 1609 tanturn

211 1632 373 1697 comeciam
386 1636 409 1716 ),
432 1630 572 1696 similiter
590 1630 688 1695 ‘etiam
723 1632 894 1698 differentia
927 1632 1081 1717 significat
1102 1634 1134 1697 id

209 1736 308 1786 totum
331 1722 415 1807 quod
437 1734 485 1785 est
507 1721 537 1784 in
560 1721 664 1806 specie
686 1735 717 1785 et
739 1742 801 1785 nnn
840 1736 956 1786 tanturn
993 1721 1137 1797 formam3

208 1823 241 1874 et
264 1812 356 1875 etiarn
381 1810 518 1875 definitio
542 1808 694 1893 significat
718 1824 816 1875 totum
840 1823 870 1875 ct
893 1811 985 1874 etiam
1009 1812 1138 1897 species,

209 1898 265 1963 sed
288 1899 506 1975 diversimode,
539 1902 610 1985 qttia
649 1918 748 1982 genus
783 1897 933 1983 significat
971 1906 1070 1963 toturn
1106 1915 1139 1964 ιιι

203 1986 365 2090 vquaedam
388 1989 600 2054 denominatio
622 1986 832 2054 determinans
857 1988 886 2052 id
910 1989 993 2088 qnod
1017 2003 1063 2053 est
1076 2009 1140 2053 ma

211 2077 350 2142 teriafc
343 2099 375 2142 ιιι
399 2099 433 2142 re
454 2081 523 2142 sinc
546 2077 805 2143 determinatione
828 2079 972 2164 propriae
1009 2072 1141 2178 formam

211 2165 296 2231 ande
318 2187 418 2251 genos
440 2167 572 2232 sumitur
606 2188 624 2230 ιι
660 2167 798 2242 materia,
832 2168 972 2252 queuntis
1007 2187 1069 2231 oon
1102 2167 1141 2231 sit

208 2257 351 2323 materia
372 2255 460 2320 Unde
482 2269 564 2340 petet
587 2255 670 2340 qttod
694 2275 807 2340 corpus
830 2256 942 2320 dicitur
975 2256 1059 2341 quod
1084 2255 1139 2319 fta·

210 2344 264 2409 bet
286 2344 378 2411 taient
403 2344 623 2431 perfectionem
648 2358 680 2408 ιιι
704 2344 821 2428 possint
843 2345 873 2408 in
912 2363 951 2408 eo
985 2344 1139 2429 designari

209 2449 273 2499 trec
293 2434 513 2508 dimensionem
536 2453 616 2519 (puae
640 2433 766 2518 quidem
790 2430 1004 2519 perfectioest,
1017 2446 1050 2497 nt
1075 2453 1140 2497 ma·

211 2500 338 2600 teriafis,
361 2544 395 2587 se
420 2522 539 2589 itabens
562 2521 603 2586 ad
627 2520 812 2586 citeriorem
840 2520 1073 2607 perfectionem
1077 2520 1143 2587 Dii

209 2611 339 2683 ferentia
363 2631 436 2676 cero
458 2631 476 2676 e
498 2629 648 2676 converso
672 2622 719 2674 est
748 2611 827 2676 aicnt
849 2611 1003 2696 quaedam
1037 2608 1141 2674 deter-

210 2700 340 2766 minatio
362 2721 381 2764 a
404 2698 503 2764 forma
526 2700 730 2766 determinata
753 2713 886 2785 sumpta,
923 2712 1045 2786 praeter
1080 2700 1141 2764 froc

209 2789 295 2874 qood
318 2790 358 2854 de
381 2789 535 2855 intellecto
552 2787 652 2874 primo
669 2788 847 2854 sitmateria
859 2787 1063 2854 determinata
1080 2787 1144 2872 (f),

210 2891 245 2943 ut
268 2891 351 2966 patet
373 2898 445 2943 coro
468 2877 579 2942 dicitnr
603 2877 788 2955 onimntnnt,
810 2876 925 2944 scilieet
947 2873 1024 2942 ifittd
1058 2876 1142 2964 qood

264 3016 305 3088 (f)
322 3015 401 3084 Quod
417 3017 483 3069 de
471 3015 605 3068 cnfcffrcttt
639 3017 725 3084 primo
751 3017 788 3068 ait
817 3017 931 3069 materia
960 3005 1145 3070 conmercia.

211 3087 262 3142 liic
278 3088 430 3142 intellectus
448 3089 563 3158 prinam,
582 3089 742 3157 sedprimus
755 3093 897 3157 conceptus
908 3087 1054 3140 secundum
1066 3101 1146 3158 qoem

213 3162 324 3215 materia
340 3167 382 3213 eat
398 3160 582 3224 determinata,
599 3165 639 3211 est
654 3159 805 3212 intellectus
832 3159 975 3227 godericus
1004 3159 1072 3212 idest
1101 3175 1145 3228 ga·

211 3247 273 3298 nne
291 3249 353 3286 nam
367 3248 460 3300 genus,
478 3237 509 3282 ut
525 3229 596 3282 infra
614 3230 722 3290 dicitur.
739 3231 858 3298 deaignat
889 3230 1025 3284 materiam
1056 3230 1143 3284 defer·

212 3304 348 3371 minatam,
367 3302 514 3356 differentia
537 3316 600 3353 vcro
630 3300 741 3354 formam
767 3302 976 3356 determinatam.
1007 3299 1041 3356 tn
1071 3302 1143 3371 quia,

212 3375 395 3428 anterioritate
413 3381 532 3438 naturae,
551 3373 661 3424 materia
681 3373 813 3456 praecedit
831 3371 951 3439 formam,
969 3375 1145 3443 genuc‚quod

212 3459 243 3496 aa
262 3445 341 3496 habet
359 3445 392 3496 ad
410 3443 583 3496 differentiam
601 3449 632 3495 ut
649 3445 759 3496 materia
777 3443 906 3513 quaedam
924 3443 1145 3498 determinatam

213 3516 332 3582 potentia
349 3516 384 3568 ad
407 3515 496 3584 piaret
526 3513 651 3573 formatae
678 3513 848 3586 differentias,
874 3515 970 3577 dicitnr
996 3514 1144 3576 intellector
