2484 3975
377 232 414 278 nr
439 234 560 279 tntrsrr
576 233 767 279 tnrrttscrus
969 213 1034 281 tttd

106 299 219 366 stantia
251 322 269 366 a
303 322 435 389 corpore
473 320 613 391 separatu
647 304 818 368 secundum
853 322 921 368 esse
943 306 1031 390 (boc

106 392 191 454 euim
215 410 278 455 non
301 405 404 478 posset
437 393 547 457 salvari
581 413 652 458 cum
689 406 819 479 utroque
858 394 1033 478 proedicton

106 497 178 542 rum
194 479 221 564 ),
241 479 297 545 sed
319 480 449 546 intendit
471 481 627 566 assignare
650 480 851 547 differentium
882 495 1033 566 quantum

104 567 145 632 ud
169 568 298 633 modurn
321 569 481 656 opcrondi;
505 569 588 635 unde
624 569 736 634 subdit:
766 597 782 628 s
799 571 834 634 Et
871 571 1029 656 quomodo

104 657 145 720 sit
167 657 292 740 quidem
316 658 489 743 intelligere
512 659 657 744 ipsum».

173 745 224 809 Sic
247 747 348 829 igitur,
371 767 427 832 per
448 768 484 812 eo
508 767 587 834 quoe
609 767 647 811 ex
670 745 773 819 uerbis
788 744 957 812 Aristotelis
981 768 1031 812 sc·

104 831 211 919 cipere
234 855 411 917 possumus,
449 857 548 921 usque
572 838 632 900 bue
656 835 852 899 ntunilestum
876 838 1027 921 estquod

106 921 173 1006 ipse
195 922 290 987 soluit
312 923 499 989 intellectum
538 945 607 990 esse
641 937 759 1012 partem
794 925 915 988 unimus
950 946 1030 1011 quoe

104 1024 153 1074 εει
174 1025 261 1075 octus
284 1015 422 1097 eorporis
445 1014 572 1100 physici.

172 1099 245 1177 Sed,
268 1103 340 1186 quio
360 1121 400 1166 et
423 1103 607 1186 quibusdum
643 1099 745 1166 verbis
769 1099 1028 1185 consequentibus
1120 1107 1124 1120 '

104 1187 278 1253 Auerrboes
315 1191 455 1275 accipere
492 1191 589 1255 uoluit
621 1191 822 1254 intentionem
859 1190 1027 1255 Aristotelis

104 1274 201 1341 luisse
216 1278 306 1363 tquod
331 1279 501 1343 intellectus
525 1300 586 1344 non
610 1281 649 1343 sit
662 1280 764 1342 animo
788 1293 928 1364 quaeest
945 1293 1028 1343 uetus

102 1366 253 1452 corporis,
275 1382 327 1431 out
350 1387 420 1452 pers
445 1367 511 1432 tulis
533 1369 666 1445 enimus,
690 1366 759 1430 idco
783 1368 875 1431 etiem
898 1367 1028 1451 diligen·

100 1453 161 1520 tius
184 1455 250 1539 ejus
274 1456 366 1520 verbo
389 1458 547 1541 sequentia
572 1454 796 1521 consideranda
820 1468 901 1520 snut.
918 1455 1027 1521 Statim

100 1542 205 1625 igitur,
229 1559 297 1630 post
317 1545 531 1631 quaestionem
549 1561 665 1610 motum
690 1545 728 1608 de
751 1543 922 1608 differentia
940 1545 1027 1610 intel·

99 1630 199 1696 lectus
220 1646 251 1695 ct
273 1655 393 1710 sensns,
417 1635 541 1719 inquirit
562 1634 734 1699 secundum
757 1633 830 1719 quid
856 1632 1027 1698 intellectus

100 1721 142 1784 sit
162 1721 271 1786 similis
293 1725 396 1788 sensui
419 1737 449 1788 et
471 1724 642 1788 secundum
670 1721 744 1808 quid
767 1723 807 1786 ab
829 1741 867 1786 eo
897 1720 1025 1786 dillerut.

100 1807 172 1872 Duo
195 1810 279 1875 enim
311 1808 408 1898 snpra¹
438 1809 491 1876 det
516 1832 609 1876 sensu
644 1813 871 1886 terminaverat,
911 1809 1029 1876 scilicet

99 1896 184 1981 quod
208 1917 316 1964 sensus
338 1915 385 1965 est
408 1899 437 1963 in
462 1903 597 1986 potentio
621 1899 660 1964 ud
684 1898 838 1964 sensibilia
874 1913 903 1962 et
939 1901 1023 1984 quod

99 2006 210 2051 sensus
232 1989 344 2074 potitur
366 2004 396 2055 ει
417 1992 626 2077 corrumpitur
649 1989 688 2053 ab
712 1986 900 2054 excellentiis
927 1990 1024 2053 sensi-

98 2074 221 2141 bilium.
242 2078 308 2143 lloc
329 2098 404 2158 erpo
426 2092 473 2144 est
495 2077 578 2166 quod
602 2080 723 2163 quaerit
756 2077 942 2155 Aristoteles,
978 2082 1025 2141 dl-

99 2184 183 2229 eens:
215 2192 230 2223 e
256 2167 288 2230 Si
312 2165 406 2251 igitur
439 2182 484 2234 est
510 2167 681 2250 intelligere
716 2166 793 2231 sicut
825 2169 940 2231 sentire
974 2183 1026 2232 out

96 2253 159 2339 poti
183 2253 309 2340 aliquid,
334 2257 438 2342 utique
461 2257 579 2321 critob
615 2255 808 2339 intelligibili,
845 2270 877 2318 ut
910 2254 1024 2321 scilieet

95 2341 140 2405 sic
163 2358 379 2429 corrumpatur
401 2345 575 2411 intellectus
597 2346 637 2408 nb
661 2344 819 2408 excellenti
838 2342 1022 2427 intelligibili

95 2430 175 2494 sicut
196 2451 306 2496 sensus
329 2433 369 2498 ab
391 2433 550 2499 excellenti
574 2433 722 2509 sensibili,
746 2448 797 2497 unt
821 2431 934 2518 aliquid
964 2434 1022 2497 bu·

91 2517 229 2603 jusmodi
253 2520 428 2598 ultorum»,
452 2523 550 2586 idest
573 2544 611 2586 nn
636 2523 807 2603 intelligere
830 2536 877 2584 εει
900 2522 1018 2607 aliquid

97 2607 190 2692 bujus
211 2610 322 2686 clarile,
345 2609 460 2675 scilieet
482 2614 511 2675 ei
534 2611 617 2697 qnod
652 2624 697 2675 est
730 2610 854 2686 sentire,
889 2610 1020 2675 alterum

96 2705 199 2760 tauns
222 2713 372 2782 quantum
395 2699 435 2763 ud
459 2701 528 2778 boc,
549 2700 666 2763 scilieet
688 2701 771 2785 qnod
795 2718 856 2763 nou
891 2698 929 2763 ειί
952 2720 1020 2785 pes-

95 2784 193 2849 sibile.
218 2786 294 2851 lluic
317 2788 410 2871 igitur
431 2789 602 2873 quaestioni
637 2792 745 2851 statim
778 2788 952 2873 respondet,
990 2804 1020 2853 ct

92 2874 260 2953 concludit,
283 2897 345 2939 non
369 2894 405 2940 es
431 2876 695 2962 praecedentibus,
716 2874 772 2940 sed
796 2896 833 2941 cx
866 2881 1020 2961 sequenti-

92 2963 163 3037 bus,
185 2983 266 3047 quoe
291 2979 393 3029 temen
417 2984 454 3028 ex
478 2965 735 3050 praecedentibus
772 2962 1019 3043 manifestentur,

92 3050 177 3136 quod
202 3055 281 3116 ltunc
298 3068 416 3137 purtem
431 3056 554 3118 enimse
569 3067 689 3139 oportet
705 3074 771 3117 esse
786 3052 1018 3139 impossibilem,

92 3154 124 3204 ut
147 3159 210 3206 non
234 3157 453 3227 corrumpetur
474 3144 553 3206 sicut
575 3162 693 3207 sensns.
718 3142 769 3207 Est
792 3154 895 3207 tutnen
922 3162 1017 3226 quoe·

91 3227 164 3292 dom
187 3228 246 3293 sliu
271 3233 374 3315 pessio
407 3230 484 3315 ejus,
517 3232 690 3295 secuudum
725 3234 808 3317 quod
843 3230 1014 3313 intelligere

90 3321 249 3382 communi
273 3318 369 3384 modo
392 3321 454 3405 poti
476 3319 598 3384 dicitur.
623 3319 655 3384 ln
684 3322 743 3384 ltoc
766 3338 841 3403 ergo
875 3319 1015 3385 otberto.

90 3424 194 3471 sensu.
216 3406 280 3471 Sed
302 3422 529 3493 consequenter
551 3408 686 3472 ostendit
708 3410 738 3473 ln
763 3426 825 3493 quo
851 3426 923 3472 curu
946 3427 1017 3472 sen-

89 3513 133 3559 tu-
148 3497 427 3581 conueniendum
444 3496 711 3582 seilicetoportet
734 3496 910 3583 hujusmodi
944 3515 1014 3580 pur·

137 3580 169 3647 S.
199 3584 253 3650 Tu.
277 3584 425 3653 Sntnmoe
449 3585 529 3651 Pin.
555 3583 588 3654 V.
612 3586 643 3652 3.
927 3584 969 3649 ob
