2484 3975
211 231 285 298 950*
547 256 602 299 sta.
628 255 666 299 tv.
691 253 754 298 aar.
779 253 827 298 cv.

208 323 327 398 utilem,
350 320 620 388 nifrildeeoultra
645 323 720 388 alios
745 323 885 388 homines
909 321 1139 400 aestimassent,

208 411 262 476 sed
288 431 336 488 eo,
351 425 418 493 post
442 412 518 475 mira
543 433 624 498 quae
649 413 742 496 gessit
766 413 797 476 iu
821 411 920 489 terris,
942 432 1030 476 suam
1046 431 1140 496 prae·
1182 441 1184 448 r

203 501 335 565 seutiam
360 498 538 567 bominibus
562 500 773 578 subtrahente,
798 500 896 584 magis
920 500 1020 586 ipsum
1047 520 1138 564 rere·

205 589 265 652 reri
290 601 472 673 coeperunt:
498 589 731 675 propterquod
756 589 849 654 etiam
874 590 937 653 suis
976 587 1138 672 discipulis

204 676 429 760 plenitudinem
457 676 588 762 Spiritus
612 677 714 742 Sancti
753 699 816 742 uon
864 676 948 741 dedit
984 677 1138 760 quamdiu

203 785 276 829 cum
300 765 345 829 eis
370 781 571 832 conversatus
596 765 662 844 luit,
686 767 772 852 quasi
798 786 853 852 per
875 765 941 850 ejus
962 764 1136 830 absentiam

205 873 314 918 corum
339 854 449 919 animis
472 855 511 917 ad
536 855 705 940 spiritualia
743 875 872 918 munera
912 855 1009 938 tnagis
1046 873 1139 938 prae·

207 943 329 1026 paratis.
355 941 442 1006 Unde
465 956 495 1006 et
520 943 587 1028 lpse
610 946 654 1010 eis
679 944 809 1008 dicebat:
848 942 881 1006 st
918 964 978 1008 nort
1016 942 1138 1022 obiero,

206 1030 386 1095 Parnefitus
408 1051 469 1094 uon
492 1035 593 1097 ueuiet
626 1033 670 1096 ud
704 1053 769 1105 ocu
804 1032 832 1096 si
870 1042 973 1096 cutem
1015 1029 1138 1105 obiero,

206 1122 329 1184 ruittum
351 1141 420 1184 eum
444 1121 487 1184 ud
510 1142 573 1200 uos,
596 1121 695 1198 Joau,
721 1121 772 1198 ld,
796 1122 826 1184 7.

272 1208 339 1272 Non
363 1210 498 1293 oportuit
522 1228 627 1276 autem
651 1210 751 1274 Deum
766 1228 890 1273 carnem
908 1206 1134 1292 impassibilem

204 1309 234 1361 ct
258 1296 463 1361 immortalem
478 1301 645 1385 suscipere,
672 1299 843 1362 secuudum
868 1296 952 1381 quod
967 1296 1133 1363 undecima

203 1387 281 1450 ratio
305 1386 507 1471 proponebat,
533 1389 586 1452 sed
603 1395 701 1470 magis
714 1385 889 1471 passibilem
907 1400 937 1449 et
955 1386 1132 1451 mortalem:

201 1509 246 1520 ·—
269 1473 374 1538 Primo
387 1475 526 1559 quidem,
550 1476 621 1562 quia
642 1475 850 1540 necessarium
869 1488 934 1537 erat
951 1472 1132 1540 bominibus

202 1563 285 1647 quod
306 1563 493 1628 beneficium
520 1564 739 1629 iucarnationis
777 1577 1012 1646 cognoscerent,
1037 1576 1069 1626 ut
1092 1584 1133 1630 ex

202 1651 261 1714 froc
284 1651 323 1716 ad
347 1651 484 1716 (livinum
512 1674 652 1718 amoram
677 1651 961 1718 inflammarentur.
986 1649 1135 1736 Oportuit

202 1756 319 1818 autem,
343 1740 381 1804 ad
420 1741 579 1807 veritatem
615 1741 834 1806 incarnationis
859 1737 1134 1819 manifestandam,

202 1828 287 1912 quod
317 1849 441 1893 carnem
481 1830 615 1894 similem
656 1830 722 1894 aliis
762 1827 940 1894 bominibus
978 1845 1133 1908 sumeret,

204 1917 318 1981 scilicet
343 1918 519 2003 passibilem
532 1935 561 1990 et
575 1919 748 1982 mortalem.
762 1917 791 1981 Si
809 1917 891 1980 etaim
906 1916 1131 2002 impassibilem

204 2019 235 2069 et
257 2007 466 2071 immortalem
505 2028 630 2073 caruem
666 2007 860 2093 suscepisset,
900 2008 997 2070 risum
1023 2006 1132 2073 fuisset

204 2094 393 2172 bominibus,
416 2096 466 2181 qui
493 2097 583 2161 talem
607 2115 732 2163 caruem
757 2118 819 2161 nun
843 2108 1005 2172 noverant,
1023 2121 1025 2126 ’
1042 2096 1129 2180 quod

202 2182 326 2270 aliquod
351 2184 529 2268 phantasma
554 2199 634 2251 esset
646 2199 675 2247 et
689 2206 750 2249 non
768 2184 876 2247 veritas
892 2185 1001 2247 carnis.
1014 2220 1058 2231 -
1074 2184 1129 2251 S'e·

201 2271 315 2347 eundo,
326 2272 397 2357 quia
412 2274 618 2338 necessarium
644 2272 698 2338 fuit
715 2274 814 2338 Deum
828 2292 953 2347 carnem
968 2293 1128 2340 assumere

202 2374 235 2425 ut
257 2381 313 2445 pro
337 2375 461 2447 peceato
474 2364 601 2426 bummri
614 2363 736 2447 generis
752 2360 947 2427 satisfaceret.
965 2360 1121 2445 Contingit

202 2464 305 2513 auteur
332 2470 428 2513 unum
453 2471 508 2536 pro
531 2452 592 2515 alio
614 2450 800 2526 satisfacere,
832 2464 863 2513 ut
889 2464 1047 2513 ostensum
1080 2466 1128 2517 est

141 2586 147 2593 .
202 2537 247 2619 (l.
272 2539 303 2614 3,
319 2560 344 2602 e.
361 2538 424 2603 158
437 2543 462 2622 ),
486 2541 525 2603 ita
550 2554 653 2603 tamen
671 2540 753 2624 quod
770 2559 902 2627 poenam
926 2560 982 2625 pro
1000 2553 1127 2622 peccato

201 2626 288 2691 alteri
314 2626 448 2692 debitam
484 2629 549 2714 ipse
582 2628 639 2693 sibi
678 2648 740 2693 nou
780 2628 915 2693 debitam
952 2626 1124 2693 uoluntaria

201 2730 347 2779 assumat.
372 2716 475 2804 Poena
500 2732 602 2781 autem
628 2737 820 2803 consequeus
844 2715 971 2781 bumaui
1001 2717 1124 2797 generis

201 2820 361 2889 peccatum
385 2818 430 2869 est
452 2826 536 2870 rnors
559 2820 589 2869 et
612 2806 690 2869 aliae
715 2804 1018 2889 passibilitatesritac
1035 2825 1124 2889 prae-

202 2894 308 2970 scntiS,
335 2891 413 2958 sieut
435 2916 527 2978 supra
552 2897 607 2973 (c.
634 2892 765 2975 eru-5⁹2)
789 2895 905 2958 dictum
945 2908 1001 2968 est;
1040 2894 1124 2959 uude

203 2995 234 3044 et
256 2982 418 3067 Apostolus
441 2982 522 3047 dicit:
551 2984 611 3047 Per
647 3004 742 3049 uuum
775 2983 929 3047 bominem
959 2992 1123 3065 peceatum

201 3070 235 3133 iu
256 3070 335 3135 barne
357 3072 505 3135 rotrodum
528 3072 666 3145 intrarit,
690 3085 718 3136 et
738 3092 797 3155 per
826 3081 987 3156 peccatum
1027 3090 1123 3149 triers,

203 3158 307 3236 Iloua,
326 3160 355 3233 5,
383 3161 432 3224 lb.
457 3158 601 3245 Oportuit
624 3161 715 3245 igitur
739 3173 772 3226 ut
795 3179 919 3225 caruem
944 3157 1121 3243 passibilem

202 3260 233 3310 et
255 3248 418 3312 mortalem
442 3249 526 3313 Deus
560 3263 730 3315 assumeret
764 3249 880 3335 absque
915 3262 1051 3331 peccato,
1087 3261 1120 3311 ut

200 3335 246 3397 sic
269 3337 413 3419 patiendo
435 3352 465 3401 et
488 3338 652 3401 moriendo
676 3360 732 3423 pro
756 3337 843 3406 nobis
877 3334 1066 3400 satisfaceret
1089 3352 1121 3400 et

201 3437 361 3503 peccatum
383 3424 526 3488 auferret.
550 3426 585 3489 Et
609 3427 667 3489 boc
691 3425 841 3509 estquod
865 3424 1029 3508 Apostolus
1045 3424 1121 3488 dicit

201 3510 284 3592 quod
309 3512 530 3575 Derts'Friitrm
566 3533 656 3577 auum
692 3514 777 3579 misit
812 3514 846 3575 iu
883 3512 1122 3581 strrrttr'uuttoem
