2484 3975
426 215 719 283 mmmm
985 209 1025 281 M

56 337 61 351 ι
110 303 165 380 ll,
190 304 243 377 Sl,
268 303 352 388 quod
376 306 414 371 sit
437 305 516 371 istud
552 302 733 368 mandatum
766 301 940 367 ostenditur
974 324 1032 391 per

105 394 137 459 id
159 392 244 478 quod
269 394 418 461 subditur:
445 394 579 477 Suspice,
601 413 710 458 eamus
747 388 828 468 tine
861 391 922 458 hoo
944 393 1031 459 enim

104 482 181 549 dixit
205 484 244 550 ad
267 485 443 571 passionem
467 482 629 557 aceedens3
655 479 836 546 mandatum
861 495 1031 568 autempa·

106 572 201 637 tieudi
225 572 424 639 manifestum
447 585 495 638 est
518 570 595 637 Filio
610 590 673 635 non
690 582 881 655 competere,
902 570 960 635 nisi
983 592 1032 636 se-

105 662 241 727 eundum
254 662 423 729 humanam
438 672 589 726 naturam.
603 659 760 734 Similiter,
774 656 825 723 ubi
839 658 928 725 eiust
935 680 1031 743 proe-

104 763 194 835 cepla
206 771 276 817 mea
288 751 497 825 servaveritis,
510 746 674 813 manebitis
685 750 718 813 in
730 748 1032 828 ductionemeont-

106 851 156 905 out
169 850 200 905 el
220 860 274 923 epo
296 840 403 905 Putris
424 840 485 903 mei
503 848 674 921 praecepta
696 837 1032 915 sonuui,etmoneoin

105 930 174 1012 ejus
197 928 370 1002 dilectione,
393 928 491 1006 loen,
517 926 570 1003 tlt,
595 926 648 1004 ll),
668 924 869 991 manifestum
892 926 1033 1004 estltaeu

106 1030 269 1104 praesepta
287 1016 326 1083 td
349 1017 460 1083 Filium
485 1016 744 1103 pertinereprout
766 1035 783 1078 a
807 1013 899 1079 Putre
922 1014 1031 1101 dilige-

106 1106 197 1171 batur
221 1119 253 1171 ut
280 1106 386 1185 homo,
409 1107 489 1171 sieut
515 1105 580 1191 ipse
616 1103 785 1190 discipulos
819 1116 853 1167 ut
886 1104 1033 1171 homines

104 1193 262 1279 diligebat.
286 1194 321 1261 Et
343 1196 426 1280 quod
452 1206 616 1280 praecepta
641 1193 740 1259 Patris
763 1190 804 1257 ad
829 1191 1032 1259 Filiumaooi-

105 1283 218 1369 pieoda
242 1285 304 1350 sint
327 1284 497 1350 seeundum
522 1282 693 1348 humanam
716 1295 860 1345 naturam
895 1303 913 1346 a
951 1282 1031 1349 Filio

103 1386 305 1460 assumptam,
329 1373 493 1459 Apostolus
515 1370 661 1448 ostendit,
686 1370 802 1435 doeens
827 1369 938 1437 Filium
952 1371 1033 1438 ‘obe-

103 1461 241 1527 dientem
264 1463 345 1527 Patri
369 1462 463 1527 luisse
490 1462 519 1527 in
545 1460 593 1525 iris
617 1479 704 1546 quae
722 1460 878 1546 pertinent
909 1460 948 1525 ad
973 1462 1033 1528 hu·

101 1572 227 1617 menam
252 1565 404 1629 natutam3
427 1551 501 1617 dicit
523 1548 618 1615 enim:
656 1550 771 1613 Fartus
805 1561 852 1614 est
886 1549 1032 1617 obediens

99 1640 183 1706 Patri
211 1660 306 1727 usqne
328 1642 372 1705 nd
386 1652 527 1715 mortem,
551 1638 675 1725 Philip„
698 1639 731 1716 A,
753 1637 783 1703 8.
808 1635 952 1705 Ostendit
974 1641 1032 1705 eti-

103 1752 153 1796 am
177 1730 339 1817 Apostolus
362 1729 446 1816 quod
469 1746 558 1793 orare
582 1727 659 1792 Filio
684 1727 1031 1795 conveniatseeundum

104 1822 274 1887 humanam
298 1816 538 1884 naturamtdioit
559 1817 644 1881 enim
666 1816 752 1903 quod
775 1817 809 1879 in
830 1818 940 1883 diebus
961 1840 1033 1885 enr-

102 1911 152 1974 ttt's
175 1927 260 1985 suae,
280 1926 388 1992 preces
410 1908 709 1993 supplicatimtesque
731 1905 775 1970 nd
786 1908 922 1993 ettmqui
932 1910 1032 1992 possit

101 1999 194 2063 illum
216 1999 338 2062 saluum
351 1998 484 2082 [merea
508 2007 698 2074 morlanum
722 1997 859 2063 elamore
870 1999 977 2064 ualido
1001 2012 1032 2066 et

104 2087 252 2172 lucrymis
274 2087 403 2170 alluens
429 2085 594 2152 ennoditus
616 2097 663 2150 etl
684 2105 743 2170 pro
766 2105 825 2150 sua
846 2091 1032 2168 reuerentia,

102 2175 210 2254 Helm,
231 2175 263 2248 t,
286 2175 315 2240 7.
330 2174 506 2241 Secundum
531 2173 605 2261 quid
629 2174 721 2240 etiam
749 2175 862 2242 missus
899 2197 916 2242 a
940 2177 1032 2244 Putre

102 2265 221 2330 dieatur
244 2263 405 2348 Apostolus
417 2262 563 2339 ostendit,
586 2262 703 2328 diceus:
717 2264 898 2332 Misitlleue
914 2266 1031 2332 Filium

102 2373 204 2432 suum,
237 2351 355 2437 foetum
384 2373 422 2418 es
443 2355 584 2428 muliere,
618 2352 729 2429 Galat„
754 2351 787 2428 d,
823 2357 855 2431 43
879 2375 917 2419 eo
954 2377 1030 2440 ergo

103 2442 216 2508 dieitur
239 2443 350 2506 missus
385 2441 469 2527 quod
493 2453 539 2506 est
562 2439 661 2506 laetus
684 2461 722 2507 ex
759 2443 913 2521 muliere,
946 2444 1031 2530 quod

104 2529 231 2616 quidem
255 2528 427 2596 seeundum
454 2548 585 2595 earnem
610 2545 799 2617 assumptum
828 2545 948 2598 eertum
984 2546 1031 2598 est

98 2618 161 2686 sibi
186 2619 361 2684 oon-venire.
417 2656 419 2662 ι
705 2664 707 2671 -
804 2665 806 2670 -

170 2707 371 2792 Patet-igitur
393 2707 477 2792 quod
500 2727 557 2794 per
579 2707 658 2772 haee
685 2708 790 2772 omnin
827 2729 890 2774 non
929 2720 1032 2796 potest

103 2796 233 2863 ostendi·
248 2796 343 2862 Filius
366 2795 448 2861 Patri
472 2817 539 2863 esse
562 2795 733 2882 subjectus,
766 2797 822 2862 nisi
857 2797 1031 2864 seeundum

104 2887 276 2953 humanam
300 2897 451 2951 naturam.
721 2930 726 2934 -

173 2973 234 3039 Sed
259 2988 361 3048 tamen
385 2973 546 3040 solendum
570 2971 735 3059 estquod
772 2972 867 3040 Filius
883 3000 885 3003 ·
901 2974 995 3040 mittiv
1016 2995 1034 3040 a

105 3063 197 3130 Patre
218 3063 329 3129 dieitur
357 3064 449 3128 etiam
488 3062 679 3128 invisibiliter
717 3068 902 3150 inquantum
937 3063 1034 3142 Deus,

106 3155 174 3218 sine
196 3151 385 3238 praejudicio
408 3151 599 3238 aequalitatis
618 3171 712 3237 quarn
736 3153 830 3218 habet
843 3152 882 3217 ad
898 3152 1035 3231 Patrem,

107 3254 142 3307 ut
165 3240 243 3306 inlta
267 3245 322 3327 (o.
346 3241 420 3324 23)
442 3241 632 3319 ostendetur,
654 3262 727 3307 eum
764 3254 874 3328 agetur
896 3241 936 3306 de
958 3241 1033 3307 mis-

107 3331 196 3396 sione
218 3329 349 3415 Spiritus
373 3329 485 3394 Saneti.
1017 3357 1021 3367 v

175 3417 324 3484 Similiter
343 3420 434 3483 etiam
459 3429 541 3504 patet
564 3417 660 3504 quud,
683 3438 739 3504 per
761 3418 823 3485 hoo
844 3417 1035 3504 quodFilius

109 3527 128 3574 u
151 3506 242 3573 Patre
264 3507 449 3574 olarilloatur
472 3507 520 3574 vet
542 3509 707 3574 suscitatur
729 3508 777 3575 tel
799 3508 960 3588 exaltatur,
973 3529 1035 3574 non
