2484 3975
217 198 283 268 368
584 218 775 268 ntsssnrano

216 308 366 377 gnoscere
388 309 451 355 nnn
474 310 649 379 possumus,
672 293 728 357 nisi
753 306 808 378 pet·
841 288 1046 354 remotionem
1089 284 1137 355 tel

216 378 351 467 aliquam
374 382 638 466 comparationem
662 380 701 446 ad
724 376 896 463 corporalia
918 402 949 441 ι.
972 376 1138 442 Beetedo·

215 483 397 535 cumentum
421 469 528 542 hahes,
554 469 639 555 quod
662 468 812 556 exemplis
835 465 974 551 aptisque
1002 464 1140 561 animad-

217 557 408 623 versionibus
431 557 649 644 amplificatum
674 560 705 624 in
728 554 893 623 latissimos
915 555 1139 640 redegeretra-

218 658 318 712 status
341 646 527 733 philosophi.

283 733 361 799 Cum
385 736 462 800 haec
477 737 515 801 sit
553 736 700 803 naturalis
724 736 800 799 ratio
840 732 951 797 mentis
990 730 1139 817 cujusque

215 836 349 899 creatae,
369 822 435 909 jam
460 823 541 890 lucili
563 826 689 911 negotio
712 820 848 910 expediri
872 819 966 886 altera
1001 820 1139 906 quaestio

217 924 329 997 potest,
352 932 432 998 quae
454 915 581 979 rationis
603 913 751 979 naturalis
775 913 854 975 sires
876 909 1050 994 investigat,
1066 928 1138 974 curn

215 1000 297 1065 circe
321 1000 421 1066 [ictam
445 1021 480 1066 ac
503 1022 539 1067 ea
563 1023 643 1089 quae
667 1002 723 1069 Dei
747 1012 818 1067 sunt
854 1011 1004 1065 versatur.
1037 998 1140 1078 Quae-

216 1088 349 1153 stionem
372 1088 487 1154 dirimit
511 1092 541 1157 in
566 1093 692 1156 homine
715 1090 747 1155 S.
770 1088 908 1153 Thomas
931 1089 988 1174 (o.
1030 1088 1062 1165 5,
1096 1085 1140 1151 ci-

218 1192 281 1242 tato
298 1181 320 1264 l:
350 1206 365 1236 ι
388 1178 562 1245 Intellectus
584 1180 693 1256 no'stri,
715 1178 886 1245 secundom
910 1176 1141 1261 modum'prae-

216 1266 427 1346 sontissima,
451 1268 604 1354 inquiens,
627 1269 802 1363 cognitiopa
826 1284 919 1332 sensu
955 1266 1071 1351 incipit.
1106 1264 1142 1329 lit

217 1354 289 1419 ideo
313 1356 448 1441 (Deus)
471 1372 502 1421 et
523 1378 560 1422 ca
582 1377 662 1444 quae
699 1359 729 1422 in
767 1374 891 1421 sensum
927 1375 989 1419 non
1027 1352 1143 1419 cadunt

217 1462 282 1508 non
305 1459 434 1530 possunt
458 1446 597 1512 humano
620 1446 776 1512 intellectu
798 1444 878 1531 capi,
899 1444 961 1508 nisi·
987 1456 1142 1530 quatenus

216 1550 256 1597 ex
279 1532 420 1599 sensibus
443 1554 553 1600 corum
576 1536 711 1619 cognitio
734 1534 896 1618 colligitur.
909 1531 1071 1597 Sensihilia
1088 1542 1141 1595 att-

217 1634 281 1685 tent
304 1620 344 1685 ed
368 1622 427 1687 hoo
450 1622 564 1688 ducere
588 1624 778 1689 intellectum
802 1637 942 1687 nostrum
967 1640 1030 1685 non
1068 1639 1141 1707 pos-

198 1721 300 1789 ¹tunt‚
322 1722 356 1774 ut
379 1712 409 1775 in
433 1712 478 1777 eis
500 1712 603 1778 divina
626 1712 795 1778 substantia
819 1710 959 1775 uideatur
980 1708 1057 1794 quid
1089 1710 1141 1787 sit,
1229 1754 1230 1759 ι

216 1817 288 1863 cum
313 1798 374 1864 sint
396 1800 521 1866 effectus
544 1820 657 1865 causae
682 1803 824 1866 virtutem
859 1819 921 1863 nou
962 1794 1140 1884 aequantes.

216 1885 350 1951 Ducitur
374 1901 478 1954 tamen
502 1908 541 1954 cx
564 1889 759 1956 sensibilibus
785 1887 957 1953 intellectus
981 1900 1086 1951 noster
1108 1886 1141 1950 in

214 1974 355 2041 divinam
378 1979 598 2062 cognitionem,
621 1994 654 2044 ut
684 1991 850 2065 cognoscat
886 1976 925 2042 de
963 1975 1030 2042 Deo
1068 1976 1140 2060 quia

217 2077 275 2143 est,
297 2080 328 2129 et
350 2065 408 2131 alia
432 2068 610 2152 hujusmodi
634 2089 713 2155 quae
736 2079 858 2154 oportet
880 2066 1002 2130 attribui
1038 2067 1141 2151 primo

215 2153 420 2240 principio».
444 2156 587 2240 Angelica
611 2157 760 2222 naturalis
783 2157 919 2240 cognitio
943 2153 999 2220 Dei
1023 2151 1141 2241 perfec·

216 2243 287 2309 tior:
310 2256 341 2308 at
362 2263 466 2329 neque
478 2246 543 2330 ipsa
553 2247 893 2332 penitiusintrospicere
916 2243 1017 2308 Deum
1031 2254 1141 2330 potest.

216 2329 359 2396 Thomas
381 2335 487 2420 accipe
509 2335 603 2399 verba
628 2334 753 2400 ibidem:
785 2332 986 2418 «Cognoscit
1013 2330 1140 2419 quidem
1227 2333 1228 2356 ¹

216 2421 351 2506 Angelus
374 2421 475 2488 Deum
499 2441 536 2487 er
572 2423 714 2488 nobiliori
753 2423 862 2488 effectu
900 2440 994 2507 qnam
1032 2423 1139 2498 bomo,

214 2521 331 2594 quanto
354 2510 611 2597 ipsasubstantia
635 2511 755 2597 Angeli,
796 2530 851 2597 per
885 2529 978 2596 quam
1013 2509 1044 2573 in
1082 2509 1140 2574 Dei
1226 2549 1227 2584 ι

214 2599 423 2682 cognitionem
446 2598 569 2664 ducitur
592 2601 722 2668 naturali
746 2599 932 2684 cognitione,
954 2611 1002 2664 est
1013 2594 1138 2682 dignior
1226 2595 1227 2630 ³

214 2686 310 2752 robus
331 2688 527 2754 sensibilibus
550 2702 580 2753 et
602 2691 696 2754 etiam
720 2689 784 2775 ipsa
808 2689 924 2765 anima,
947 2707 1004 2774 per
1040 2705 1136 2772 quom

214 2775 387 2840 intellectus
410 2777 565 2842 humanus
588 2777 620 2842 in
643 2777 699 2844 Dei
724 2776 931 2862 cognitionem
944 2777 1084 2842 ascendit
1087 2821 1138 2840 .....

214 2861 282 2928 Non
305 2877 409 2930 autem
440 2865 569 2931 naturali
606 2866 783 2952 cognitione
820 2865 955 2949 Angelus
992 2865 1032 2929 de
1069 2861 1136 2930 neo

213 2953 373 3036 cognoscit
393 2954 468 3040 quid
490 2969 550 3034 est,
571 2954 643 3040 qnia
667 2970 698 3020 et
721 2957 785 3042 ipsa
808 2953 977 3018 substantia
1015 2953 1137 3038 hugeli,
1225 2969 1226 3000 ι

214 3059 385 3127 perquam
409 3047 439 3107 in
463 3042 520 3107 Dei
544 3045 753 3128 cognitionem
776 3041 909 3121 ducitur,
932 3053 978 3108 est
1009 3041 1138 3106 effectus

212 3146 326 3194 causae
347 3130 491 3196 virtutem
515 3151 578 3196 non
601 3132 779 3221 adaequans
800 3157 832 3195 ι.
848 3129 1056 3196 Certissinsant
1069 3130 1139 3194 the·

212 3218 273 3283 sim
297 3219 329 3282 in
352 3220 471 3304 hugelo
495 3233 527 3285 et
547 3220 580 3284 in
604 3221 733 3287 homine
762 3219 829 3286 aliis
866 3220 968 3284 terbis
1001 3218 1139 3283 Thomas

214 3304 345 3371 illustrat
366 3309 415 3395 (l.
440 3310 469 3388 l,
492 3324 518 3374 c.
542 3308 599 3394 8):
631 3337 645 3372 ι
669 3310 728 3375 llos
750 3308 879 3395 quidem
902 3306 1090 3391 sensibiles(
1106 3318 1137 3371 et
1224 3329 1225 3360 1

213 3391 372 3476 creatae),
393 3415 431 3460 er
454 3397 567 3484 quihus
591 3399 727 3464 bumana
750 3399 812 3485 (et
834 3396 892 3461 alia
917 3408 1017 3461 ereata
1040 3413 1136 3482 quae·

212 3487 371 3568 cumque)
394 3485 473 3552 ratio
494 3485 679 3574 principium
702 3487 807 3566 sumit,
819 3484 953 3572 aliquale
972 3485 1135 3570 vestigium
