2484 3975
207 226 272 292 dib
495 269 500 278 ι
582 245 751 290 nauseuaun

207 314 375 380 Aristotelis
397 326 427 377 et
450 313 594 379 Platonis.
620 313 814 400 Relinquitur
837 313 931 399 igitur
954 311 1038 400 quod
1061 333 1131 377 ma-

207 404 281 468 teria
305 403 543 468 substantiarum
578 404 783 489 spiritualium
814 424 876 469 non
915 403 954 466 sit
993 403 1131 490 potentia

206 512 294 573 pura,
315 493 369 558 sed
392 493 430 557 sit
452 491 567 578 aliquid
605 513 661 557 ens
699 505 779 567 actu,
813 492 947 578 potentia
986 493 1132 557 existens.

204 581 271 647 Non
295 595 398 646 antem
421 580 465 646 sic
487 581 627 646 dicaeus
651 595 719 646 actu
744 583 831 665 quasi
854 601 892 646 er
923 580 1058 667 potentia
1099 592 1133 646 et

205 684 273 734 actu
296 671 512 755 compositum,
535 670 606 756 quia
630 670 678 736 vel
701 683 781 734 esset
804 669 973 756 procedere
1010 669 1041 734 in
1079 669 1132 732 iu-

206 759 327 824 linitnm
352 759 399 823 vel
422 772 576 861 oporteret
599 759 704 824 venire
728 757 766 822 ad
791 757 905 844 aliquid
944 758 1027 843 qnod
1050 770 1135 822 esset

206 867 261 912 ens
285 849 316 910 in
340 849 476 934 potentia
501 860 630 923 tanturm
654 847 842 933 quodcum
867 848 905 912 sit
939 847 1134 912 ultimumin

206 936 326 1000 entibus
351 949 380 1000 ct
403 957 458 1022 per
481 956 674 1020 consequens
699 955 761 1000 nun
784 937 878 1024 possit
913 936 1049 1022 recipere
1073 933 1134 1000 nisi

206 1025 400 1090 debilitaret
423 1023 655 1108 particulariter,
688 1045 749 1090 non
791 1038 888 1106 potest
925 1045 992 1090 esse
1031 1025 1132 1110 prima

206 1114 332 1178 materia
356 1113 520 1214 spiritualis
544 1128 573 1178 et
602 1111 813 1179 intellectualis
850 1113 1048 1191 substantiae
1071 1113 1133 1178 tte-

205 1201 354 1288 linquitur
378 1223 463 1286 ergo,
486 1203 511 1266 si
533 1202 698 1287 spiritualis
719 1202 909 1268 substantiae
943 1203 1069 1266 materia
1095 1205 1134 1266 sit

206 1311 261 1355 ens
284 1305 364 1368 actu,
387 1291 470 1376 quod
493 1291 531 1354 sit
554 1304 638 1354 actus
662 1291 710 1356 vel
732 1290 831 1356 forma
847 1291 1026 1363 subsistens
1053 1291 1135 1356 sicut

206 1395 236 1444 et
260 1383 385 1444 materia
408 1379 616 1482 corporalium
650 1400 753 1446 rerum
793 1380 832 1445 ita
877 1379 989 1444 dicitnr
1020 1399 1076 1443 ens
1101 1379 1133 1444 in

207 1468 353 1549 patentia,
375 1469 446 1554 qnia
481 1483 526 1533 cst
563 1469 629 1570 ipsa
668 1467 801 1555 patentia
840 1467 947 1534 formis
984 1465 1134 1552 subjecta.

207 1557 414 1641 Ubicumque
421 1571 523 1622 autern
548 1558 673 1658 ponitur
695 1557 823 1622 materia
858 1578 913 1621 ens
947 1570 1016 1622 actu
1055 1557 1135 1621 nibil

206 1645 308 1710 differt
331 1647 433 1711 dicere
456 1647 617 1710 materiam
641 1659 671 1710 et
694 1646 895 1716 substantiam
912 1645 968 1722 rei;
991 1646 1033 1710 sic
1048 1646 1136 1709 anim

209 1736 325 1821 antiqui
350 1734 516 1808 naturales,
539 1735 590 1820 qni
624 1734 780 1821 ponebant
803 1736 934 1821 primam
974 1733 1138 1798 materiam

206 1823 412 1910 corporalium
430 1844 534 1889 rernm
558 1844 625 1888 esse
649 1823 764 1910 aliquid
798 1843 853 1888 ens
888 1838 968 1901 actu,
991 1822 1137 1888 dicebant

207 1914 369 1977 materiam
393 1932 461 1976 csse
484 1913 624 1977 omnium
649 1931 753 1984 rerum
769 1911 982 1990 substantiam,
999 1932 1053 1999 per
1070 1931 1138 1975 rno-

207 2000 282 2065 dnm
316 2023 378 2087 qno
416 2001 618 2067 artificialium
653 2002 822 2069 substantia
861 2002 937 2067 nihil
971 2018 1017 2067 cst
1051 2000 1137 2065 aliud
1233 2066 1234 2069 ,

207 2110 300 2175 quam
324 2111 432 2154 eorum
457 2091 595 2155 materia.
618 2090 668 2155 Sia
706 2090 809 2175 igitur,
832 2092 856 2155 si
896 2091 1022 2156 materia
1045 2089 1139 2175 spiri·

207 2180 334 2243 tualinm
358 2178 597 2244 substantiarum
621 2199 683 2244 non
707 2193 895 2265 potestesse
930 2177 1048 2264 aliquid
1079 2196 1138 2243 ens

207 2267 396 2352 inpotentia
420 2267 627 2343 natumsed
651 2280 696 2331 est
719 2267 832 2354 aliquid
857 2288 912 2333 ens
950 2282 1027 2345 actu,
1069 2267 1138 2351 ipsa

206 2356 410 2440 spiritualium
433 2376 539 2420 rerum
564 2356 691 2420 materia
727 2370 772 2421 est
805 2377 914 2422 eorum
952 2356 1138 2421 substantia.
1231 2412 1232 2419 ,

116 2467 119 2471 ’
207 2444 243 2509 Ει
265 2445 435 2509 secundum
460 2445 529 2521 bac,
554 2444 630 2508 nibil
657 2444 757 2509 dillert
780 2465 896 2531 ponera
920 2446 1080 2510 materiam
1106 2445 1139 2508 in
1231 2488 1232 2499 ,

207 2534 382 2598 substantiis
405 2533 624 2617 spiritualibus,
648 2547 678 2597 et
701 2553 816 2617 ponere
839 2534 1022 2599 substantias
1046 2534 1139 2618 spiri·

207 2621 304 2686 tuales
326 2622 480 2707 simplices
503 2643 565 2686 non
578 2622 761 2707 compositas
773 2642 809 2685 er
822 2622 949 2687 materia
972 2636 1002 2687 et
1025 2622 1137 2687 larma.

273 2712 421 2797 Amplius,
443 2710 520 2775 Cum
544 2725 629 2775 actus
652 2711 831 2775 naturaliter
853 2712 891 2776 sit
929 2712 1011 2797 prior
1040 2730 1138 2796 quarn

207 2802 352 2885 potentia,
374 2812 405 2863 et
428 2798 526 2864 [orma
550 2820 643 2885 qnam
675 2799 811 2876 materia,
846 2801 979 2886 potentia
1008 2798 1138 2885 quidem

207 2888 365 2973 dependet
387 2887 419 2952 in
443 2908 500 2952 sno
524 2908 592 2953 csse
616 2887 655 2952 ab
679 2901 759 2965 actu,
783 2902 813 2952 et
836 2889 963 2953 materia
987 2910 1004 2953 a
1027 2887 1139 2953 torma.

179 2992 182 2995 ’
206 2977 317 3041 Forma
341 2989 444 3040 antem
464 2976 494 3040 in
517 2996 574 3041 sun
597 2996 665 3041 esse
690 2995 750 3040 non
775 2976 929 3061 dependet
966 2996 984 3040 a
1008 2974 1139 3040 materia

206 3065 376 3129 secundum
402 3065 558 3151 propriam
584 3066 735 3129 rationem
749 3078 845 3142 actus3
859 3086 920 3129 non
937 3066 1019 3129 enirn
1034 3064 1139 3149 priora

206 3154 386 3219 naturaliter
410 3174 426 3216 a
452 3154 674 3239 posterioribus
698 3152 883 3238 dependent.
906 3152 939 3217 Si
966 3154 1057 3237 igitur
1080 3151 1138 3216 ali-

205 3263 285 3327 quae
308 3243 368 3306 sint
392 3240 512 3307 formae
536 3261 616 3327 quae
639 3242 704 3307 sine
727 3242 854 3307 materia
882 3261 949 3305 esse
981 3262 1042 3306 non
1066 3260 1137 3326 pos-

205 3345 287 3407 sunt,
311 3331 371 3395 boo
393 3350 456 3393 non
480 3331 623 3395 convenit
646 3331 690 3395 eis
712 3350 750 3393 ex
774 3330 833 3395 boa
856 3328 939 3414 quod
980 3343 1051 3394 sunt
1073 3328 1139 3393 lor·

205 3440 286 3494 mae,
310 3418 364 3482 sed
388 3438 426 3481 ex
449 3418 508 3484 boc
532 3418 615 3503 quod
639 3429 710 3483 sunt
748 3418 823 3483 tales
860 3417 988 3497 formae,
1023 3418 1141 3485 seilicet

206 3505 407 3593 imperfectae
430 3525 511 3591 quae
535 3526 591 3593 per
625 3526 658 3573 se
695 3508 861 3573 sustentari
896 3526 960 3573 non
998 3518 1142 3593 possunt,
