2484 3975
210 220 277 288 ὅθι
577 239 749 288 οιιιεειιιιιιι

207 311 274 464 ἶρις
297 309 480 396 subjeetum,
503 310 557 376 sed
581 331 631 377 res
652 311 741 397 eujus
777 321 823 374 est
860 308 911 375 illa
948 309 1131 376 similitudo,
1229 314 1231 399 l

235 400 284 466 uio
306 401 399 464 etiam
423 399 613 466 similitudini
638 412 722 465 tanto
744 397 882 463 intimius
918 412 965 464 est
997 400 1130 466 verbum

205 501 321 576 quanto
344 487 509 574 perfectius
532 491 671 574 genitum
694 500 749 554 est.
777 485 849 551 ldeo
886 488 1016 554 verbum
1038 489 1128 554 intel·

206 576 327 662 ligantis
352 577 495 644 intimum
518 591 565 642 ert
588 577 736 664 principio
760 574 923 656 intellecto,
951 597 989 643 ει
1011 597 1075 664 quo
1097 591 1128 642 et

205 665 308 752 speeie
331 663 365 730 tit
388 685 495 744 unum;
519 686 576 732 nee
600 680 703 732 tamen
738 663 921 730 informatur
952 665 1126 751 subjeetum

206 754 297 820 simul
321 753 449 820 diversis
473 754 682 821 accidentibus
719 752 860 840 ejusdem
897 756 1023 841 sper-iel,
1055 757 1127 840 quia

205 843 396 930 impossibile
419 856 465 908 est
487 843 631 910 eamdem
653 843 857 930 superficiem
879 843 971 908 simul
1008 844 1129 910 duabus
1220 875 1230 940 p

207 931 401 1000 albedinibus
425 931 594 998 informari:
633 932 692 999 hoe
730 931 815 997 enirn
848 943 895 996 est
927 931 1128 1019 impossibile,

206 1021 331 1106 quando
354 1033 520 1106 utrumque
543 1020 687 1086 accidens
710 1033 756 1085 est
777 1023 809 1084 in
833 1022 951 1086 ratione
973 1021 1043 1108 ejus
1063 1040 1126 1107 quo

207 1109 321 1195 aliquid
346 1108 411 1174 lieri
437 1109 538 1176 habet.
562 1109 700 1177 Verbum
712 1123 816 1174 autem
828 1123 873 1174 est
889 1110 919 1174 in
936 1131 1000 1196 quo
1012 1109 1127 1194 aliquid
1229 1132 1230 1153 t

206 1197 396 1283 intelligitur,
418 1199 496 1263 siout
518 1199 570 1264 lux
594 1212 641 1264 est
662 1201 693 1264 in
717 1217 777 1283 qua
801 1197 957 1284 perlinitur
982 1201 1128 1284 cognitio,

206 1287 284 1352 sieut
306 1287 424 1374 speeies
446 1287 558 1354 eoloris
582 1289 613 1353 in
637 1289 704 1356 visu
727 1287 881 1364 exteriori,
918 1301 948 1352 et
985 1287 1064 1352 lorte
1086 1289 1128 1352 si·
1229 1360 1230 1367 ρ

206 1374 308 1440 milius
331 1376 356 1440 si
380 1375 432 1440 lux
454 1395 491 1441 ex
514 1377 617 1464 speeie
649 1375 765 1442 eoloris
783 1412 788 1423 ι
804 1387 1013 1460 generaretur,
1049 1376 1128 1441 sieut

207 1463 249 1528 ibi
273 1462 306 1528 fit
328 1463 455 1530 verbum
480 1485 517 1530 ex
540 1465 652 1552 speeie3
675 1465 825 1530 anteriora
859 1465 944 1530 enim
981 1463 1128 1530 deliciunt
1229 1544 1230 1553 ρ

205 1573 222 1616 a
247 1554 527 1640 repraesentatione
550 1555 743 1619 interiorum.
767 1553 801 1617 lit
824 1566 950 1640 propter
973 1553 1043 1631 lroe,
1058 1554 1127 1618 lieet
1229 1562 1230 1599 ι

206 1651 371 1728 utrumque
394 1642 432 1707 sit
455 1641 608 1721 accidens,
631 1642 750 1730 species
778 1641 893 1707 seilicet
930 1655 961 1706 et
994 1641 1127 1708 verbum

205 1747 243 1795 ex
264 1731 367 1817 speeie
389 1730 538 1816 genitum,
560 1731 632 1818 quia
656 1746 821 1816 utrumque
843 1743 890 1796 est
911 1731 943 1796 io
966 1733 1071 1797 anima
1094 1742 1125 1795 ut

204 1819 236 1883 in
260 1818 410 1905 subjecto,
434 1819 563 1885 verbum
587 1832 691 1884 tamen
714 1821 811 1904 magis
835 1818 942 1884 transit
967 1820 998 1884 in
1021 1820 1127 1884 simili·

205 1905 343 1972 tudinem
367 1907 555 1974 §ubstantiae
577 1928 671 1996 quarn
693 1910 813 1995 speeies
841 1909 915 1996 ipsa.
939 1907 1018 1991 Quia
1041 1910 1126 1972 enim

204 1994 376 2062 intellectus
399 1996 507 2062 nititur
531 1998 562 2064 in
585 1998 788 2085 quidditatem
826 1998 870 2062 rei
906 1999 1021 2076 venire,
1054 1996 1125 2062 iden

205 2085 235 2149 in
259 2086 360 2173 speeie
383 2086 538 2172 praedicta
562 2101 609 2152 est
631 2088 728 2153 virtus
750 2084 927 2172 quidditatis
938 2086 1126 2152 substantiae
1229 2091 1230 2096 ’

203 2174 411 2260 spiritualiter,
433 2196 489 2262 per
512 2196 605 2262 quam
629 2176 782 2263 quidditas
812 2174 1009 2263 spiritualiter
1043 2189 1125 2240 reeta
1229 2181 1230 2186 ’

203 2260 365 2342 formatum
386 2264 465 2329 sieut
486 2264 517 2329 in
540 2265 644 2330 calore
666 2278 714 2330 est
751 2266 846 2329 rirtus
879 2262 998 2329 formae
1033 2263 1125 2349 ignis,
1229 2297 1230 2308 r

204 2368 260 2436 per
284 2374 377 2439 quam
400 2352 557 2438 attingitur
580 2354 610 2419 in
635 2353 834 2438 generatione
856 2352 895 2417 ad
910 2351 1127 2418 formamsuo
1229 2361 1230 2422 i

203 2441 375 2507 stantiulem
399 2441 488 2527 ignia,
512 2442 595 2529 quod
618 2442 761 2508 accidens
784 2462 840 2527 per
871 2462 905 2507 se
937 2460 1001 2506 non
1036 2442 1126 2507 attin·
1229 2431 1230 2464 ¹

203 2542 300 2613 geron
324 2529 405 2594 unde
428 2530 569 2609 verbum,
591 2532 675 2616 quod
697 2542 744 2595 est
766 2529 907 2595 ultimum
924 2530 1008 2615 quod
1023 2542 1127 2618 potest

203 2618 270 2682 lieri
294 2622 373 2683 intra
397 2638 452 2705 per
475 2621 621 2706 speeiem,
643 2618 870 2704 r'nagisaeoedit
885 2618 924 2683 ad
940 2623 1037 2705 ipsam
1053 2638 1124 2683 rem
1229 2651 1230 2656 ι

202 2707 494 2793 repraesentandam
518 2726 613 2793 quam
636 2708 718 2774 nuda
734 2706 853 2794 speeies
868 2707 923 2773 rei.
940 2708 1019 2790 Quia
1032 2707 1128 2792 igitur
1229 2769 1230 2796 ρ

202 2815 252 2861 res
275 2795 474 2879 intelligibilis
497 2816 537 2861 eo
568 2800 635 2883 ipso
658 2796 837 2883 intelligitur
869 2816 933 2883 quo
953 2795 1126 2862 intellectus
1229 2801 1230 2806 ’

202 2882 429 2949 formaturam
454 2887 557 2971 specie
580 2899 661 2964 artu,
683 2886 768 2972 prius
784 2898 892 2951 natura
905 2898 951 2951 est
962 2883 1123 2950 inlorruari

201 2992 294 3057 quam
318 2972 500 3059 intelligere,
522 2974 577 3039 sed
609 2994 674 3039 non
708 2988 858 3061 tempore3
892 2973 963 3039 ideo
1001 2971 1123 3038 videtur

201 3061 341 3141 verbum,
364 3063 448 3148 quod
470 3065 610 3149 sequitur
632 3064 766 3150 speeiem
791 3062 846 3141 rei,
868 3062 1010 3127 similiter
1034 3062 1122 3147 sequi

202 3149 373 3235 intelligere
396 3152 473 3236 eius.
496 3152 561 3217 Ηοε
583 3164 688 3217 autem
711 3173 774 3217 non
797 3165 888 3229 esset,
924 3152 950 3216 si
973 3170 1029 3238 per
1050 3170 1121 3236 spo

199 3238 278 3304 eiem
301 3241 345 3305 rei
369 3239 508 3305 tenderet
530 3240 701 3306 intellectus
725 3242 756 3305 in
779 3242 877 3327 ipsam
912 3260 978 3304 reru
1016 3253 1050 3305 ut
1087 3241 1120 3303 in

199 3345 246 3406 se,
269 3332 346 3393 sicut
370 3330 451 3394 visus
474 3328 556 3395 ridet
578 3330 715 3395 colorem
750 3343 834 3394 extra
856 3348 890 3394 se
927 3330 1120 3403 existentem,

199 3429 228 3478 ει
251 3426 324 3480 tuoe
346 3414 493 3482 formaret
513 3414 645 3483 verbum
668 3419 698 3483 in
721 3438 767 3497 se,
789 3436 823 3484 re
846 3419 929 3503 prius
952 3416 1117 3482 intellecta.

199 3501 271 3581 Sed,
294 3504 367 3589 quia
389 3505 569 3587 intellectus,
593 3507 745 3594 accipiens
765 3508 899 3593 speeiem
938 3528 956 3572 a
990 3526 1026 3571 re
1062 3525 1121 3593 per
