2484 3975
211 199 279 266 'tus
591 219 762 284 oroscopus

213 289 356 377 perficiei‘
371 311 431 354 uon
457 309 526 375 pars
549 290 587 354 sit
609 291 678 354 alba
702 304 732 353 et
755 287 813 352 alia
837 287 934 372 nigra,
968 299 1065 352 totum
1091 300 1144 353 est

212 401 274 444 una
297 379 484 464 superficies.
510 378 744 466 Propter-quod
780 391 810 442 et
833 373 949 462 antiqui
986 389 1139 462 ponentes

212 483 308 531 unam
332 469 502 544 materiam,
525 488 605 553 qnae
628 483 692 532 erat
715 467 883 532 substantia
918 465 1058 530 omnium
1098 465 1140 529 de

212 556 358 621 omnibus
382 557 566 642 praedicata,
591 557 748 642 ponebant
768 557 871 621 omnia
894 574 961 619 esse
975 575 1084 632 unum,
1108 567 1141 620 ct

211 645 289 710 haec
312 646 405 710 etiam
429 645 680 710 inconvenientia
705 657 878 730 sequuntur
915 657 1065 728 ponentes
1086 664 1141 708 or·

212 734 316 797 dinem
340 733 531 800 diuersarum
554 733 725 800 formarum
748 730 993 800 substantialium
1017 734 1049 796 in
1073 753 1138 796 uno

212 835 244 887 et
265 822 386 888 eodem.

280 910 395 990 Tertio,
417 913 588 978 secundum
613 912 787 998 praedictae
821 909 979 997 positionis
1015 928 1140 994 proces-

213 1019 293 1076 sum,
316 1021 442 1066 necesse
464 1018 510 1067 ast
525 1001 696 1088 procedere
719 1001 749 1064 in
788 1001 887 1078 causis
926 996 1137 1088 materialibus

213 1089 245 1151 in
269 1088 497 1166 infinitum-ita
521 1091 604 1177 quod
640 1109 798 1175 nunquam
836 1091 873 1152 sit
911 1086 1057 1150 devenire
1095 1085 1136 1149 ad

212 1179 345 1263 primam
370 1180 539 1243 materiam.
563 1180 596 1243 lo
619 1178 763 1243 omnibus
786 1176 869 1240 enim
885 1175 1008 1261 quaein
1032 1174 1137 1258 aliquo

210 1269 401 1330 conveniunt
424 1281 455 1330 et
476 1268 509 1332 in
532 1267 636 1354 aliquo
659 1267 815 1343 differunt,
842 1266 872 1330 id
898 1268 927 1328 in
962 1283 1025 1350 quo
1062 1282 1136 1326 con·

214 1357 340 1418 ueniunt
363 1357 509 1441 accipitur
532 1372 565 1421 ιιι
589 1357 728 1431 mutarim
749 1355 779 1418 id
804 1375 876 1419 vcro
915 1355 945 1417 in
970 1351 1053 1438 quod
1077 1350 1138 1416 dif-

213 1443 315 1508 ferunt
338 1447 485 1530 accipitur
508 1459 540 1510 ut
562 1445 674 1521 forma,
697 1460 729 1509 nt
752 1464 788 1508 ex
828 1444 1003 1529 praemissis
1042 1454 1136 1527 patet

214 1534 247 1596 Si
269 1553 345 1615 ergo
370 1555 429 1596 una
454 1549 499 1598 est
533 1536 661 1598 materia
696 1534 869 1599 eommunis
905 1531 1057 1604 omnium,
1095 1531 1137 1594 ad

213 1623 273 1684 boc
296 1625 379 1705 quod
403 1621 538 1688 diversas
562 1624 676 1688 formas
689 1622 814 1708 recipiat
837 1634 956 1708 oportet
972 1619 1055 1705 quod
1078 1638 1137 1682 uo·

214 1709 354 1774 biliorem
378 1710 509 1776 formam
533 1714 563 1777 in
587 1712 736 1777 subtiliori
760 1725 790 1775 et
813 1709 910 1776 altiori
935 1707 1062 1774 materia
1085 1727 1137 1772 re·

214 1799 316 1884 cipiet,
339 1800 553 1884 ignobiliorem
588 1821 660 1865 vero
687 1803 728 1864 in
766 1797 902 1864 inferiori
937 1796 1064 1862 materia
1102 1811 1134 1862 et

212 1891 368 1969 grossiori,
391 1902 463 1974 puta
496 1888 628 1954 formam
666 1886 883 1975 spiritualitatis
922 1887 952 1950 in
979 1885 1133 1950 subtiliori

211 1980 350 2055 materia,
374 1978 504 2042 formam
528 1998 601 2043 vero
624 1977 833 2064 corporeitatis
857 1977 887 2041 in
911 1974 1059 2051 inferiori,
1098 1989 1135 2041 ut

211 2064 280 2150 ipse
310 2066 391 2131 dicit.
430 2066 608 2132 Proeoxistit
643 2088 717 2151 ergo
744 2067 774 2129 in
799 2066 925 2129 materia
961 2064 1133 2129 differentia

209 2154 382 2219 subtilitatis
404 2168 434 2219 et
467 2158 617 2241 grossitiei
642 2170 712 2220 aitte
746 2155 877 2219 formam
911 2152 1133 2239 spiritualitatis

210 2255 241 2304 et
263 2245 479 2328 corporeitatis
506 2242 636 2331 Oportet
669 2245 761 2329 igitur
795 2242 878 2328 quod
913 2243 1023 2307 iterum
1059 2256 1134 2305 ante

209 2333 386 2414 grossitiem
424 2347 453 2396 et
477 2333 674 2397 subtilitatem
711 2333 894 2419 praeexistat
931 2332 962 2394 in
1002 2331 1133 2394 materia

211 2418 314 2505 aliqua
336 2420 394 2485 alia
417 2421 598 2498 differentia,
621 2442 677 2509 per
699 2441 791 2507 quam
828 2441 887 2485 una
926 2419 1053 2483 materia
1091 2420 1134 2483 sit

210 2508 366 2594 acceptiva
392 2512 482 2575 unius
505 2525 536 2574 ct
558 2511 618 2575 alia
642 2510 779 2587 alterium
802 2523 832 2573 et
856 2508 966 2573 eadem
991 2509 1133 2592 quaestio

210 2598 322 2662 redibit
344 2598 384 2661 de
405 2600 463 2663 illis
486 2598 552 2663 aliis
575 2598 859 2685 praeexistentibus,
893 2611 929 2661 et
945 2597 988 2663 sic
1004 2599 1035 2660 in
1058 2596 1130 2661 infr·

210 2685 320 2750 tritum.
345 2687 611 2773 Quandocumque
632 2688 715 2751 enim
739 2687 934 2751 deveniretur
955 2685 1009 2749 ad
1032 2699 1132 2749 ritate-

209 2774 288 2838 riam
312 2776 444 2841 totaliter
467 2775 664 2855 uniformem,
686 2776 856 2840 seeundum
876 2774 1023 2861 principia
1047 2778 1130 2859 posi·

211 2864 499 2951 tionis-praedictae
523 2878 678 2951 oporteret
701 2866 783 2950 quod
807 2883 870 2928 non
899 2864 1048 2949 reciperet
1070 2865 1130 2929 nisi

209 2969 304 3018 unam
328 2955 470 3031 formam,
491 2967 521 3018 et
544 2954 712 3038 aequaliter
734 2973 790 3039 per
823 2966 930 3017 toturn:
964 2953 1130 3018 etiterum

207 3046 336 3107 materia
357 3042 400 3106 illi
422 3041 540 3107 formae
562 3045 713 3107 substrata
736 3056 816 3107 non·
837 3043 985 3126 reciperet
1021 3061 1129 3105 conse-

206 3148 337 3215 quenter
358 3131 424 3195 nisi.
441 3152 534 3196 unam
557 3131 701 3208 formam,
719 3145 754 3195 et
787 3129 979 3195 uniformiter
1004 3150 1058 3215 per
1082 3143 1128 3195 to-

204 3233 279 3283 tum:
303 3223 406 3300 etita,
429 3219 647 3285 descendendo
679 3240 776 3305 usque
810 3220 849 3283 ad
887 3217 1004 3297 infima,
1026 3218 1126 3285 ‘nulla

203 3310 361 3373 diversitas
384 3310 415 3373 in
438 3311 534 3374 rebus
554 3308 683 3372 inveniri
712 3321 824 3393 posset.

269 3397 396 3478 Quarto,
428 3400 511 3482 quia,
543 3398 676 3482 antiquis
710 3395 900 3463 naturalibus
939 3394 1126 3481 ponentibus

203 3486 333 3570 primam
351 3487 510 3550 materiam
535 3504 733 3551 communem
757 3485 958 3552 substantiam
973 3486 1126 3565 omnium,
