2484 3975
198 183 262 250 uto
579 203 747 250 ornsououu

196 273 301 336 morit.
326 270 402 338 Nam
427 270 593 355 Gregorius
616 293 767 360 nyssenus
792 271 920 358 imponit
935 269 1124 336 Aristotelio

196 361 350 426 contrario
373 359 468 446 quod,
492 361 562 446 quia
598 366 684 448 ponit
717 361 853 426 animam
886 380 953 425 esse
987 359 1121 424 formam

196 450 345 536 corporis,
369 449 506 536 posuerit
529 469 598 514 eam
621 471 690 516 esse
711 449 953 536 corruptibilem.
984 447 1120 530 Quidam

195 559 268 604 uero
291 551 460 625 posuerunt
484 551 608 625 propter
643 541 702 605 boc
736 539 872 603 animam
911 541 1041 603 transire
1079 536 1122 600 de

197 647 326 717 corpore
351 627 381 690 in
405 647 528 714 corpur.
552 627 687 708 Quidam
710 629 802 692 etiam
837 640 1006 712 posuerunt
1034 625 1120 712 quod

196 717 298 780 anima
322 716 451 781 haberet
486 736 598 801 corpus
632 715 789 802 quoddam
825 715 1068 802 incorruptibile,
1102 735 1121 778 a

196 825 258 891 quo
275 825 434 889 nunquam
451 819 658 889 repararetur.
673 805 709 869 Et
719 805 793 868 ideo
810 804 1039 870 ostendendum
1064 817 1124 877 est,

197 913 253 979 per
276 895 369 958 uerba
393 892 571 973 Aristotelis,
595 894 679 979 quod
703 895 747 958 sie
771 894 871 979 posuit
905 893 1123 958 intellectivam

197 983 333 1046 animum
359 1003 426 1046 esse
450 980 580 1048 lormum
605 984 744 1069 eorporis
767 981 852 1066 quod
885 998 989 1048 tamen
1020 982 1125 1068 posuit

196 1090 265 1134 eam
290 1070 553 1156 incorruptibilem
578 1071 640 1157 (l).
664 1071 697 1136 ln
733 1071 899 1136 undecimo
922 1072 1006 1136 enim
1029 1071 1123 1136 bleta·

197 1157 406 1246 pbysicorum,
430 1159 792 1245 postquam'ostenderat
814 1161 899 1245 quod
922 1159 1042 1226 lornrae
1058 1181 1122 1225 non

195 1261 268 1312 sunt
291 1263 361 1312 ante
385 1250 538 1324 materias,
562 1250 647 1335 quia,
662 1248 787 1334 quando
802 1264 927 1314 sanatur
940 1250 1036 1314 bomo
1049 1261 1123 1312 tuoe

197 1350 241 1400 est
265 1337 389 1414 sanitas,
412 1349 442 1401 et
465 1337 562 1422 figura
586 1359 702 1402 aeneae
725 1339 857 1423 spberoe
878 1338 972 1403 simul
988 1351 1035 1403 ost
1050 1358 1123 1402 curu
1197 1384 1202 1390 -

174 1423 297 1509 pirgum
320 1445 427 1503 aenea,
461 1435 688 1513 consequenter
720 1426 848 1512 inquirit
881 1441 986 1492 utrum
1020 1425 1124 1512 aliqua

196 1513 295 1578 lorino
319 1528 477 1580 remaneat
500 1530 567 1600 post
591 1515 763 1592 materiam,
786 1530 817 1580 et
839 1516 912 1581 dicit
933 1518 1125 1602 sie(secnrr·

196 1603 271 1668 dum
297 1603 484 1668 intellectum
508 1605 605 1668 Boetii
619 1605 643 1682 l:
662 1603 720 1668 «Si
745 1624 819 1672 uero
842 1604 957 1689 aliquid
971 1605 1125 1689 posterius

196 1706 368 1770 remaneat,
391 1693 505 1756 seilicet
519 1707 640 1780 praeter
662 1693 836 1767 materiam,
862 1693 1126 1759 considerandum

197 1794 253 1846 est.
277 1781 310 1846 ln
335 1781 519 1866 quibusdam
545 1783 629 1846 enim
653 1781 731 1846 nibil
754 1782 897 1867 probibet
913 1782 996 1859 ut,si
1020 1783 1126 1846 anima

198 1869 375 1954 hujusmodi
400 1883 456 1947 est,
480 1891 541 1935 uon
565 1872 677 1947 omnis,
699 1870 755 1934 sed
779 1871 960 1947 intellectum
982 1871 1127 1935 omnium
1214 1917 1218 1924 ·

144 1963 150 1972 “
198 1960 281 2023 enim
316 1958 505 2047 impossibile
528 1971 576 2023 est
600 1959 728 2025 sortasse
751 1988 782 2023 ι.
807 1959 894 2026 Patet
927 1979 1002 2043 ergo
1036 1958 1125 2045 ‘quod

159 2066 163 2073 ·
198 2052 346 2127 animam,
369 2068 448 2134 quae
471 2061 517 2112 est
540 2048 638 2113 lorma
662 2062 813 2133 quantum
837 2050 878 2115 nd
906 2049 1126 2115 intellectivam
1229 2099 1230 2114 .

198 2151 330 2225 partem,
354 2136 426 2201 dicit
450 2136 526 2203 nibil
543 2138 710 2223 probibere
725 2158 888 2203 remanere
911 2151 980 2226 post
1002 2156 1128 2222 mrpus,

198 2240 228 2291 et
253 2240 355 2291 tamen
377 2238 448 2291 ante
472 2247 584 2311 eorpus
608 2246 671 2289 non
696 2224 800 2300 luisse.
823 2226 901 2293 Cum
926 2228 1009 2292 enim
1033 2225 1127 2291 abso·

198 2315 262 2381 lnte
285 2314 408 2380 dixisset
432 2314 515 2401 quod
539 2336 652 2379 causae
674 2328 834 2379 mouentes
857 2330 928 2380 sunt
947 2330 1033 2392 ante,
1061 2334 1127 2380 noo

199 2420 301 2469 autem
325 2424 437 2469 causae
461 2402 616 2482 formales,
643 2424 705 2467 non
729 2404 880 2488 quaesivit
902 2418 1005 2469 utrum
1022 2403 1128 2489 aliqua

198 2492 298 2559 lorma
322 2506 402 2558 esset
425 2506 495 2557 arrte
519 2493 690 2571 materiam,
702 2492 757 2556 sed
780 2507 884 2558 utrum
907 2493 1009 2579 aliqua
1024 2491 1128 2557 forma

198 2580 372 2648 remaneret
398 2595 466 2667 post
489 2586 662 2656 materiam
685 2596 715 2645 et
739 2581 812 2646 dicit
835 2584 895 2647 boc
921 2582 996 2646 nibil
1021 2582 1130 2667 probi·

198 2670 273 2739 bere
297 2671 336 2735 d‘e
361 2670 458 2736 lorma
483 2684 632 2757 quaeest
655 2671 768 2748 anima,
798 2684 948 2757 quantum
971 2671 1010 2735 ad
1034 2669 1128 2734 intel·

199 2759 340 2826 leotivam
365 2773 495 2845 partem.
1010 2778 1014 2785 ·

266 2848 342 2914 Cum
355 2849 468 2933 igitur,
480 2846 651 2913 secundum
669 2848 836 2933 praemissa
846 2846 1017 2913 Aristotelis
1031 2846 1128 2912 rerba

198 2937 276 3003 haec
299 2937 397 3002 lorma
421 2956 500 3022 quae
526 2948 571 2999 est
593 2935 698 3001 anima
721 2951 789 3023 post
822 2956 934 3023 corpus
957 2948 1128 3012 remaneat,

200 3048 262 3091 non
287 3040 358 3104 toto,
380 3026 435 3092 sed
451 3024 635 3102 intellectus,
651 3025 911 3090 considerandum
925 3038 1020 3089 restat
1030 3043 1132 3110 quare*
1229 3065 1230 3098 ι

199 3116 297 3200 magis
320 3116 422 3181 anima
449 3112 619 3179 secundum
660 3129 777 3199 partem
815 3114 1033 3179 intellectivam
1048 3124 1129 3198 ¹post

199 3222 311 3291 corpus
334 3218 491 3271 remaneat
514 3222 607 3288 quam
642 3203 813 3267 secuudum
852 3203 926 3267 alias
960 3214 1062 3287 partes
1097 3212 1128 3265 et

200 3313 294 3380 quam
317 3292 394 3358 aliae
418 3292 536 3358 lormae
561 3304 629 3378 post
641 3312 713 3355 suas
725 3291 880 3368 materiam
896 3292 983 3376 eujus
1000 3288 1127 3376 quidem

249 3415 288 3483 (l)
306 3414 349 3468 Sic
363 3417 478 3482 posuit...
496 3414 564 3483 quod
582 3420 668 3466 tomen
684 3414 801 3482 paruit...
819 3412 837 3465 i.
849 3428 871 3467 e.
899 3411 936 3466 ita
954 3411 1070 3483 posuit...
1101 3413 1132 3462 ut

201 3492 288 3541 tamen
307 3486 453 3559 posuerit...
