2484 3975
211 232 276 300 396
365 254 434 298 reur.
458 254 495 299 rr.
520 255 582 299 csr.
607 256 734 301 rxxrrn.
757 254 793 297 er
816 255 951 306 cxxxvnr.

210 325 356 388 bilitotcm
381 323 466 387 effert
490 323 573 409 quod
597 345 726 410 corpora
750 324 891 401 ceeiestia
928 323 1027 409 frangi
1060 344 1127 392 non

209 427 346 498 possunt,
370 426 402 475 ut
424 433 518 499 super
541 433 576 475 ee
599 413 730 496 gloriose
755 433 884 499 corporo
919 414 1130 488 subleventur.

209 502 279 587 quie
304 522 319 563 a
343 501 456 565 virtute
480 500 581 565 diuino
605 504 664 566 boe
688 502 739 566 tter
763 515 796 566 ut
825 501 957 585 gloriosa
996 524 1126 589 corpora

212 589 304 653 simui
328 610 398 653 cum
422 589 487 653 eliis
510 590 691 675 corporibus
717 609 787 655 esse
811 591 936 675 possint3
960 590 1046 676 eujus
1084 593 1130 655 rei

212 678 360 741 indicium
384 679 413 741 in
438 699 567 763 corpore
594 678 704 744 Christi
730 680 902 764 praecessit,
925 680 1000 743 dunt
1024 680 1062 745 ad
1085 680 1131 744 di-

213 766 348 853 seipulos
365 766 467 853 januis
491 767 601 832 clausis
624 767 755 835 intravit.

474 942 647 1009 curet
682 942 866 1009 uxxxvut.

379 1084 423 1147 De
445 1104 521 1149 socru
544 1094 574 1147 et
597 1093 698 1147 aetate
721 1084 957 1168 reserperrtirmr.

273 1204 339 1269 Non
363 1219 407 1269 est
431 1218 534 1269 temen
558 1204 782 1268 aestimandum
798 1204 881 1289 quod
896 1205 926 1268 in
944 1204 1129 1289 corporibus

207 1295 432 1378 resurgentium
458 1294 536 1358 desit
559 1314 649 1359 serus
672 1292 836 1370 femineus,
870 1307 902 1357 ut
938 1293 1030 1378 aliqui
1073 1315 1130 1376 pu-

205 1396 358 1452 tavernou
380 1384 461 1467 quia,
497 1403 567 1446 eum
593 1402 648 1467 per
671 1383 928 1446 resurrectionem
952 1386 1014 1445 siut
1035 1404 1128 1468 repa-

206 1471 292 1534 randi
318 1469 453 1537 defectus
477 1487 616 1548 naturae,
639 1470 715 1533 nihii
738 1489 846 1534 eorum
871 1492 950 1556 quae
985 1470 1024 1533 ari
1060 1491 1129 1556 per-

206 1558 369 1642 fectionem
378 1574 506 1624 naturae
519 1560 672 1645 pertinent
684 1580 700 1621 a
710 1559 891 1644 corporibus
899 1560 1127 1641 resurgentium

207 1648 372 1713 auferetur.
396 1648 480 1713 Sient
504 1662 607 1711 eutem
633 1648 690 1711 aba
730 1652 869 1733 corporis
909 1650 1050 1713 membro
1088 1648 1128 1713 ad

208 1739 413 1823 integritatem
439 1739 564 1802 humani
589 1737 732 1822 eorporis.
767 1739 930 1821 pertinent,
965 1738 1004 1800 ita
1039 1750 1070 1800 et
1092 1758 1128 1801 es

208 1847 287 1912 quae
311 1827 498 1910 generationi
523 1827 710 1903 deserviunt,
734 1838 795 1887 tam
819 1826 850 1889 in
875 1825 1011 1889 muribus
1034 1845 1128 1910 quem

208 1916 237 1978 in
262 1914 392 1980 feminis.
418 1916 588 2000 Resurgent
611 1934 687 1999 ergo
711 1914 851 1978 membra
875 1914 1057 2000 hujusmodi
1096 1915 1126 1978 in

207 2006 353 2090 utrisque.
654 2078 659 2084 ¹

273 2093 379 2179 Neque
403 2107 504 2158 tomen
529 2093 601 2158 buic
639 2092 741 2157 obviat
779 2091 861 2177 quod
901 2112 974 2156 usus
1012 2090 1126 2156 borum

207 2183 417 2247 membrorum
442 2203 503 2246 uon
528 2183 595 2255 erit,
620 2195 653 2246 ut
676 2201 768 2268 supra
791 2183 847 2265 (c.
872 2178 943 2260 85)
967 2194 1126 2244 ostensum

205 2285 261 2348 est;
285 2273 365 2356 quie,
389 2273 411 2334 si
437 2285 560 2357 propter
584 2273 642 2336 boc
665 2270 805 2333 membra
829 2270 858 2332 in
892 2269 1127 2352 resurgentibus

206 2380 266 2424 non
292 2374 391 2436 erunt,
415 2361 478 2444 pari
504 2361 704 2423 rationenec
727 2359 831 2421 omniu
871 2358 1011 2421 membre
1046 2379 1129 2441 quae

213 2449 401 2512 nutrimento
425 2448 599 2512 deserviunt
623 2451 652 2512 in
678 2446 907 2531 resurgentibus
931 2457 1042 2523 essent,
1058 2448 1132 2531 quia

207 2557 264 2600 uec
287 2538 426 2602 ciborum
452 2557 524 2604 usus
549 2551 617 2622 post
641 2537 899 2601 resurrectionem
924 2534 1055 2599 erit.Sie
1073 2537 1131 2618 igis

211 2640 394 2709 turmogos
424 2647 493 2710 pers
531 2626 743 2690 membrorum
781 2625 901 2710 corpori
941 2626 1131 2706 resurgentis

209 2713 349 2778 deesset·
363 2715 457 2778 Erunt
492 2713 583 2796 igitur
620 2715 723 2777 otonis
762 2713 901 2776 membru
941 2711 1132 2795 hujusmodi,

135 2822 137 2830 ’
210 2805 348 2887 quumvis
371 2823 478 2866 eorum
503 2823 575 2866 usus
599 2823 660 2866 non
685 2803 734 2879 sit,
757 2803 795 2866 ad
819 2801 1023 2884 integritatem
1037 2814 1126 2864 natus

211 2892 283 2954 reiis
307 2893 443 2976 corporis
469 2891 699 2968 restituendum
723 2891 806 2954 unde
829 2889 938 2954 frustra
953 2904 1130 2955 nonerunt.

276 2978 421 3043 Similiter
453 2981 543 3043 etiem
582 3001 640 3044 nec
675 2980 834 3043 infirmitas
873 2977 997 3042 terntnet
1037 2997 1130 3045 sexus

212 3065 390 3150 perfectioni
419 3070 645 3152 resurgentium
669 3068 780 3132 obviat.
802 3067 869 3131 Non
892 3069 975 3130 enim
1000 3079 1045 3128 est
1083 3069 1130 3131 in·

211 3153 339 3220 firmitas
363 3176 418 3242 per
442 3177 595 3221 recessum
613 3156 830 3230 uneturmsed
848 3177 863 3218 u
878 3171 985 3218 nature
1000 3154 1129 3234 ¹tutentu3

209 3257 238 3306 et
263 3246 324 3330 ipsa
349 3246 441 3309 etiem
466 3259 592 3309 naturae
615 3245 769 3309 distinctio
797 3245 827 3307 in
852 3246 996 3310 omnibus
1026 3242 1129 3328 perie-

209 3332 340 3396 etionem
372 3349 498 3397 naturae
521 3333 745 3398 demonstrabit
767 3346 798 3397 et
832 3333 968 3397 divinam
1003 3333 1129 3417 supien-

209 3421 280 3482 tiam
298 3424 401 3486 omnin
425 3441 494 3486 cum
519 3423 652 3507 quodam
677 3423 786 3486 ordine
808 3421 1022 3506 disponentem
1040 3441 1129 3486 cotn-

208 3509 374 3575 mendehit.
