2484 3975
395 235 432 279 oa
456 233 577 281 narrare
593 234 787 282 rnreceecrus
988 219 1047 286 stt

125 305 207 372 catio
229 303 513 370 contradictionum.
543 303 636 386 Quod
672 325 734 369 non
768 315 888 370 tontum
920 305 1055 376 dicimus

126 407 254 479 propter
276 394 477 481 propositum,
500 391 554 457 sed
579 393 678 477 magia
700 412 740 457 ne
768 391 847 459 haec
883 413 1052 480 argumen-

126 482 211 547 tandi
236 481 333 547 lormu
357 481 396 547 cd
420 481 478 547 olia
502 479 696 559 extendatun
730 481 776 546 sio
811 482 894 547 enim
927 500 1052 570 possent

123 570 312 636 concludere
334 570 416 656 quod
429 570 513 636 Deus
529 589 591 636 non
606 585 706 655 potest
722 569 823 635 lacere
838 571 921 656 quod
935 575 1051 641 mortui

122 673 288 743 resurgant
312 674 343 724 et
365 659 449 745 qnod
472 658 553 723 caeci
579 658 616 723 nd
643 662 742 724 risum
771 673 960 746 reparentur.

191 747 298 814 Adhuc
320 761 423 814 cutem
448 747 486 812 ad
509 748 737 813 munimentum
760 747 808 813 ani
831 757 945 815 erroris
958 751 1050 818 aliem

121 837 274 902 rationem
299 835 457 902 inducunt.
471 835 633 918 Quaerunt
645 839 729 902 enim
743 850 847 917 utrum
860 837 1049 907 intellectum

122 924 157 989 in
180 945 231 990 me
253 939 284 990 et
306 925 336 990 in
361 939 391 990 te
413 927 451 991 sit
475 945 571 991 unum
595 924 727 1010 penitus,
750 938 802 990 aut
839 925 903 990 duo
937 927 968 993 in
991 950 1049 995 nu-

120 1031 211 1078 mero
234 1027 263 1078 et
286 1033 383 1079 unum
400 1014 431 1080 in
454 1016 565 1100 specie.
588 1013 620 1080 Si
637 1015 721 1079 enim
738 1034 834 1079 unum
848 1015 1049 1099 intellectum,

121 1111 196 1168 tunc
218 1123 298 1169 unns
320 1102 379 1170 erit
402 1104 583 1180 intellectum
595 1103 619 1168 si
633 1101 696 1168 duo
713 1101 744 1167 in
759 1122 890 1168 numero
903 1118 934 1169 et
950 1125 1048 1173 unum

121 1190 154 1255 in
178 1193 290 1275 specie,
311 1207 458 1274 sequetur
479 1192 561 1280 quod
586 1191 739 1258 intellecta
785 1190 944 1260 habebunt
980 1215 1049 1262 rem

121 1278 318 1347 intellectum.
343 1281 565 1367 Quaecumque
587 1281 671 1346 enim
694 1293 767 1346 sunt
789 1280 853 1346 duo
870 1280 901 1345 in
917 1302 1049 1350 numero

121 1378 153 1432 et
176 1389 273 1434 unum
297 1372 327 1435 in
351 1371 454 1457 specie
476 1382 548 1436 sunt
570 1389 668 1435 unum
692 1369 978 1456 intellectumquia
1000 1387 1050 1440 est

121 1475 182 1522 uua
205 1457 358 1546 quidditas
381 1477 551 1545 perquam
575 1457 800 1543 intelliguntum
833 1471 863 1524 ct
898 1459 942 1525 sic
976 1481 1049 1546 pro·

119 1545 247 1611 eedetur
269 1547 300 1612 in
324 1546 488 1627 inlinitum,
526 1546 611 1632 quod
645 1559 691 1612 est
729 1545 931 1632 impossibile.
969 1549 1049 1635 Ergo

119 1633 312 1722 impossibiie
334 1650 380 1701 est
402 1636 485 1722 quod
509 1636 569 1701 sint
590 1633 654 1700 duo
677 1634 829 1699 intellecta
856 1655 989 1704 numero
1012 1639 1044 1710 in

118 1741 170 1788 mc
193 1737 223 1787 et
246 1725 277 1789 in
301 1738 341 1800 tc3
364 1738 409 1791 cst
432 1745 507 1810 ergo
532 1743 629 1789 unum
652 1722 902 1810 (intellectum)
925 1737 1044 1793 tanturn

117 1823 148 1876 et
172 1831 251 1878 unus
274 1814 445 1881 intellectus
470 1832 600 1879 numero
624 1825 743 1878 tantum
772 1811 804 1876 in
819 1812 965 1880 omnibus
989 1815 1047 1882 lro·

118 1899 264 1967 minibus.

70 2040 72 2045 .
184 1989 402 2072 Quaerendum
427 2004 598 2057 estensem
622 1989 663 2055 ab
678 1989 725 2056 hia
741 1991 794 2077 qui
818 2003 881 2056 tam
892 1991 1047 2060 subtiliter

117 2097 152 2143 se
173 2082 382 2164 argumentari
406 2076 526 2169 putantJ
549 2093 653 2146 utrum
681 2098 750 2144 esse
791 2078 856 2144 duo
888 2080 1045 2147 intellecta

118 2164 151 2232 in
174 2186 307 2234 numero
328 2180 358 2234 et
381 2190 478 2237 unum
502 2170 532 2234 in
556 2168 659 2256 specie
681 2167 720 2233 sit
747 2180 853 2233 contra
891 2170 1045 2235 rationem

119 2254 262 2322 intellecti
286 2258 469 2343 inquantum
492 2271 537 2323 est
561 2256 761 2333 intellectum,
785 2270 838 2321 aut
861 2254 1045 2344 inquantum

117 2355 163 2408 est
186 2344 374 2411 intellectum
398 2348 438 2411 cl>
461 2346 597 2411 homine.
627 2346 661 2410 lit
695 2344 891 2410 manilestum
914 2360 971 2421 eat,
994 2367 1043 2412 se·

114 2431 250 2499 cundum
274 2435 424 2500 cntionem
445 2455 537 2521 quam
556 2447 684 2520 ponunt,
700 2433 784 2519 quod
801 2434 861 2498 lroc
877 2448 922 2501 eat
933 2449 1041 2502 contra

112 2520 264 2588 rationem
289 2523 431 2590 intellecti
455 2526 638 2611 inquantum
672 2536 718 2587 cat
760 2522 961 2589 intellectum.
995 2525 1043 2590 lle

112 2610 231 2675 ratione
254 2613 337 2677 enim
360 2612 517 2691 intellecti,
555 2612 738 2697 inquantum
777 2610 964 2696 hujusmodi,
995 2628 1042 2679 eat

111 2697 195 2783 quod
219 2720 280 2765 non
305 2699 439 2784 indigeat
462 2700 545 2787 qnod
569 2699 608 2764 ab
631 2718 669 2764 eo
690 2698 807 2785 aliquid
841 2701 1043 2767 abstrahatur

111 2784 151 2851 ad
175 2784 234 2854 hoc
256 2789 338 2875 quod
363 2790 402 2854 sit
424 2790 624 2855 intellectum.
640 2788 731 2871 lingo,
742 2788 915 2855 secundum
927 2808 1038 2856 eorum

110 2876 272 2955 cntionem,
295 2877 473 2963 simpliciter
495 2876 685 2943 concludere
708 2896 874 2963 possumus
906 2878 1040 2964 quodait

110 2982 207 3028 unum
231 2966 418 3032 intellectum
443 2980 573 3049 tantum,
596 2979 627 3031 et
649 2985 712 3030 non
734 2964 836 3030 solum
862 2986 958 3035 unum
993 2968 1041 3032 in·

110 3048 264 3119 tellectum
289 3054 328 3120 ab
351 3056 507 3121 omnibns.
532 3055 575 3135 Et,
598 3054 623 3119 si
647 3067 693 3118 cst
716 3073 812 3117 unum
848 3054 1039 3122 intellectum

109 3150 238 3220 tontum,
261 3144 432 3209 secundum
457 3163 565 3209 eorum
591 3144 743 3208 rationem
777 3143 920 3229 sequitur
952 3146 1037 3230 quod

108 3228 146 3293 sit
170 3250 249 3295 unus
272 3245 388 3297 tuntum
413 3230 585 3297 intellectus
609 3232 640 3295 in
664 3243 728 3295 toto
764 3231 895 3310 muodo,
919 3244 949 3297 et
974 3252 1037 3298 oon

108 3316 208 3384 solnm
233 3320 263 3383 in
287 3320 474 3385 hominibus.
500 3319 580 3404 Ergo
620 3318 795 3384 intellectus
833 3334 941 3386 noster
973 3341 1037 3387 non

105 3405 207 3471 nolum
232 3423 276 3473 eat
299 3409 468 3475 substantio
507 3422 662 3493 separata,
695 3407 751 3473 aed
786 3408 878 3475 etiam
902 3409 1039 3495 eatipae

105 3491 200 3572 Deus,
216 3511 246 3561 et
259 3498 470 3564 uniuersaliter
488 3497 605 3565 tollitur
620 3496 781 3586 pluralitus
796 3497 1037 3569 substantiarum

106 3597 331 3673 separatarum.
