2484 3975
211 220 253 285 52
540 238 595 283 nin.
619 236 656 282 rr.
681 236 743 282 cnr.
766 236 817 279 vn.

209 322 275 374 cate
299 324 441 395 purgare
464 307 546 393 qnod
570 320 616 373 est
639 306 796 394 preprium
820 305 915 392 ipsius
938 304 1005 383 Dei,
1031 317 1063 370 ut
1085 322 1122 371 ex

208 396 419 484 superioribus
453 402 544 483 p'atetr
579 396 690 463 dicitur
722 407 825 459 nutem
859 393 899 458 de
930 394 1008 460 Filia
1040 394 1123 479 quod

209 486 313 551 ornain
335 487 368 550 in
390 486 458 568 ipsc
485 496 635 565 constant,
669 483 797 562 Coloss,
821 483 851 561 1,
876 483 928 560 17;
949 498 981 549 et
1002 483 1123 548 dieitur:

208 575 342 640 Portant
372 575 476 639 omnic
511 574 604 639 uerbo
640 574 763 638 uirtutis
788 592 874 651 nuuc,
907 574 1123 657 perpetientem

205 675 402 748 peccaturum
423 663 551 749 faciens,
573 661 677 741 Hebe,
706 664 735 741 1,
769 663 800 729 5.
823 661 917 728 Filius
939 662 1032 747 igitur
1065 661 1122 727 Dei

207 767 254 819 est
276 766 403 818 naturae
426 750 557 829 divinae,
581 764 610 815 et
640 770 705 816 nnn
727 764 773 817 cst
795 762 944 816 creatura.

274 841 347 919 Sed,
368 840 439 927 qnia
462 852 565 927 posset
588 842 717 905 Arianns
739 840 842 905 dicere
864 837 948 926 quod
976 838 1037 905 lrcc
1069 839 1120 904 Fi·

208 930 267 995 lius
290 929 371 1007 lacit,
394 942 627 1015 nontamquam
651 929 819 1015 principale
842 948 948 1014 agens,
970 928 1026 994 sed
1041 929 1119 994 sicut

206 1018 445 1084 instrumentum
461 1016 637 1104 principalis
653 1019 781 1101 agentis,
796 1018 879 1104 quod
892 1037 948 1105 per
963 1018 1119 1104 propriam

207 1108 435 1173 virtutemnon
459 1106 532 1191 agit,
555 1106 610 1171 sed
633 1106 734 1171 solum
761 1126 817 1193 per
854 1108 997 1171 virtutem
1035 1106 1118 1192 prin·

205 1195 311 1283 cipalis
334 1196 462 1281 agentis,
486 1196 566 1261 lianc
589 1195 785 1282 positionemv
799 1195 951 1260 Dominus
973 1195 1121 1273 excludit,

206 1284 322 1349 dicens:
350 1286 563 1368 Quaecumque
586 1284 667 1348 enim
689 1284 745 1347 ille
765 1284 882 1367 feccrit,
904 1284 981 1349 icccc
1007 1295 1038 1347 ct
1068 1285 1121 1349 Fi·

143 1404 146 1408 ’
207 1374 267 1439 lius
288 1374 433 1439 similiter
453 1373 539 1457 sarit,
561 1374 662 1449 inan,
685 1372 716 1450 11,
741 1373 794 1439 19.
814 1372 900 1438 Sicut
921 1372 1120 1459 igiturpatet

206 1482 261 1549 per
283 1482 317 1527 sc
341 1473 488 1549 operatur
510 1474 540 1527 et
562 1462 686 1549 propria
711 1461 833 1540 virtute,
854 1462 894 1526 ita
918 1477 949 1526 ct
971 1462 1075 1527 Filius.

270 1550 401 1617 Ulterius
423 1550 515 1615 etiam
538 1570 575 1615 ex
597 1551 657 1616 hnc
678 1551 774 1616 verbo
809 1550 1018 1616 concluditur]
1036 1550 1120 1637 quud

203 1640 242 1705 sit
265 1640 375 1705 eadem
398 1640 493 1704 virtus
515 1652 545 1703 et
568 1652 701 1727 potestas
740 1640 805 1704 Filii
840 1653 870 1704 ct
904 1638 1010 1705 Patris.
1050 1639 1118 1705 Non

202 1728 303 1795 solum
327 1729 411 1793 enim
439 1727 511 1793 dicit
549 1728 633 1815 quod
667 1728 761 1794 Filius
795 1728 935 1794 similiter
972 1741 1118 1815 operatur

200 1818 279 1883 sicut
301 1830 332 1882 et
354 1817 455 1896 Pater,
476 1816 531 1881 sed
554 1815 638 1903 qdod
661 1815 771 1883 eadem
794 1830 825 1883 et
847 1816 996 1882 similiter.
1031 1819 1116 1883 idem

202 1920 392 1971 autemnon
418 1919 516 1992 potest
539 1925 606 1971 esse
629 1919 790 1992 operatum
821 1906 931 1971 eodem
966 1907 1060 1971 modo
1097 1925 1115 1969 a

201 1997 322 2061 duobus
346 1995 517 2081 agentibus,
540 1996 598 2060 nisi
622 1994 819 2071 dissimiliter,
842 1997 920 2060 sicut
941 1995 1025 2060 idern
1048 1996 1115 2061 litn

200 2083 363 2171 principali
387 2096 497 2169 agente
520 2097 550 2150 et
573 2085 789 2163 instrumento,
816 2085 865 2149 rel
900 2083 1051 2165 similiter,
1085 2097 1117 2148 et

199 2189 272 2238 tunc
295 2184 414 2260 oportet
437 2173 521 2257 quod
542 2174 727 2238 conveniant
749 2174 780 2238 in
803 2195 865 2238 una
882 2173 1010 2251 virtute3
1037 2192 1118 2260 quac

198 2260 324 2348 quidem
348 2261 442 2327 virtus
465 2261 653 2348 quandoque
674 2276 879 2348 congregatur
915 2281 952 2327 er
987 2263 1116 2329 dirersis

196 2350 358 2416 virtutibus
382 2351 412 2416 in
436 2349 564 2418 diversis
586 2349 754 2436 agentibus*
774 2350 916 2429 inventis,
931 2353 1016 2416 sicut
1032 2366 1115 2438 patet

198 2441 230 2504 in
253 2439 357 2505 multis
378 2438 572 2505 trahentibus
598 2459 718 2504 navem:
742 2458 850 2505 ornnes
872 2442 956 2505 errim
972 2441 1114 2511 similiter

196 2529 334 2608 trallunt,
356 2540 398 2607 et,
420 2529 492 2615 quia
515 2527 610 2593 virtus
634 2528 798 2615 cujuslibet
820 2528 1000 2616 imperfecta
1026 2543 1115 2594 estet

194 2617 380 2684 insufficiens
404 2619 442 2683 ad
466 2617 557 2682 istum
580 2616 735 2696 ellectum,
756 2637 795 2682 cn
817 2618 1114 2684 diversisvirtutibns

195 2720 484 2791 congregaturum
508 2707 602 2771 virtus
626 2707 779 2784 omnium,
807 2726 889 2792 quae
925 2705 1036 2772 suffieit
1072 2707 1113 2771 ad

194 2793 381 2858 trahendum
405 2815 525 2860 navem.
549 2793 613 2859 linc
636 2808 739 2861 amem
761 2815 825 2859 nnn
850 2808 949 2882 potest
984 2797 1046 2861 dici
1079 2796 1111 2860 in

192 2880 285 2946 Patre
307 2895 337 2947 et
359 2882 447 2961 Filic;
470 2884 566 2948 uirtus
588 2882 674 2948 enim
699 2883 755 2947 uei
778 2883 876 2948 Patris
900 2903 962 2948 nnn
982 2897 1032 2950 est
1055 2885 1112 2950 im·

191 2969 337 3056 perlecta,
360 2970 415 3035 sed
436 2972 566 3050 inlinita,
588 2984 621 3037 ut
643 2984 802 3037 ostensum
824 2987 873 3038 eat
894 2972 931 3060 (1.
957 2974 1110 3059 1,(115).

99 3083 101 3089 ’
193 3057 322 3145 Oportet
345 3057 437 3144 igitur
458 3061 542 3148 quad
566 3059 675 3126 eadem
700 3079 832 3126 numero
854 3061 893 3127 sit
905 3062 1000 3127 uirtus
1013 3063 1112 3130 Patris

191 3163 221 3212 et
245 3147 321 3214 Filii.
345 3147 380 3213 Et
403 3169 474 3214 curn
498 3152 592 3215 virtus
614 3163 760 3236 sequatur
781 3164 924 3215 naturam
937 3153 993 3231 rei,
1015 3171 1110 3239 upar-

190 3251 233 3300 tet
256 3237 339 3323 quod
362 3238 471 3304 eadem
495 3259 626 3304 numero
642 3247 680 3304 sit
696 3253 804 3304 natura
819 3241 992 3304 etessentia
1010 3241 1110 3308 Patris

190 3341 220 3388 er
243 3325 321 3391 Filii.
359 3325 449 3408 Quod
473 3327 565 3392 etiarn
587 3347 623 3396 ex
668 3327 929 3414 praecedentibus
964 3329 1110 3397 concludi

190 3428 299 3498 potest;
323 3435 405 3492 narn,
429 3415 454 3482 si
478 3418 509 3480 in
532 3415 608 3481 Filio
631 3430 808 3482 manatura
834 3416 946 3493 divina,
973 3433 1007 3484 ut
1030 3419 1110 3484 mul·

193 3501 335 3587 tipliciter
358 3517 515 3570 ostensum
539 3515 594 3585 est,
617 3523 688 3570 curn
720 3519 828 3574 natura
861 3504 971 3573 'divina
1006 3507 1110 3574 multi·
