2484 3975
383 213 420 258 un
444 212 564 258 unrrnrc
580 210 773 257 tnrsnnncrus
974 195 1038 260 579

108 298 161 348 ost
182 303 262 348 tanus
286 300 427 358 nunter03
450 281 579 346 firmiter
602 295 705 345 tamen
740 292 831 345 teneo
861 280 1036 367 oppositum

110 393 171 457 per
194 373 288 438 lidem
304 399 334 435 ι.
353 371 430 456 Ergo
453 371 545 436 sentit
567 373 651 455 quod
674 367 751 434 lides
774 369 812 433 sit
828 366 866 433 de
883 370 1036 455 aliquibus

131 483 245 526 uorum
280 460 431 526 contraria
466 459 505 524 de
527 461 708 526 necessitate
730 456 870 524 concludi
895 476 1032 544 possunt.

105 483 189 616 dum
213 564 316 614 autem
340 550 378 614 de
400 549 580 615 necessitate
603 547 745 612 concludi
770 566 833 610 uon
856 548 951 632 possit
972 553 1034 615 uisi

105 659 220 704 uerum
244 639 462 714 necessarium,
485 636 572 723 cujus
595 637 770 722 oppositum
793 648 839 700 est
862 634 972 702 lalsum
1001 653 1032 703 et

105 728 313 814 impossibile,
335 727 481 814 sequitur,
504 725 676 792 secundum
699 725 765 808 ejus
788 723 915 801 dietum,
971 728 1033 792 uod

105 817 188 884 tides
210 819 248 884 sit
271 817 309 881 de
335 815 411 881 salso
435 830 465 880 et
486 813 679 900 intpossibili;
713 813 796 899 qnod
832 814 924 878 etiam
949 747 1033 882 deus

104 905 211 970 lacere
235 927 295 969 non
320 919 428 991 potest;
452 905 535 990 quod
561 902 697 967 fidelium
722 922 813 967 aures
847 900 929 966 serre
966 925 1029 969 nou

106 1007 247 1080 possunt.
270 994 334 1059 lloc
356 1014 417 1058 non
434 1007 515 1058 caret
532 993 626 1056 etiarn
642 1011 753 1075 magna
766 991 936 1056 temeritate
949 995 1033 1078 qnod

108 1082 153 1147 de
176 1084 223 1148 nis
258 1103 337 1168 qnae
359 1080 398 1146 ad
422 1081 649 1168 philosophiam
683 1102 747 1144 non
781 1081 944 1167 pertinent,
977 1083 1033 1146 sed

107 1187 184 1238 sunt
206 1193 300 1258 purae
324 1171 406 1249 fidei,
428 1170 584 1258 disputare
619 1169 799 1256 praesumit.
833 1171 911 1234 siout
949 1172 1034 1256 quod

109 1264 215 1325 anima
239 1262 370 1347 patiatur
392 1259 431 1324 ab
455 1260 526 1345 igne
549 1256 671 1335 iularni,
695 1273 725 1322 ot
748 1259 850 1324 dicere
865 1261 1034 1324 sententias

110 1349 274 1414 doctorum
297 1349 336 1414 dc
360 1349 420 1413 ltoc
441 1368 509 1414 esse
531 1347 752 1433 reprobandas.
768 1348 837 1412 Pari
852 1367 928 1432 ergo
944 1350 1035 1413 ratio-

110 1459 151 1502 ne
175 1453 278 1525 posset
301 1438 455 1523 disputare
479 1437 518 1502 de
541 1435 702 1515 inuitato,
719 1435 759 1500 de
776 1436 992 1501 incarnatione
1004 1452 1035 1502 et
1133 1433 1137 1443 ’

109 1529 177 1592 aliis
201 1525 389 1611 hujusmodi,
412 1525 451 1592 de
474 1526 585 1613 quibus
620 1525 743 1590 nonnisi
767 1524 952 1590 ‘balbutiens
988 1525 1034 1591 lo·

107 1631 265 1702 queretur.

175 1705 256 1770 Haec
277 1704 370 1788 igitur
393 1716 464 1769 scut
488 1704 619 1790 quaein
645 1703 885 1767 destructionem
908 1705 1031 1788 praedi-

105 1794 147 1860 cti
172 1792 284 1860 erroris
306 1793 555 1879 conscripsimus,
578 1814 641 1858 non
665 1812 720 1878 per
742 1792 928 1856 documenta
946 1790 1030 1872 lidci,

106 1883 163 1947 sed
186 1903 241 1972 per
264 1883 401 1970 ipsorum
422 1882 677 1968 philosophorum
701 1882 835 1945 rationes
871 1893 902 1944 et
939 1881 1028 1948 diota.

107 1974 140 2037 Si
164 1973 232 2059 quis
255 1985 357 2037 antem
381 1970 602 2056 gloriabundus
625 1970 665 2035 de
688 1969 754 2035 lalsi
778 1969 912 2035 nominis
932 1971 1031 2038 scien-

109 2066 150 2127 tia
175 2062 245 2128 velit
267 2073 373 2126 eontra
398 2061 473 2125 haee
496 2080 575 2145 qnae
590 2061 769 2146 scripsimm
785 2059 900 2144 aliquid
915 2059 1031 2139 dicere,

109 2172 172 2217 non
196 2151 338 2239 loquatur
361 2150 390 2214 in
415 2149 534 2233 angulis
559 2170 616 2213 nec
638 2168 744 2213 eoram
768 2150 870 2235 pueris
893 2153 945 2234 qni
974 2171 1039 2215 nee

108 2244 208 2304 sciunt
242 2242 281 2305 de
305 2238 404 2304 causis
427 2239 531 2303 arduis
561 2238 711 2322 judicare3
743 2237 799 2303 sed
832 2251 939 2302 contra
974 2241 1033 2304 hoc

109 2331 256 2415 seriptum
280 2330 401 2406 scribat,
424 2330 449 2393 si
473 2327 575 2403 auden
600 2341 630 2391 et
654 2326 798 2405 inueniet,
832 2347 894 2391 non
929 2328 1032 2393 solum

111 2439 173 2497 me,
195 2420 247 2504 qui
270 2418 402 2482 aliorum
424 2437 494 2482 sunt
519 2416 677 2491 minimus,
706 2414 761 2480 sed
796 2415 909 2481 multos
943 2417 1032 2491 alios,

113 2507 166 2591 qui
189 2507 321 2571 ueritatis
344 2518 415 2570 sunt
436 2506 580 2582 cultures,
603 2525 658 2591 per
681 2524 759 2590 quos
782 2503 848 2589 ejus
864 2506 960 2570 errori
985 2526 1033 2569 re-

111 2597 235 2661 sistetur
258 2596 305 2661 vel
329 2596 519 2681 ignorantiae
542 2593 730 2659 consuletur.
