2484 3975
823 89 836 124 χ
896 103 900 109 .

474 204 530 248 ιιι.
556 204 593 246 ιι.
617 202 681 248 cir.
706 201 751 244 ιι.
1000 179 1065 245 995

144 273 344 338 immobiliter
368 272 493 337 iertur
487 295 517 336 in
541 271 668 358 aliquid.
701 270 756 338 scd
794 292 811 334 a
850 269 932 335 bono
968 285 1067 356 potest

144 365 277 448 peruerti
302 365 333 427 in
356 361 472 426 malurn
508 375 577 425 eta
609 359 693 426 malo
727 359 877 424 retlun‘t
870 380 901 424 m
940 358 1067 435 botrum,

143 451 223 516 sicut
258 453 350 515 ctiam
387 451 417 513 in
456 449 589 514 bominis
626 449 744 512 ratione
781 447 940 531 contingit,
976 467 1066 532 quae,
1108 463 1111 476 ·

143 541 218 641 quia
241 559 278 604 ex
302 530 498 604 sensibilibus
521 551 552 602 et
575 557 630 623 per
653 539 740 622 signa
763 535 915 622 quaedam
944 537 1066 638 colligit

143 631 317 707 raritatem,
341 630 422 692 riam
447 627 538 691 babet
565 625 603 690 ιιι
639 640 804 710 utrumqne
843 625 1065 713 oppositorum.

141 718 280 801 Angelus
301 713 416 794 auteur,
438 716 516 780 sicut
550 715 644 780 babet
667 713 858 780 immobilem
892 714 1066 800 apprehen

141 808 275 884 sionem,
300 807 372 892 quia
396 825 451 892 per
472 804 644 889 simplicem
663 802 849 868 intellectum
865 801 1066 903 immobiliter

141 896 311 979 cognoscit,
334 896 375 958 ita
402 895 494 957 etiam
530 892 622 956 babet
646 891 837 956 inimobilem
872 891 1065 969 electionem3

140 983 226 1046 anile
251 982 354 1047 reim
381 982 498 1047 malum
532 984 661 1044 ornninu
685 1001 746 1046 rron
771 980 878 1060 icrtur,
901 980 959 1056 rel,
984 981 1008 1044 si
1034 981 1065 1044 in

141 1073 261 1135 rnatum
286 1070 409 1142 seratur,
433 1069 633 1134 iurmobiliter
657 1067 762 1146 lertun
786 1069 870 1134 unde
895 1067 961 1154 ejus
996 1087 1064 1156 pec·

143 1174 248 1224 catum
273 1159 427 1246 expiabile
447 1179 515 1224 esse
537 1179 603 1222 non·
625 1172 733 1245 potest.
763 1157 843 1223 Cum
864 1158 958 1243 igitur
979 1179 1066 1244 prae·

142 1250 232 1334 cipue
255 1269 346 1312 causa
370 1248 510 1312 videatur
537 1248 661 1311 (livinae
693 1247 914 1314 incarnationis-
932 1247 1065 1334 expiatio

140 1351 351 1422 pcccatorum,
373 1350 405 1401 ut
427 1357 464 1400 cx
487 1336 651 1421 Scripturis
675 1335 785 1400 divinis
806 1335 968 1414 docemur,
990 1357 1064 1401 con·

139 1426 302 1508 gruentius
323 1425 381 1489 luit
403 1427 573 1490 humanam
597 1439 740 1488 naturam
763 1445 857 1510 quam
890 1423 1062 1509 angelicam

140 1515 255 1578 assumi
280 1536 296 1579 a
321 1515 398 1578 Deo.
423 1551 465 1564 »-
488 1512 644 1590 Secundo,
671 1514 742 1598 quia
776 1514 944 1599 assumptio
978 1533 1064 1578 crea-

141 1617 230 1667 turae
253 1625 270 1669 a
293 1603 361 1668 Deo
384 1610 485 1667 estin
515 1623 659 1688 persona,
683 1623 744 1666 non
768 1603 798 1665 in
823 1602 942 1680 natura,
969 1619 1003 1666 ur
1027 1623 1063 1668 er

62 1717 68 1734 ·
140 1691 352 1778 superioribus
377 1705 468 1778 patet.
485 1690 727 1756 conuenientius
740 1691 833 1776 igitur
846 1704 1001 1776 assumpta
1018 1708 1064 1756 est

141 1779 276 1844 bominis
304 1797 413 1844 natura
450 1800 544 1866 quam
583 1778 731 1863 angelica,
768 1780 840 1866 qnia
875 1779 905 1844 in
937 1779 1064 1844 bomine

143 1868 227 1933 aliud
250 1883 296 1933 est
318 1883 426 1933 natura
453 1884 486 1932 et
509 1868 592 1933 aliud
616 1889 758 1953 persona,
781 1889 851 1932 euni
876 1867 914 1932 sit
937 1887 973 1932 er
997 1889 1063 1934 rna-

141 1957 216 2022 teria
240 1972 270 2023 et
293 1957 391 2023 lormu
414 1958 613 2043 compositus;
645 1977 707 2022 non
742 1971 849 2023 autern
870 1957 902 2022 in
936 1958 1063 2043 angelo,

140 2067 196 2131 qur
186 2046 416 2111 immaterialis
437 2060 493 2112 esu
509 2046 682 2124 *Tertio
703 2048 775 2133 quia
797 2046 941 2131 Angelus,
953 2068 1063 2115 scerin-

138 2138 214 2203 dum
240 2137 464 2223 proprietatem
481 2156 561 2200 susc
588 2150 728 2215 arnonae,
762 2136 966 2235 propinquior
996 2154 1061 2203 erat

139 2224 178 2287 ad
201 2224 306 2288 Deum
333 2224 582 2308 cognoscentium
616 2244 712 2307 guam
747 2225 851 2298 bomo,
888 2224 978 2309 cujus
1009 2246 1062 2291 co-

138 2312 238 2396 gnitio
258 2334 274 2377 a
297 2334 395 2377 sensu
413 2313 522 2377 oritur
536 2310 733 2378 sufficiebat
727 2316 819 2397 rgittn
831 2314 913 2413 quod
928 2316 1060 2398 Angelus

138 2401 247 2465 alico
271 2401 529 2486 intelligibiliter
524 2415 725 2466 instrueretur
748 2401 930 2466 decoritate
946 2402 1059 2481 divina3

138 2491 197 2553 sed
216 2490 351 2556 conditio
375 2492 511 2555 bominis
531 2490 707 2591 requirebat
725 2504 758 2553 ut
772 2490 855 2555 Deus
876 2491 1061 2557 sensibiliter

136 2578 305 2644 hominem
322 2580 363 2643 de
383 2579 486 2665 scipso
516 2578 643 2642 bomine
674 2580 848 2655 instruerer
881 2579 965 2663 prou
1005 2600 1060 2667 per

137 2666 381 2732 incarnationem
404 2683 450 2733 est
477 2666 607 2732 lactum
632 2668 704 2751 ipsa
723 2670 817 2730 eriam
839 2666 980 2735 distantia
1005 2678 1059 2735 tro·

137 2756 269 2821 ruinisa
296 2756 363 2820 lico
397 2757 496 2840 magis
519 2774 692 2840 repugnare
729 2754 888 2820 vilebatur
923 2757 1058 2823 ιιιιιιιοιιι

137 2843 269 2945 diritate
293 2857 323 2909 et
346 2844 416 2909 ideo
439 2846 538 2929 magis
554 2846 683 2927 indiguit
707 2844 802 2911 bomo
818 2864 911 2933 quarn
927 2844 1060 2947 Angelus

136 2935 256 2997 assumi:
274 2955 297 2997 a
315 2933 407 3011 lico,
415 2933 455 2998 ad
484 2953 577 3019 ment
594 2936 635 2996 tle
659 2933 847 2997 beatitudine
880 2937 1056 3035 concipien-

136 3020 225 3086 dam..
243 3022 346 3087 lionis
366 3023 477 3097 etiarny
496 3043 568 3086 cunr
591 3023 630 3085 sit
662 3017 872 3087 creuumarnm
896 3026 1056 3102 terminus,

135 3110 222 3195 quasi
246 3131 359 3175 omncs
375 3110 467 3175 alias
494 3126 648 3175 creaturas
684 3110 815 3177 traturali
848 3114 1055 3212 generationis

136 3199 245 3265 ordine
258 3219 542 3300 praesupponenr,
564 3200 789 3264 conuenienter
818 3203 918 3285 primo
948 3222 1052 3266 rorum

136 3288 288 3374 principio
309 3304 426 3365 camur,
445 3289 540 3352 eriam
562 3302 599 3351 ut
616 3291 750 3374 quadarn
774 3289 971 3355 circulatione
987 3312 1056 3377 per·

66 3415 77 3440 .
136 3378 229 3441 lectio
252 3397 356 3441 rerum
380 3376 590 3441 concludatur

154 3465 247 3537 Ea
265 3467 326 3534 boe
348 3471 440 3533 etiam
474 3467 559 3551 quod
591 3465 676 3530 Deus
711 3465 880 3545 itomanam
914 3480 1056 3535 naturam

181 3551 212 3619 S.
246 3554 300 3619 rt.
327 3553 470 3619 Snrmnac
493 3554 573 3617 Prot.
601 3555 632 3621 V.
657 3555 686 3619 5.
928 3552 968 3622 lb
