2484 3975
228 197 291 292 m
525 212 858 264 mmmmm

515 370 691 440 CAPUT
728 373 862 440 XXXlll.

267 550 317 620 De
339 570 443 618 errore
465 551 660 636 Apollinaris
682 554 812 620 meantis
847 551 984 616 animum
1009 552 1157 618 rationo·

313 644 448 707 lemnon
468 641 564 725 luisse
585 643 619 706 itt
644 643 775 721 Christo,
797 653 828 707 ει
848 641 887 704 de
909 661 1014 705 errore
1040 642 1155 728 louqe-

311 732 360 795 nio
390 732 519 795 dicentis
556 732 696 798 animant
737 734 852 799 Christi
889 741 962 795 oute
1000 732 1157 798 montium

310 821 406 904 (visse
429 831 579 886 oreotom.

290 995 342 1061 llis
377 1009 480 1062 autem
521 995 707 1062 testimoniis
742 997 928 1083 evangelicis
965 995 1155 1084 Apollinaris

134 1098 137 1106 ⁴
223 1085 390 1162 convietus,
406 1084 564 1150 ooniessus
580 1099 629 1150 est
640 1087 672 1151 iu
688 1085 810 1153 Christo
821 1088 956 1152 animam
972 1086 1155 1154 sensitivam

223 1171 329 1251 luisse,
352 1187 454 1238 tamen
479 1175 547 1239 sine
574 1189 680 1240 mente
713 1189 744 1242 et
778 1176 946 1254 intellectu,
985 1179 1024 1240 ita
1062 1169 1154 1261 quod

224 1261 361 1329 Verbum
385 1263 442 1327 Dei
467 1262 557 1328 luerit
580 1262 623 1328 illl
646 1263 768 1330 animae
800 1265 869 1330 looo
907 1263 1081 1330 intellectus
1120 1278 1154 1329 et

222 1355 345 1416 meotis.
369 1351 430 1416 Sed
455 1372 512 1416 neo
535 1353 595 1418 hoo
609 1351 774 1420 sollicitati
798 1353 1044 1420 inconvenientia
1061 1373 1155 1438 prae·

222 1439 301 1505 tliota
326 1441 459 1506 vitantia.
875 1500 879 1508 .
1218 1510 1219 1531 χ

290 1529 390 1594 Homo
413 1531 496 1593 enim
519 1529 655 1616 speeiem
677 1531 803 1596 sortitur
825 1531 994 1596 humanam
1017 1549 1055 1595 ex
1089 1530 1152 1594 hoo
1218 1538 1219 1547 ’

224 1619 308 1705 quotl
333 1633 469 1683 mentem
493 1619 662 1684 humanam
687 1632 718 1683 et
739 1621 891 1686 nationem
915 1622 1018 1686 hahet.
1041 1618 1073 1683 Si
1090 1620 1151 1701 igi-

226 1724 277 1772 tut·
299 1706 437 1773 Cluistus
462 1707 522 1772 hoo
545 1727 607 1772 uon
623 1707 749 1786 habuit,
772 1729 862 1774 vetus
885 1710 980 1774 homo
1003 1730 1065 1774 non
1090 1708 1151 1772 luit

223 1817 280 1862 nea
303 1796 443 1880 ejusdem
465 1797 579 1882 speciei
593 1797 764 1862 nobiseum.
781 1799 1003 1864 hnimaoutem
1027 1798 1150 1866 vatione

223 1905 332 1950 varens
355 1885 393 1950 ad
417 1885 508 1950 aliam
532 1885 668 1971 speeiem
686 1887 817 1971 pertinet
840 1898 933 1972 quant
958 1888 1068 1952 anima.
1098 1907 1149 1950 va·

223 1974 338 2041 tionem
374 1975 502 2050 hahens,
539 1975 687 2049 etenim,
709 1974 882 2042 seeundum
917 1975 1149 2062 Philosophum
1217 1976 1218 1992 l

221 2064 414 2151 (Metaphys.‚
452 2062 485 2141 8‚'
506 2075 577 2127 text.
612 2084 727 2128 comm.
756 2066 823 2149 to),
847 2065 958 2131 dieitur
995 2064 1091 2150 quod,
1114 2065 1148 2131 iu

224 2152 465 2218 deffinitionihus
479 2166 509 2217 et
530 2152 701 2237 speciebus,
725 2154 881 2239 quaelihet
903 2154 1074 2220 differentia
1098 2175 1150 2218 es·

223 2243 359 2307 soutialis
384 2242 490 2307 addita*
512 2241 559 2305 vel
583 2241 738 2307 subtracta
762 2244 858 2306 variat
884 2246 1031 2328 speeiem.
1064 2244 1147 2308 siout

224 2333 257 2395 in
282 2334 419 2397 numeris
443 2331 550 2394 unitas.
579 2329 740 2395 Rationale
764 2346 867 2396 autem
891 2345 938 2396 est
971 2331 1145 2397 dillereutia

220 2420 374 2506 specifica.
399 2422 430 2485 Si
454 2419 546 2503 igitur
569 2417 601 2482 iu
624 2417 744 2485 Christo
775 2416 832 2484 luit
866 2420 969 2485 anima
998 2420 1145 2485 sensitiva

220 2511 287 2574 sine
310 2510 438 2587 ratione,
461 2527 523 2573 nou
549 2504 603 2573 luit
627 2506 769 2591 ejusdem
791 2509 905 2595 speciei
943 2529 1015 2577 eum
1039 2508 1144 2573 anima
1216 2511 1217 2518 ’

222 2613 335 2677 nostra,
360 2617 439 2685 quae
462 2610 508 2661 est
531 2596 683 2661 rationem
709 2596 837 2661 hahens.
861 2596 924 2663 Neo
946 2598 1013 2684 ipse
1050 2598 1146 2682 igitur

221 2685 359 2753 Chvistus
382 2687 439 2751 luit
461 2684 602 2769 ejusdem
623 2684 739 2768 speciei
760 2685 934 2752 nobiseum.

287 2777 404 2854 Adhuo,
429 2776 510 2839 luter
532 2776 612 2861 ipsas
635 2773 755 2839 animas
777 2776 937 2841 sensitivas
960 2775 1145 2841 vatioueoa·

221 2878 323 2931 ventes
347 2866 506 2930 diversitas
529 2860 703 2929 seeundum
725 2863 861 2947 speeiem
898 2864 1024 2941 evittit3
1058 2864 1145 2951 quad

220 2965 304 3041 patet
327 2975 364 3019 ex
386 2951 571 3019 animalibus
594 2950 834 3031 inrationalibus,
857 2972 937 3038 quae
960 2954 1145 3019 abinvicem

220 3042 334 3130 speciei
357 3042 514 3113 differunt,
537 3059 671 3125 quorum
695 3052 799 3105 tamen
825 3041 1071 3127 unumquodque
1094 3063 1145 3107 se-

221 3130 360 3199 cuudum
384 3129 542 3217 propriam
565 3128 702 3193 animam
725 3129 860 3213 speeiem
886 3131 987 3195 hahet.
1012 3131 1064 3197 Sia
1086 3131 1146 3216 igi·

221 3234 272 3287 tur
296 3224 397 3286 anima
421 3218 565 3284 sensitiva
587 3220 707 3282 votione
730 3236 842 3283 cavens
865 3231 911 3283 est
933 3220 1020 3305 quasi
1047 3238 1146 3285 unum

220 3328 320 3396 genus
342 3310 400 3376 sub
424 3328 457 3373 se
480 3307 584 3393 plures
607 3307 725 3390 speeies
748 3308 1027 3393 comprehendens.
1051 3306 1144 3393 ,uiuit

221 3412 326 3463 autem
351 3400 587 3479 eslingensis
617 3393 703 3480 quod
726 3414 787 3461 non
810 3399 849 3460 tit
884 3398 915 3461 in
942 3397 1043 3483 aliqua
1078 3396 1146 3481 ejus

220 3488 334 3573 speeie.
357 3485 389 3552 Si
413 3486 505 3571 igitur
526 3482 631 3551 anima
654 3481 767 3550 Christi
789 3482 846 3551 luit
869 3485 1145 3572 ingenerean'uua
