<?xml version="1.0" encoding="UTF-8"?>
<!DOCTYPE html PUBLIC "-//W3C//DTD XHTML 1.0 Transitional//EN"
    "http://www.w3.org/TR/xhtml1/DTD/xhtml1-transitional.dtd">
<html xmlns="http://www.w3.org/1999/xhtml" xml:lang="en" lang="en">
 <head>
  <title>
</title>
<meta http-equiv="Content-Type" content="text/html;charset=utf-8" />
  <meta name='ocr-system' content='tesseract 3.04.00' />
  <meta name='ocr-capabilities' content='ocr_page ocr_carea ocr_par ocr_line ocrx_word'/>
</head>
<body>
  <div class='ocr_page' id='page_1' title='image "./sanctithomaeaqu01thomgoog_0163.png"; bbox 0 0 2484 3975; ppageno 0'>
   <div class='ocr_carea' id='block_1_1' title="bbox 82 219 1012 1903">
    <p class='ocr_par' dir='ltr' id='par_1_1' title="bbox 397 219 1002 289">
     <span class='ocr_line' id='line_1_1' title="bbox 397 219 1002 289; baseline 0.003 -3"><span class='ocrx_word' id='word_1_1' title='bbox 397 242 453 289; x_wconf 83' lang='lat' dir='ltr'>tro.</span> <span class='ocrx_word' id='word_1_2' title='bbox 476 243 515 289; x_wconf 84' lang='lat' dir='ltr'>tv.</span> <span class='ocrx_word' id='word_1_3' title='bbox 539 242 602 288; x_wconf 81' lang='lat' dir='ltr'>car.</span> <span class='ocrx_word' id='word_1_4' title='bbox 627 243 712 288; x_wconf 80' lang='lat' dir='ltr'>xxxv.</span> <span class='ocrx_word' id='word_1_5' title='bbox 939 219 1002 288; x_wconf 79' lang='lat' dir='ltr'>tte</span> 
     </span>
    </p>

    <p class='ocr_par' dir='ltr' id='par_1_2' title="bbox 82 309 1012 1903">
     <span class='ocr_line' id='line_1_2' title="bbox 151 309 1006 398; baseline 0.001 -22"><span class='ocrx_word' id='word_1_6' title='bbox 151 311 238 387; x_wconf 86' lang='lat' dir='ltr'>item,</span> <span class='ocrx_word' id='word_1_7' title='bbox 262 309 376 376; x_wconf 85' lang='lat' dir='ltr'>Natura</span> <span class='ocrx_word' id='word_1_8' title='bbox 407 325 452 376; x_wconf 92' lang='lat' dir='ltr'>est</span> <span class='ocrx_word' id='word_1_9' title='bbox 486 311 657 377; x_wconf 86' lang='lat' dir='ltr'>seeundum</span> <span class='ocrx_word' id='word_1_10' title='bbox 691 331 786 398; x_wconf 87' lang='lat' dir='ltr'>quam</span> <span class='ocrx_word' id='word_1_11' title='bbox 819 331 868 376; x_wconf 84' lang='lat' dir='ltr'>res</span> <span class='ocrx_word' id='word_1_12' title='bbox 903 310 1006 398; x_wconf 89' lang='lat' dir='ltr'>aliqua</span> 
     </span>
     <span class='ocr_line' id='line_1_3' title="bbox 84 399 1008 491; baseline -0.002 -25"><span class='ocrx_word' id='word_1_13' title='bbox 84 401 196 467; x_wconf 88' lang='lat' dir='ltr'>dieitur</span> <span class='ocrx_word' id='word_1_14' title='bbox 217 422 266 466; x_wconf 90' lang='lat' dir='ltr'>res</span> <span class='ocrx_word' id='word_1_15' title='bbox 289 400 446 466; x_wconf 89' lang='lat' dir='ltr'>naturalis.</span> <span class='ocrx_word' id='word_1_16' title='bbox 471 399 589 466; x_wconf 77' lang='lat' dir='ltr'>Dicitur</span> <span class='ocrx_word' id='word_1_17' title='bbox 612 414 715 491; x_wconf 64' lang='lat' dir='ltr'>auqem</span> <span class='ocrx_word' id='word_1_18' title='bbox 740 420 788 464; x_wconf 88' lang='lat' dir='ltr'>res</span> <span class='ocrx_word' id='word_1_19' title='bbox 807 399 953 464; x_wconf 82' lang='lat' dir='ltr'>naturalis</span> <span class='ocrx_word' id='word_1_20' title='bbox 969 421 1008 464; x_wconf 81' lang='lat' dir='ltr'>ex</span> 
     </span>
     <span class='ocr_line' id='line_1_4' title="bbox 84 487 1006 575; baseline 0 -21"><span class='ocrx_word' id='word_1_21' title='bbox 84 491 146 554; x_wconf 89' lang='lat' dir='ltr'>hoc</span> <span class='ocrx_word' id='word_1_22' title='bbox 167 489 250 575; x_wconf 90' lang='lat' dir='ltr'>quod</span> <span class='ocrx_word' id='word_1_23' title='bbox 276 490 369 554; x_wconf 85' lang='lat' dir='ltr'>habet</span> <span class='ocrx_word' id='word_1_24' title='bbox 391 488 537 568; x_wconf 85' lang='lat' dir='ltr'>sormam,</span> <span class='ocrx_word' id='word_1_25' title='bbox 570 488 649 553; x_wconf 86' lang='lat' dir='ltr'>sieut</span> <span class='ocrx_word' id='word_1_26' title='bbox 683 502 714 552; x_wconf 91' lang='lat' dir='ltr'>et</span> <span class='ocrx_word' id='word_1_27' title='bbox 747 508 797 552; x_wconf 86' lang='lat' dir='ltr'>res</span> <span class='ocrx_word' id='word_1_28' title='bbox 831 487 1006 565; x_wconf 66' lang='lat' dir='ltr'>artificiafiu</span> 
     </span>
     <span class='ocr_line' id='line_1_5' title="bbox 84 575 1007 662; baseline 0 -20"><span class='ocrx_word' id='word_1_29' title='bbox 84 599 148 642; x_wconf 90' lang='lat' dir='ltr'>non</span> <span class='ocrx_word' id='word_1_30' title='bbox 172 581 255 642; x_wconf 92' lang='lat' dir='ltr'>enim</span> <span class='ocrx_word' id='word_1_31' title='bbox 279 578 389 642; x_wconf 89' lang='lat' dir='ltr'>dicitur</span> <span class='ocrx_word' id='word_1_32' title='bbox 412 578 523 643; x_wconf 92' lang='lat' dir='ltr'>domus</span> <span class='ocrx_word' id='word_1_33' title='bbox 547 589 714 662; x_wconf 73' lang='lat' dir='ltr'><strong>antequam</strong></span> <span class='ocrx_word' id='word_1_34' title='bbox 738 575 851 641; x_wconf 87' lang='lat' dir='ltr'>habeat</span> <span class='ocrx_word' id='word_1_35' title='bbox 875 575 1007 642; x_wconf 85' lang='lat' dir='ltr'>formam</span> 
     </span>
     <span class='ocr_line' id='line_1_6' title="bbox 84 664 1009 750; baseline 0 -20"><span class='ocrx_word' id='word_1_36' title='bbox 84 680 214 732; x_wconf 86' lang='lat' dir='ltr'>naturae</span> <span class='ocrx_word' id='word_1_37' title='bbox 236 687 319 732; x_wconf 87' lang='lat' dir='ltr'>suae.</span> <span class='ocrx_word' id='word_1_38' title='bbox 345 666 456 731; x_wconf 87' lang='lat' dir='ltr'>Forma</span> <span class='ocrx_word' id='word_1_39' title='bbox 480 667 572 750; x_wconf 79' lang='lat' dir='ltr'>igitur</span> <span class='ocrx_word' id='word_1_40' title='bbox 599 667 643 730; x_wconf 88' lang='lat' dir='ltr'>rei</span> <span class='ocrx_word' id='word_1_41' title='bbox 677 665 824 730; x_wconf 79' lang='lat' dir='ltr'>naturalis</span> <span class='ocrx_word' id='word_1_42' title='bbox 861 680 908 731; x_wconf 90' lang='lat' dir='ltr'>est</span> <span class='ocrx_word' id='word_1_43' title='bbox 941 664 1009 750; x_wconf 83' lang='lat' dir='ltr'>ejus</span> 
     </span>
     <span class='ocr_line' id='line_1_7' title="bbox 85 753 1011 840; baseline 0.001 -22"><span class='ocrx_word' id='word_1_44' title='bbox 85 769 205 820; x_wconf 84' lang='lat' dir='ltr'>natura.</span> <span class='ocrx_word' id='word_1_45' title='bbox 230 753 359 840; x_wconf 77' lang='lat' dir='ltr'><strong>Oportet</strong></span> <span class='ocrx_word' id='word_1_46' title='bbox 382 775 458 839; x_wconf 77' lang='lat' dir='ltr'>crgo</span> <span class='ocrx_word' id='word_1_47' title='bbox 480 755 585 820; x_wconf 81' lang='lat' dir='ltr'>dicere</span> <span class='ocrx_word' id='word_1_48' title='bbox 618 753 703 840; x_wconf 94' lang='lat' dir='ltr'>quod</span> <span class='ocrx_word' id='word_1_49' title='bbox 725 754 757 818; x_wconf 92' lang='lat' dir='ltr'>in</span> <span class='ocrx_word' id='word_1_50' title='bbox 793 753 914 818; x_wconf 85' lang='lat' dir='ltr'>Christo</span> <span class='ocrx_word' id='word_1_51' title='bbox 947 755 1011 820; x_wconf 86' lang='lat' dir='ltr'>sint</span> 
     </span>
     <span class='ocr_line' id='line_1_8' title="bbox 84 842 1009 930; baseline 0.001 -23"><span class='ocrx_word' id='word_1_52' title='bbox 84 843 166 908; x_wconf 87' lang='lat' dir='ltr'>duae</span> <span class='ocrx_word' id='word_1_53' title='bbox 205 842 334 920; x_wconf 78' lang='lat' dir='ltr'>formae,</span> <span class='ocrx_word' id='word_1_54' title='bbox 372 844 463 908; x_wconf 88' lang='lat' dir='ltr'>etiam</span> <span class='ocrx_word' id='word_1_55' title='bbox 502 858 570 930; x_wconf 89' lang='lat' dir='ltr'>post</span> <span class='ocrx_word' id='word_1_56' title='bbox 604 844 774 908; x_wconf 87' lang='lat' dir='ltr'>unionem.</span> <span class='ocrx_word' id='word_1_57' title='bbox 812 842 892 928; x_wconf 74' lang='lat' dir='ltr'>Dicit</span> <span class='ocrx_word' id='word_1_58' title='bbox 925 843 1009 908; x_wconf 89' lang='lat' dir='ltr'>enim</span> 
     </span>
     <span class='ocr_line' id='line_1_9' title="bbox 85 931 1012 1018; baseline 0.001 -23"><span class='ocrx_word' id='word_1_59' title='bbox 85 931 249 1018; x_wconf 71' lang='lat' dir='ltr'><strong>Apostolus</strong></span> <span class='ocrx_word' id='word_1_60' title='bbox 273 932 312 996; x_wconf 88' lang='lat' dir='ltr'>de</span> <span class='ocrx_word' id='word_1_61' title='bbox 335 931 454 997; x_wconf 84' lang='lat' dir='ltr'>Christo</span> <span class='ocrx_word' id='word_1_62' title='bbox 476 933 548 998; x_wconf 79' lang='lat' dir='ltr'>iesu</span> <span class='ocrx_word' id='word_1_63' title='bbox 572 932 666 1016; x_wconf 86' lang='lat' dir='ltr'>quod,</span> <span class='ocrx_word' id='word_1_64' title='bbox 689 953 759 996; x_wconf 77' lang='lat' dir='ltr'>carm</span> <span class='ocrx_word' id='word_1_65' title='bbox 780 933 813 994; x_wconf 84' lang='lat' dir='ltr'>itt</span> <span class='ocrx_word' id='word_1_66' title='bbox 834 932 938 1014; x_wconf 74' lang='lat' dir='ltr'>[ormo</span> <span class='ocrx_word' id='word_1_67' title='bbox 951 932 1012 996; x_wconf 87' lang='lat' dir='ltr'>Dei</span> 
     </span>
     <span class='ocr_line' id='line_1_10' title="bbox 85 1019 1011 1107; baseline 0 -23"><span class='ocrx_word' id='word_1_68' title='bbox 85 1034 214 1098; x_wconf 74' lang='lat' dir='ltr'>essct...,-</span> <span class='ocrx_word' id='word_1_69' title='bbox 231 1021 364 1104; x_wconf 73' lang='lat' dir='ltr'>(ormam</span> <span class='ocrx_word' id='word_1_70' title='bbox 386 1022 467 1086; x_wconf 76' lang='lat' dir='ltr'>serui</span> <span class='ocrx_word' id='word_1_71' title='bbox 489 1022 615 1103; x_wconf 81' lang='lat' dir='ltr'>occepit,</span> <span class='ocrx_word' id='word_1_72' title='bbox 639 1020 785 1107; x_wconf 77' lang='lat' dir='ltr'>Philipp,</span> <span class='ocrx_word' id='word_1_73' title='bbox 807 1021 839 1098; x_wconf 53' lang='grc' dir='ltr'>ἢ,</span> <span class='ocrx_word' id='word_1_74' title='bbox 855 1020 925 1086; x_wconf 90' lang='grc'><strong>6-7.</strong></span> <span class='ocrx_word' id='word_1_75' title='bbox 940 1019 1011 1085; x_wconf 89' lang='lat' dir='ltr'>Non</span> 
     </span>
     <span class='ocr_line' id='line_1_11' title="bbox 87 1107 1010 1196; baseline 0 -24"><span class='ocrx_word' id='word_1_76' title='bbox 87 1123 193 1174; x_wconf 88' lang='lat' dir='ltr'>autem</span> <span class='ocrx_word' id='word_1_77' title='bbox 216 1122 315 1193; x_wconf 91' lang='lat' dir='ltr'>potest</span> <span class='ocrx_word' id='word_1_78' title='bbox 337 1109 395 1174; x_wconf 91' lang='lat' dir='ltr'>dici</span> <span class='ocrx_word' id='word_1_79' title='bbox 419 1110 502 1196; x_wconf 91' lang='lat' dir='ltr'>quod</span> <span class='ocrx_word' id='word_1_80' title='bbox 530 1111 569 1174; x_wconf 89' lang='lat' dir='ltr'>sit</span> <span class='ocrx_word' id='word_1_81' title='bbox 602 1108 712 1174; x_wconf 89' lang='lat' dir='ltr'>eadem</span> <span class='ocrx_word' id='word_1_82' title='bbox 751 1107 850 1174; x_wconf 78' lang='lat' dir='ltr'>forma</span> <span class='ocrx_word' id='word_1_83' title='bbox 886 1109 942 1173; x_wconf 84' lang='lat' dir='ltr'>Dei</span> <span class='ocrx_word' id='word_1_84' title='bbox 977 1122 1010 1174; x_wconf 89' lang='lat' dir='ltr'>et</span> 
     </span>
     <span class='ocr_line' id='line_1_12' title="bbox 88 1196 1009 1284; baseline 0.001 -23"><span class='ocrx_word' id='word_1_85' title='bbox 88 1196 189 1263; x_wconf 77' lang='lat' dir='ltr'>souma</span> <span class='ocrx_word' id='word_1_86' title='bbox 211 1199 302 1275; x_wconf 85' lang='lat' dir='ltr'>servi;</span> <span class='ocrx_word' id='word_1_87' title='bbox 324 1198 399 1263; x_wconf 87' lang='lat' dir='ltr'>nihil</span> <span class='ocrx_word' id='word_1_88' title='bbox 421 1201 504 1264; x_wconf 88' lang='lat' dir='ltr'>enim</span> <span class='ocrx_word' id='word_1_89' title='bbox 528 1199 639 1282; x_wconf 90' lang='lat' dir='ltr'>accipit</span> <span class='ocrx_word' id='word_1_90' title='bbox 660 1198 745 1284; x_wconf 90' lang='lat' dir='ltr'>quod</span> <span class='ocrx_word' id='word_1_91' title='bbox 765 1198 829 1284; x_wconf 85' lang='lat' dir='ltr'>jam</span> <span class='ocrx_word' id='word_1_92' title='bbox 854 1198 960 1271; x_wconf 90' lang='lat' dir='ltr'>habet;</span> <span class='ocrx_word' id='word_1_93' title='bbox 974 1211 1009 1262; x_wconf 89' lang='lat' dir='ltr'>et</span> 
     </span>
     <span class='ocr_line' id='line_1_13' title="bbox 87 1286 1010 1366; baseline 0.002 -16"><span class='ocrx_word' id='word_1_94' title='bbox 87 1286 143 1364; x_wconf 90' lang='lat' dir='ltr'>sic,</span> <span class='ocrx_word' id='word_1_95' title='bbox 165 1286 191 1351; x_wconf 92' lang='lat' dir='ltr'>si</span> <span class='ocrx_word' id='word_1_96' title='bbox 213 1287 321 1352; x_wconf 87' lang='lat' dir='ltr'>eadem</span> <span class='ocrx_word' id='word_1_97' title='bbox 345 1299 389 1352; x_wconf 89' lang='lat' dir='ltr'>est</span> <span class='ocrx_word' id='word_1_98' title='bbox 417 1286 515 1353; x_wconf 80' lang='lat' dir='ltr'>forma</span> <span class='ocrx_word' id='word_1_99' title='bbox 549 1287 606 1352; x_wconf 85' lang='lat' dir='ltr'>Dei</span> <span class='ocrx_word' id='word_1_100' title='bbox 631 1300 662 1351; x_wconf 88' lang='lat' dir='ltr'>et</span> <span class='ocrx_word' id='word_1_101' title='bbox 684 1286 782 1352; x_wconf 79' lang='lat' dir='ltr'>forma</span> <span class='ocrx_word' id='word_1_102' title='bbox 821 1287 911 1366; x_wconf 78' lang='lat' dir='ltr'>serui,</span> <span class='ocrx_word' id='word_1_103' title='bbox 935 1307 1010 1352; x_wconf 91' lang='lat' dir='ltr'>cum</span> 
     </span>
     <span class='ocr_line' id='line_1_14' title="bbox 82 1373 1007 1461; baseline 0.001 -21"><span class='ocrx_word' id='word_1_104' title='bbox 82 1373 149 1460; x_wconf 85' lang='lat' dir='ltr'>jam</span> <span class='ocrx_word' id='word_1_105' title='bbox 174 1374 304 1440; x_wconf 84' lang='lat' dir='ltr'>sormam</span> <span class='ocrx_word' id='word_1_106' title='bbox 325 1375 383 1440; x_wconf 83' lang='lat' dir='ltr'>oet</span> <span class='ocrx_word' id='word_1_107' title='bbox 406 1375 573 1454; x_wconf 86' lang='lat' dir='ltr'>habuisset,</span> <span class='ocrx_word' id='word_1_108' title='bbox 597 1396 660 1441; x_wconf 91' lang='lat' dir='ltr'>non</span> <span class='ocrx_word' id='word_1_109' title='bbox 684 1377 849 1461; x_wconf 80' lang='lat' dir='ltr'>accepisset</span> <span class='ocrx_word' id='word_1_110' title='bbox 872 1375 1007 1441; x_wconf 84' lang='lat' dir='ltr'>formam</span> 
     </span>
     <span class='ocr_line' id='line_1_15' title="bbox 85 1463 1010 1551; baseline 0.001 -23"><span class='ocrx_word' id='word_1_111' title='bbox 85 1464 175 1528; x_wconf 82' lang='lat' dir='ltr'>servi.</span> <span class='ocrx_word' id='word_1_112' title='bbox 198 1463 305 1550; x_wconf 82' lang='lat' dir='ltr'><strong>Neque</strong></span> <span class='ocrx_word' id='word_1_113' title='bbox 327 1465 437 1529; x_wconf 90' lang='lat' dir='ltr'>iterum</span> <span class='ocrx_word' id='word_1_114' title='bbox 462 1477 561 1550; x_wconf 88' lang='lat' dir='ltr'>potest</span> <span class='ocrx_word' id='word_1_115' title='bbox 583 1464 643 1528; x_wconf 90' lang='lat' dir='ltr'>dici</span> <span class='ocrx_word' id='word_1_116' title='bbox 666 1465 749 1551; x_wconf 88' lang='lat' dir='ltr'>quod</span> <span class='ocrx_word' id='word_1_117' title='bbox 774 1464 871 1530; x_wconf 78' lang='lat' dir='ltr'>forma</span> <span class='ocrx_word' id='word_1_118' title='bbox 894 1464 952 1528; x_wconf 89' lang='lat' dir='ltr'>Dei</span> <span class='ocrx_word' id='word_1_119' title='bbox 976 1464 1010 1530; x_wconf 90' lang='lat' dir='ltr'>iu</span> 
     </span>
     <span class='ocr_line' id='line_1_16' title="bbox 86 1552 1007 1639; baseline -0.001 -21"><span class='ocrx_word' id='word_1_120' title='bbox 86 1552 205 1618; x_wconf 88' lang='lat' dir='ltr'>Christo</span> <span class='ocrx_word' id='word_1_121' title='bbox 229 1573 284 1638; x_wconf 88' lang='lat' dir='ltr'>per</span> <span class='ocrx_word' id='word_1_122' title='bbox 307 1553 453 1618; x_wconf 90' lang='lat' dir='ltr'>unionem</span> <span class='ocrx_word' id='word_1_123' title='bbox 477 1555 515 1618; x_wconf 90' lang='lat' dir='ltr'>sit</span> <span class='ocrx_word' id='word_1_124' title='bbox 538 1566 692 1639; x_wconf 89' lang='lat' dir='ltr'>corrupta,</span> <span class='ocrx_word' id='word_1_125' title='bbox 715 1554 786 1639; x_wconf 89' lang='lat' dir='ltr'>quia</span> <span class='ocrx_word' id='word_1_126' title='bbox 809 1552 851 1618; x_wconf 89' lang='lat' dir='ltr'>sic</span> <span class='ocrx_word' id='word_1_127' title='bbox 867 1552 1007 1618; x_wconf 79' lang='lat' dir='ltr'>Christus</span> 
     </span>
     <span class='ocr_line' id='line_1_17' title="bbox 86 1641 1010 1728; baseline 0.001 -23"><span class='ocrx_word' id='word_1_128' title='bbox 86 1655 155 1726; x_wconf 89' lang='lat' dir='ltr'>post</span> <span class='ocrx_word' id='word_1_129' title='bbox 178 1641 325 1706; x_wconf 90' lang='lat' dir='ltr'>unionem</span> <span class='ocrx_word' id='word_1_130' title='bbox 349 1661 411 1707; x_wconf 93' lang='lat' dir='ltr'>non</span> <span class='ocrx_word' id='word_1_131' title='bbox 435 1656 515 1706; x_wconf 89' lang='lat' dir='ltr'>esset</span> <span class='ocrx_word' id='word_1_132' title='bbox 537 1643 633 1706; x_wconf 83' lang='lat' dir='ltr'>Deus.</span> <span class='ocrx_word' id='word_1_133' title='bbox 657 1641 763 1727; x_wconf 88' lang='lat' dir='ltr'><strong>Neque</strong></span> <span class='ocrx_word' id='word_1_134' title='bbox 779 1643 891 1706; x_wconf 86' lang='lat' dir='ltr'>iterum</span> <span class='ocrx_word' id='word_1_135' title='bbox 908 1655 1010 1728; x_wconf 88' lang='lat' dir='ltr'>potest</span> 
     </span>
     <span class='ocr_line' id='line_1_18' title="bbox 87 1729 1009 1816; baseline 0.003 -23"><span class='ocrx_word' id='word_1_136' title='bbox 87 1729 147 1795; x_wconf 92' lang='lat' dir='ltr'>dici</span> <span class='ocrx_word' id='word_1_137' title='bbox 170 1730 254 1816; x_wconf 92' lang='lat' dir='ltr'>quod</span> <span class='ocrx_word' id='word_1_138' title='bbox 277 1729 375 1795; x_wconf 80' lang='lat' dir='ltr'>forma</span> <span class='ocrx_word' id='word_1_139' title='bbox 399 1731 477 1794; x_wconf 84' lang='lat' dir='ltr'>servi</span> <span class='ocrx_word' id='word_1_140' title='bbox 501 1731 538 1795; x_wconf 92' lang='lat' dir='ltr'>sit</span> <span class='ocrx_word' id='word_1_141' title='bbox 562 1744 705 1816; x_wconf 89' lang='lat' dir='ltr'>corrupta</span> <span class='ocrx_word' id='word_1_142' title='bbox 729 1731 760 1795; x_wconf 92' lang='lat' dir='ltr'>iu</span> <span class='ocrx_word' id='word_1_143' title='bbox 783 1732 910 1806; x_wconf 84' lang='lat' dir='ltr'>unione,</span> <span class='ocrx_word' id='word_1_144' title='bbox 934 1733 1009 1815; x_wconf 88' lang='lat' dir='ltr'>quio</span> 
     </span>
     <span class='ocr_line' id='line_1_19' title="bbox 87 1817 1009 1903; baseline 0.001 -21"><span class='ocrx_word' id='word_1_145' title='bbox 87 1819 132 1884; x_wconf 88' lang='lat' dir='ltr'>sic</span> <span class='ocrx_word' id='word_1_146' title='bbox 153 1838 216 1884; x_wconf 90' lang='lat' dir='ltr'>non</span> <span class='ocrx_word' id='word_1_147' title='bbox 239 1819 404 1903; x_wconf 78' lang='lat' dir='ltr'>accepisset</span> <span class='ocrx_word' id='word_1_148' title='bbox 426 1817 558 1885; x_wconf 80' lang='lat' dir='ltr'>formam</span> <span class='ocrx_word' id='word_1_149' title='bbox 581 1821 671 1884; x_wconf 83' lang='lat' dir='ltr'>serui.</span> <span class='ocrx_word' id='word_1_150' title='bbox 702 1819 764 1884; x_wconf 90' lang='lat' dir='ltr'>Sed</span> <span class='ocrx_word' id='word_1_151' title='bbox 787 1839 845 1882; x_wconf 89' lang='lat' dir='ltr'>nco</span> <span class='ocrx_word' id='word_1_152' title='bbox 867 1818 927 1883; x_wconf 91' lang='lat' dir='ltr'>dici</span> <span class='ocrx_word' id='word_1_153' title='bbox 952 1839 1009 1902; x_wconf 93' lang='lat' dir='ltr'>po-</span> 
     </span>
    </p>
   </div>
   <div class='ocr_carea' id='block_1_2' title="bbox 88 1906 1119 1995">
    <p class='ocr_par' dir='ltr' id='par_1_3' title="bbox 88 1906 1119 1995">
     <span class='ocr_line' id='line_1_20' title="bbox 88 1906 1119 1995; baseline -0.001 -23"><span class='ocrx_word' id='word_1_154' title='bbox 88 1920 148 1972; x_wconf 86' lang='lat' dir='ltr'>test</span> <span class='ocrx_word' id='word_1_155' title='bbox 170 1907 253 1995; x_wconf 93' lang='lat' dir='ltr'>quod</span> <span class='ocrx_word' id='word_1_156' title='bbox 288 1906 384 1972; x_wconf 81' lang='lat' dir='ltr'>forma</span> <span class='ocrx_word' id='word_1_157' title='bbox 415 1908 495 1972; x_wconf 85' lang='lat' dir='ltr'>servi</span> <span class='ocrx_word' id='word_1_158' title='bbox 530 1910 567 1973; x_wconf 89' lang='lat' dir='ltr'>sit</span> <span class='ocrx_word' id='word_1_159' title='bbox 601 1908 750 1995; x_wconf 78' lang='lat' dir='ltr'>permixta</span> <span class='ocrx_word' id='word_1_160' title='bbox 784 1907 902 1973; x_wconf 82' lang='lat' dir='ltr'>formae</span> <span class='ocrx_word' id='word_1_161' title='bbox 940 1907 1010 1982; x_wconf 86' lang='lat' dir='ltr'>Dei,</span> <span class='ocrx_word' id='word_1_162' title='bbox 1116 1954 1119 1963; x_wconf 83' lang='lat'><em>.</em></span> 
     </span>
    </p>
   </div>
   <div class='ocr_carea' id='block_1_3' title="bbox 87 1998 1013 3061">
    <p class='ocr_par' dir='ltr' id='par_1_4' title="bbox 87 1998 1011 2527">
     <span class='ocr_line' id='line_1_21' title="bbox 88 1998 1009 2083; baseline 0.003 -22"><span class='ocrx_word' id='word_1_163' title='bbox 88 1998 160 2083; x_wconf 95' lang='lat' dir='ltr'>quia</span> <span class='ocrx_word' id='word_1_164' title='bbox 184 2017 264 2083; x_wconf 89' lang='lat' dir='ltr'>quae</span> <span class='ocrx_word' id='word_1_165' title='bbox 290 1998 512 2083; x_wconf 80' lang='lat' dir='ltr'>permiscentur</span> <span class='ocrx_word' id='word_1_166' title='bbox 538 2018 600 2063; x_wconf 95' lang='lat' dir='ltr'>non</span> <span class='ocrx_word' id='word_1_167' title='bbox 640 2011 767 2063; x_wconf 89' lang='lat' dir='ltr'>manent</span> <span class='ocrx_word' id='word_1_168' title='bbox 800 1998 930 2081; x_wconf 81' lang='lat' dir='ltr'>integro,</span> <span class='ocrx_word' id='word_1_169' title='bbox 952 1998 1009 2064; x_wconf 86' lang='lat' dir='ltr'>sed</span> 
     </span>
     <span class='ocr_line' id='line_1_22' title="bbox 89 2085 1011 2173; baseline 0.002 -22"><span class='ocrx_word' id='word_1_170' title='bbox 89 2086 200 2171; x_wconf 89' lang='lat' dir='ltr'>partim</span> <span class='ocrx_word' id='word_1_171' title='bbox 224 2100 388 2172; x_wconf 87' lang='lat' dir='ltr'>utrumque</span> <span class='ocrx_word' id='word_1_172' title='bbox 421 2087 641 2173; x_wconf 86' lang='lat' dir='ltr'>corrumpitur;</span> <span class='ocrx_word' id='word_1_173' title='bbox 679 2086 762 2151; x_wconf 91' lang='lat' dir='ltr'>unde</span> <span class='ocrx_word' id='word_1_174' title='bbox 795 2106 857 2150; x_wconf 92' lang='lat' dir='ltr'>non</span> <span class='ocrx_word' id='word_1_175' title='bbox 892 2085 1011 2153; x_wconf 83' lang='lat' dir='ltr'>diceret</span> 
     </span>
     <span class='ocr_line' id='line_1_23' title="bbox 87 2174 1009 2261; baseline 0.002 -22"><span class='ocrx_word' id='word_1_176' title='bbox 87 2175 174 2259; x_wconf 91' lang='lat' dir='ltr'>quod</span> <span class='ocrx_word' id='word_1_177' title='bbox 195 2176 362 2261; x_wconf 78' lang='lat' dir='ltr'>accepisset</span> <span class='ocrx_word' id='word_1_178' title='bbox 386 2174 515 2240; x_wconf 85' lang='lat' dir='ltr'>iormam</span> <span class='ocrx_word' id='word_1_179' title='bbox 539 2178 630 2251; x_wconf 85' lang='lat' dir='ltr'>servi,</span> <span class='ocrx_word' id='word_1_180' title='bbox 652 2175 707 2240; x_wconf 83' lang='lat' dir='ltr'>sed</span> <span class='ocrx_word' id='word_1_181' title='bbox 734 2175 848 2260; x_wconf 82' lang='lat' dir='ltr'>aliquid</span> <span class='ocrx_word' id='word_1_182' title='bbox 872 2174 949 2259; x_wconf 83' lang='lat' dir='ltr'>ejus.</span> <span class='ocrx_word' id='word_1_183' title='bbox 973 2176 1009 2241; x_wconf 76' lang='lat' dir='ltr'>Et</span> 
     </span>
     <span class='ocr_line' id='line_1_24' title="bbox 88 2263 1008 2351; baseline 0.002 -24"><span class='ocrx_word' id='word_1_184' title='bbox 88 2264 133 2328; x_wconf 88' lang='lat' dir='ltr'>sie</span> <span class='ocrx_word' id='word_1_185' title='bbox 156 2276 275 2351; x_wconf 85' lang='lat' dir='ltr'>oportet</span> <span class='ocrx_word' id='word_1_186' title='bbox 298 2263 368 2338; x_wconf 89' lang='lat' dir='ltr'>dici,</span> <span class='ocrx_word' id='word_1_187' title='bbox 391 2263 560 2329; x_wconf 87' lang='lat' dir='ltr'>secundum</span> <span class='ocrx_word' id='word_1_188' title='bbox 586 2264 678 2329; x_wconf 86' lang='lat' dir='ltr'>verba</span> <span class='ocrx_word' id='word_1_189' title='bbox 702 2264 850 2350; x_wconf 81' lang='lat' dir='ltr'>Apostoli,</span> <span class='ocrx_word' id='word_1_190' title='bbox 875 2263 958 2348; x_wconf 92' lang='lat' dir='ltr'>quod</span> <span class='ocrx_word' id='word_1_191' title='bbox 975 2265 1008 2329; x_wconf 93' lang='lat' dir='ltr'>in</span> 
     </span>
     <span class='ocr_line' id='line_1_25' title="bbox 88 2350 1008 2438; baseline -0.001 -21"><span class='ocrx_word' id='word_1_192' title='bbox 88 2351 221 2432; x_wconf 85' lang='lat' dir='ltr'>Christo,</span> <span class='ocrx_word' id='word_1_193' title='bbox 243 2352 334 2417; x_wconf 91' lang='lat' dir='ltr'>etiam</span> <span class='ocrx_word' id='word_1_194' title='bbox 358 2366 426 2438; x_wconf 91' lang='lat' dir='ltr'>post</span> <span class='ocrx_word' id='word_1_195' title='bbox 447 2351 606 2427; x_wconf 88' lang='lat' dir='ltr'>unionem,</span> <span class='ocrx_word' id='word_1_196' title='bbox 630 2353 754 2418; x_wconf 86' lang='lat' dir='ltr'>iuerunt</span> <span class='ocrx_word' id='word_1_197' title='bbox 776 2352 856 2417; x_wconf 87' lang='lat' dir='ltr'>duae</span> <span class='ocrx_word' id='word_1_198' title='bbox 878 2350 1008 2430; x_wconf 65' lang='lat' dir='ltr'>formum</span> 
     </span>
     <span class='ocr_line' id='line_1_26' title="bbox 88 2442 432 2527; baseline 0 -22"><span class='ocrx_word' id='word_1_199' title='bbox 88 2462 163 2527; x_wconf 80' lang='lat' dir='ltr'>ergo</span> <span class='ocrx_word' id='word_1_200' title='bbox 187 2442 266 2507; x_wconf 88' lang='lat' dir='ltr'>duae</span> <span class='ocrx_word' id='word_1_201' title='bbox 293 2453 432 2505; x_wconf 88' lang='lat' dir='ltr'>naturae.</span> 
     </span>
    </p>

    <p class='ocr_par' dir='ltr' id='par_1_5' title="bbox 89 2527 1013 3061">
     <span class='ocr_line' id='line_1_27' title="bbox 155 2527 1009 2617; baseline -0.001 -23"><span class='ocrx_word' id='word_1_202' title='bbox 155 2530 305 2617; x_wconf 83' lang='lat' dir='ltr'>Ampiius,</span> <span class='ocrx_word' id='word_1_203' title='bbox 326 2527 446 2594; x_wconf 89' lang='lat' dir='ltr'>Nomen</span> <span class='ocrx_word' id='word_1_204' title='bbox 470 2541 597 2594; x_wconf 88' lang='lat' dir='ltr'>naturae</span> <span class='ocrx_word' id='word_1_205' title='bbox 620 2527 721 2615; x_wconf 87' lang='lat' dir='ltr'>primo</span> <span class='ocrx_word' id='word_1_206' title='bbox 744 2529 922 2615; x_wconf 89' lang='lat' dir='ltr'>impositum</span> <span class='ocrx_word' id='word_1_207' title='bbox 962 2543 1009 2594; x_wconf 88' lang='lat' dir='ltr'>est</span> 
     </span>
     <span class='ocr_line' id='line_1_28' title="bbox 89 2617 1009 2704; baseline -0.001 -20"><span class='ocrx_word' id='word_1_208' title='bbox 89 2618 129 2684; x_wconf 90' lang='lat' dir='ltr'>ad</span> <span class='ocrx_word' id='word_1_209' title='bbox 151 2617 386 2704; x_wconf 81' lang='lat' dir='ltr'>significandum</span> <span class='ocrx_word' id='word_1_210' title='bbox 410 2618 506 2703; x_wconf 91' lang='lat' dir='ltr'>ipsam</span> <span class='ocrx_word' id='word_1_211' title='bbox 538 2619 771 2701; x_wconf 75' lang='lat' dir='ltr'>generationem</span> <span class='ocrx_word' id='word_1_212' title='bbox 804 2617 1009 2696; x_wconf 88' lang='lat' dir='ltr'>nascentium,</span> 
     </span>
     <span class='ocr_line' id='line_1_29' title="bbox 90 2706 1010 2793; baseline 0.001 -20"><span class='ocrx_word' id='word_1_213' title='bbox 90 2721 121 2773; x_wconf 88' lang='lat' dir='ltr'>et</span> <span class='ocrx_word' id='word_1_214' title='bbox 133 2708 242 2773; x_wconf 82' lang='lat' dir='ltr'>exinde</span> <span class='ocrx_word' id='word_1_215' title='bbox 258 2706 439 2772; x_wconf 83' lang='lat' dir='ltr'>translatum</span> <span class='ocrx_word' id='word_1_216' title='bbox 448 2718 495 2770; x_wconf 90' lang='lat' dir='ltr'>est</span> <span class='ocrx_word' id='word_1_217' title='bbox 506 2707 544 2771; x_wconf 91' lang='lat' dir='ltr'>ad</span> <span class='ocrx_word' id='word_1_218' title='bbox 559 2706 796 2790; x_wconf 78' lang='lat' dir='ltr'>significandum</span> <span class='ocrx_word' id='word_1_219' title='bbox 820 2706 1010 2793; x_wconf 86' lang='lat' dir='ltr'>principium</span> 
     </span>
     <span class='ocr_line' id='line_1_30' title="bbox 90 2794 1012 2882; baseline -0.001 -21"><span class='ocrx_word' id='word_1_220' title='bbox 90 2797 295 2882; x_wconf 80' lang='lat' dir='ltr'>generationis</span> <span class='ocrx_word' id='word_1_221' title='bbox 308 2794 495 2880; x_wconf 81' lang='lat' dir='ltr'>hujusmodi,</span> <span class='ocrx_word' id='word_1_222' title='bbox 504 2796 615 2861; x_wconf 91' lang='lat' dir='ltr'>etinde</span> <span class='ocrx_word' id='word_1_223' title='bbox 629 2796 668 2860; x_wconf 92' lang='lat' dir='ltr'>ad</span> <span class='ocrx_word' id='word_1_224' title='bbox 680 2794 916 2878; x_wconf 79' lang='lat' dir='ltr'>significandum</span> <span class='ocrx_word' id='word_1_225' title='bbox 929 2798 1012 2882; x_wconf 90' lang='lat' dir='ltr'>prin·</span> 
     </span>
     <span class='ocr_line' id='line_1_31' title="bbox 90 2883 1012 2971; baseline 0.002 -21"><span class='ocrx_word' id='word_1_226' title='bbox 90 2885 206 2971; x_wconf 91' lang='lat' dir='ltr'>cipium</span> <span class='ocrx_word' id='word_1_227' title='bbox 219 2897 320 2949; x_wconf 87' lang='lat' dir='ltr'>motus</span> <span class='ocrx_word' id='word_1_228' title='bbox 342 2884 540 2949; x_wconf 91' lang='lat' dir='ltr'>intrinsecum</span> <span class='ocrx_word' id='word_1_229' title='bbox 556 2884 674 2962; x_wconf 86' lang='lat' dir='ltr'>mobiii;</span> <span class='ocrx_word' id='word_1_230' title='bbox 689 2897 729 2961; x_wconf 88' lang='lat' dir='ltr'>et,</span> <span class='ocrx_word' id='word_1_231' title='bbox 745 2883 816 2968; x_wconf 87' lang='lat' dir='ltr'>quia</span> <span class='ocrx_word' id='word_1_232' title='bbox 834 2883 1012 2969; x_wconf 85' lang='lat' dir='ltr'>hujusmodi</span> 
     </span>
     <span class='ocr_line' id='line_1_32' title="bbox 90 2974 1013 3061; baseline 0.001 -22"><span class='ocrx_word' id='word_1_233' title='bbox 90 2974 274 3061; x_wconf 87' lang='lat' dir='ltr'>principium</span> <span class='ocrx_word' id='word_1_234' title='bbox 286 2983 332 3038; x_wconf 86' lang='lat' dir='ltr'>est</span> <span class='ocrx_word' id='word_1_235' title='bbox 343 2974 468 3038; x_wconf 89' lang='lat' dir='ltr'>materia</span> <span class='ocrx_word' id='word_1_236' title='bbox 485 2974 533 3040; x_wconf 86' lang='lat' dir='ltr'>vei</span> <span class='ocrx_word' id='word_1_237' title='bbox 546 2974 654 3051; x_wconf 82' lang='lat' dir='ltr'>forma,</span> <span class='ocrx_word' id='word_1_238' title='bbox 672 2974 798 3038; x_wconf 85' lang='lat' dir='ltr'>ulterius</span> <span class='ocrx_word' id='word_1_239' title='bbox 813 2988 921 3039; x_wconf 88' lang='lat' dir='ltr'>natura</span> <span class='ocrx_word' id='word_1_240' title='bbox 936 2974 1013 3040; x_wconf 92' lang='lat' dir='ltr'>dici·</span> 
     </span>
    </p>
   </div>
   <div class='ocr_carea' id='block_1_4' title="bbox 91 3061 1013 3502">
    <p class='ocr_par' dir='ltr' id='par_1_6' title="bbox 91 3061 1013 3502">
     <span class='ocr_line' id='line_1_33' title="bbox 92 3061 1010 3149; baseline 0.002 -22"><span class='ocrx_word' id='word_1_241' title='bbox 92 3076 142 3128; x_wconf 92' lang='lat' dir='ltr'>tur</span> <span class='ocrx_word' id='word_1_242' title='bbox 153 3062 252 3129; x_wconf 81' lang='lat' dir='ltr'>forma</span> <span class='ocrx_word' id='word_1_243' title='bbox 265 3061 313 3126; x_wconf 86' lang='lat' dir='ltr'>tel</span> <span class='ocrx_word' id='word_1_244' title='bbox 331 3062 457 3126; x_wconf 87' lang='lat' dir='ltr'>materia</span> <span class='ocrx_word' id='word_1_245' title='bbox 470 3063 513 3126; x_wconf 90' lang='lat' dir='ltr'>rei</span> <span class='ocrx_word' id='word_1_246' title='bbox 530 3062 676 3128; x_wconf 84' lang='lat' dir='ltr'>traturaiis</span> <span class='ocrx_word' id='word_1_247' title='bbox 689 3062 867 3129; x_wconf 89' lang='lat' dir='ltr'>habentisiu</span> <span class='ocrx_word' id='word_1_248' title='bbox 878 3082 912 3128; x_wconf 90' lang='lat' dir='ltr'>se</span> <span class='ocrx_word' id='word_1_249' title='bbox 925 3064 1010 3149; x_wconf 89' lang='lat' dir='ltr'>prio·</span> 
     </span>
     <span class='ocr_line' id='line_1_34' title="bbox 91 3150 1013 3238; baseline 0.003 -20"><span class='ocrx_word' id='word_1_250' title='bbox 91 3151 204 3238; x_wconf 89' lang='lat' dir='ltr'>cipium</span> <span class='ocrx_word' id='word_1_251' title='bbox 228 3164 339 3227; x_wconf 91' lang='lat' dir='ltr'>motus;</span> <span class='ocrx_word' id='word_1_252' title='bbox 362 3163 402 3228; x_wconf 86' lang='lat' dir='ltr'>et,</span> <span class='ocrx_word' id='word_1_253' title='bbox 435 3152 506 3236; x_wconf 93' lang='lat' dir='ltr'>quia</span> <span class='ocrx_word' id='word_1_254' title='bbox 529 3150 629 3215; x_wconf 85' lang='lat' dir='ltr'>iorma</span> <span class='ocrx_word' id='word_1_255' title='bbox 650 3164 681 3215; x_wconf 88' lang='lat' dir='ltr'>et</span> <span class='ocrx_word' id='word_1_256' title='bbox 703 3153 829 3216; x_wconf 88' lang='lat' dir='ltr'>materia</span> <span class='ocrx_word' id='word_1_257' title='bbox 866 3152 1013 3221; x_wconf 86' lang='lat' dir='ltr'>constitu·</span> 
     </span>
     <span class='ocr_line' id='line_1_35' title="bbox 93 3238 1013 3314; baseline 0.003 -10"><span class='ocrx_word' id='word_1_258' title='bbox 93 3253 148 3305; x_wconf 86' lang='lat' dir='ltr'>unt</span> <span class='ocrx_word' id='word_1_259' title='bbox 160 3241 323 3305; x_wconf 89' lang='lat' dir='ltr'>essentiam</span> <span class='ocrx_word' id='word_1_260' title='bbox 346 3239 390 3304; x_wconf 87' lang='lat' dir='ltr'>rei</span> <span class='ocrx_word' id='word_1_261' title='bbox 404 3238 559 3314; x_wconf 87' lang='lat' dir='ltr'>naturalis,</span> <span class='ocrx_word' id='word_1_262' title='bbox 567 3253 727 3307; x_wconf 84' lang='lat' dir='ltr'>extensum</span> <span class='ocrx_word' id='word_1_263' title='bbox 735 3252 780 3303; x_wconf 86' lang='lat' dir='ltr'>est</span> <span class='ocrx_word' id='word_1_264' title='bbox 791 3262 906 3307; x_wconf 91' lang='lat' dir='ltr'>nomen</span> <span class='ocrx_word' id='word_1_265' title='bbox 925 3256 1013 3307; x_wconf 88' lang='lat' dir='ltr'>natu·</span> 
     </span>
     <span class='ocr_line' id='line_1_36' title="bbox 92 3326 1013 3415; baseline 0.004 -21"><span class='ocrx_word' id='word_1_266' title='bbox 92 3348 145 3394; x_wconf 90' lang='lat' dir='ltr'>rae</span> <span class='ocrx_word' id='word_1_267' title='bbox 167 3328 207 3394; x_wconf 92' lang='lat' dir='ltr'>ad</span> <span class='ocrx_word' id='word_1_268' title='bbox 229 3326 465 3413; x_wconf 77' lang='lat' dir='ltr'>significandum</span> <span class='ocrx_word' id='word_1_269' title='bbox 489 3330 653 3393; x_wconf 87' lang='lat' dir='ltr'>essentiam</span> <span class='ocrx_word' id='word_1_270' title='bbox 676 3326 899 3415; x_wconf 85' lang='lat' dir='ltr'>cujuscumque</span> <span class='ocrx_word' id='word_1_271' title='bbox 922 3331 966 3397; x_wconf 89' lang='lat' dir='ltr'>rei</span> <span class='ocrx_word' id='word_1_272' title='bbox 979 3331 1013 3398; x_wconf 91' lang='lat' dir='ltr'>in</span> 
     </span>
     <span class='ocr_line' id='line_1_37' title="bbox 92 3416 1012 3502; baseline 0.002 -19"><span class='ocrx_word' id='word_1_273' title='bbox 92 3430 201 3483; x_wconf 91' lang='lat' dir='ltr'>natura</span> <span class='ocrx_word' id='word_1_274' title='bbox 224 3416 392 3493; x_wconf 83' lang='lat' dir='ltr'>existentis,</span> <span class='ocrx_word' id='word_1_275' title='bbox 415 3430 448 3481; x_wconf 89' lang='lat' dir='ltr'>ut</span> <span class='ocrx_word' id='word_1_276' title='bbox 469 3417 512 3482; x_wconf 88' lang='lat' dir='ltr'>sic</span> <span class='ocrx_word' id='word_1_277' title='bbox 535 3432 643 3483; x_wconf 88' lang='lat' dir='ltr'>natura</span> <span class='ocrx_word' id='word_1_278' title='bbox 666 3416 797 3502; x_wconf 81' lang='lat' dir='ltr'>aiicujus</span> <span class='ocrx_word' id='word_1_279' title='bbox 820 3419 865 3483; x_wconf 89' lang='lat' dir='ltr'>rei</span> <span class='ocrx_word' id='word_1_280' title='bbox 892 3421 1012 3486; x_wconf 81' lang='lat' dir='ltr'>dicutur</span> 
     </span>
    </p>
   </div>
   <div class='ocr_carea' id='block_1_5' title="bbox 92 3488 1012 3618">
    <p class='ocr_par' dir='ltr' id='par_1_7' title="bbox 92 3488 1012 3618">
     <span class='ocr_line' id='line_1_38' title="bbox 92 3488 1012 3618; baseline 0.002 -45"><span class='ocrx_word' id='word_1_281' title='bbox 92 3506 226 3576; x_wconf 83' lang='lat' dir='ltr'>essentie</span> <span class='ocrx_word' id='word_1_282' title='bbox 246 3526 340 3595; x_wconf 86' lang='lat' dir='ltr'>quam</span> <span class='ocrx_word' id='word_1_283' title='bbox 363 3488 514 3591; x_wconf 59' lang='lat' dir='ltr'>signifieat</span> <span class='ocrx_word' id='word_1_284' title='bbox 536 3506 685 3589; x_wconf 61' lang='lat' dir='ltr'>delinitio</span> <span class='ocrx_word' id='word_1_285' title='bbox 706 3520 737 3573; x_wconf 90' lang='lat' dir='ltr'>et</span> <span class='ocrx_word' id='word_1_286' title='bbox 760 3509 824 3618; x_wconf 79' lang='lat' dir='ltr'>hoc¹</span> <span class='ocrx_word' id='word_1_287' title='bbox 841 3510 935 3577; x_wconf 89' lang='lat' dir='ltr'>modo</span> <span class='ocrx_word' id='word_1_288' title='bbox 961 3508 1012 3576; x_wconf 86' lang='lat' dir='ltr'>hic</span> 
     </span>
    </p>
   </div>
   <div class='ocr_carea' id='block_1_6' title="bbox 0 0 1254 3975">
    <p class='ocr_par' dir='ltr' id='par_1_8' title="bbox 0 0 1254 3975">
     <span class='ocr_line' id='line_1_39' title="bbox 0 0 1254 3975; baseline 0 0"><span class='ocrx_word' id='word_1_289' title='bbox 0 0 1254 3975; x_wconf 95' lang='lat' dir='ltr'> </span> 
     </span>
    </p>
   </div>
  </div>
 </body>
</html>
