2484 3975
418 242 740 296 mmmm.
987 235 1051 302 Μ

432 398 603 466 CAPUT
642 401 745 468 XLIX.

131 624 135 632 .
243 574 363 641 Solatia
385 577 543 642 rationum
565 591 673 644 contro
696 581 939 650 incarnationem

412 668 553 749 saperius
572 669 758 762 peritorum.

191 841 244 908 llis
266 841 359 926 igitur
381 841 502 920 babilis,
524 864 560 908 ea
583 866 664 928 quae
687 860 793 912 contra
824 849 1044 922 incarnationis

126 929 221 996 lidem
245 951 337 1016 supra
361 928 401 1012 (c.
425 931 483 1011 tu)
507 933 603 1016 posita
627 950 698 1001 sunt
721 935 809 1003 lecile
831 940 1001 1009 solvuntur.

192 1017 359 1084 Ostensum
382 1033 428 1084 εει
455 1020 540 1086 enim
576 1022 819 1092 incarnationem
853 1029 943 1098 Verbi
980 1054 1044 1098 uon

124 1108 170 1174 sie
191 1127 258 1172 esse
282 1107 514 1191 intelligendam
541 1112 625 1194 qnotl
649 1111 784 1181 Verbum
807 1117 845 1182 sit
868 1119 898 1183 in
914 1141 1040 1186 earnem

122 1217 306 1262 conversum
330 1211 382 1260 not
403 1197 578 1283 siccorpori
601 1202 721 1266 unitum
747 1217 780 1266 ut
813 1205 922 1284 sermm
957 1211 1041 1276 unde

122 1305 187 1350 non
209 1299 255 1350 est
276 1305 480 1370 (consequens,
502 1307 539 1350 ex
563 1289 622 1354 noc
645 1291 728 1374 quod
751 1291 888 1360 Verbum
911 1312 957 1363 est
995 1295 1068 1364 in·'

115 1385 291 1450 carnutum,
313 1375 397 1460 quod
422 1395 492 1438 vere
515 1375 599 1440 Deus
623 1378 661 1441 sit
684 1401 795 1466 eorpus
819 1385 867 1450 vel
890 1389 984 1452 virtus
1008 1389 1038 1453 in

116 1476 315 1548 corporane
340 1463 436 1548 prima
461 1465 537 1528 ratio
562 1467 758 1550 procedebat.

130 1592 134 1598 -
185 1551 331 1615 Similiter
354 1553 445 1614 etiem
469 1571 531 1616 nun
554 1557 693 1638 sequitur
724 1559 806 1642 quod
842 1560 978 1629 Verbum
1001 1567 1039 1630 sit

118 1639 359 1705 substantialiter
380 1653 543 1718 mutatum,
567 1663 621 1727 per
645 1645 703 1708 linc
727 1649 808 1731 quud
822 1664 962 1717 naturam
981 1656 1038 1719 bu·

119 1748 244 1793 monam
267 1730 439 1814 assumpsit.
464 1727 551 1795 Nulla
564 1733 647 1797 enim
660 1739 790 1801 mutatio
807 1740 838 1802 in
855 1739 921 1824 ipso
935 1741 1035 1808 Verbo

120 1816 177 1881 Dei
201 1817 279 1882 locta
302 1829 363 1895 εει,
382 1817 438 1882 sed
460 1818 562 1884 solum
584 1819 615 1884 in
640 1822 776 1888 bumana
810 1842 918 1895 nature
955 1852 1035 1918 quae

117 1918 166 1968 εει
187 1927 203 1969 a
227 1903 329 1973 Verbo
358 1920 524 1992 assumpta,
558 1910 729 1976 secundum
764 1935 856 2000 quam
890 1923 1035 2008 competit

119 1994 220 2061 Verbo
243 2010 274 2061 et
295 2009 475 2079 generatum
488 2018 556 2061 esse
568 2001 779 2086 temporaliter
791 2018 820 2069 et
837 2020 953 2085 natum,
970 2030 1032 2075 uon

117 2098 221 2149 autem
244 2084 414 2149 seeundum
436 2085 582 2172 seipsum.

184 2174 275 2255 Quod
298 2173 390 2237 etiam
414 2175 502 2237 tertio
527 2177 707 2261 proponitur
729 2184 951 2270 necessitatem
973 2208 1034 2253 non

117 2261 219 2327 hebet.
244 2262 420 2347 llypostnsis
444 2264 527 2326 enim
552 2285 614 2329 non
643 2270 817 2336 extenditur
854 2288 938 2339 extra
975 2290 1034 2342 ter·

115 2353 217 2416 ictinus
240 2352 321 2416 illius
345 2365 472 2415 naturae
496 2372 532 2417 ex
570 2374 628 2439 qua
663 2359 892 2427 subsistentiam
931 2365 1032 2430 babet.

109 2437 178 2503 Non
203 2454 306 2505 autem
330 2437 464 2505 Verbum
489 2440 545 2512 Dei
569 2444 797 2512 subsistentiam
823 2451 1032 2519 haberetne·

108 2540 179 2591 tura
204 2529 351 2606 bumana,
377 2527 431 2592 sed
470 2529 569 2613 magis
608 2547 750 2600 naturam
789 2538 958 2605 humanam
993 2545 1031 2607 ad

110 2637 201 2683 suam
223 2616 451 2683 subsistentiam
476 2616 523 2681 vel
545 2620 793 2703 personalitatem
828 2629 929 2705 trabit3
966 2650 1030 2715 unp

111 2704 197 2770 enim
221 2704 471 2793 perillamsed
494 2706 524 2769 in
562 2707 611 2771 illa
648 2711 792 2779 subsistit.
833 2714 919 2781 llnde
955 2720 1030 2785 nibil

110 2796 255 2879 probibet
276 2795 411 2860 Verbum
435 2794 492 2857 Dei
514 2814 582 2861 esse
606 2796 728 2884 ubique,
746 2801 816 2867 licet
829 2804 963 2874 bumana
977 2830 1030 2874 na·

110 2896 179 2947 tura
201 2905 218 2949 a
242 2884 344 2949 Verbo
368 2882 423 2946 [lei
447 2898 604 2969 assumpta
628 2890 742 2975 ubique
765 2911 827 2957 nun
850 2898 897 2961 sit.

177 2972 218 3037 Er
242 2974 302 3037 boc
324 2974 416 3037 etiam
439 2972 567 3037 soluitur
589 2991 743 3059 quartum.
761 2978 929 3065 Cujuslibet
944 2987 1028 3053 enim

108 3061 154 3124 rei
177 3062 370 3127 subsistentis
393 3073 514 3145 oportet
536 3082 604 3126 esse
631 3083 724 3131 unam
745 3084 888 3137 naturam
912 3088 1030 3141 tantum

109 3168 166 3235 per
198 3170 293 3237 quam
315 3149 495 3235 simpliciter
517 3169 585 3215 esse
620 3150 724 3232 baben
748 3169 778 3220 ει
814 3158 858 3223 sic
896 3160 1031 3229 Verbum

109 3236 167 3301 Del
190 3240 245 3325 per
273 3241 373 3305 solam
403 3252 545 3302 naturam
579 3238 715 3307 divinam
753 3246 931 3333 simpliciter
964 3272 1032 3317 esse

109 3326 214 3403 babet,
237 3349 300 3394 non
323 3344 427 3393 autem
452 3347 506 3413 per
530 3328 699 3397 humanam
722 3346 876 3413 naturam,
900 3338 954 3403 sed
979 3360 1033 3428 per

107 3434 178 3481 eam
202 3418 295 3483 habet
317 3414 401 3505 quod
424 3417 461 3478 sit
486 3416 554 3493 boe,
576 3418 692 3485 scilieet
714 3422 797 3509 quod
820 3425 859 3490 sit
882 3426 986 3493 bomo.

174 3504 324 3588 Quintum
348 3511 441 3573 etiam
465 3504 596 3572 solvitur
620 3530 676 3595 per
699 3510 757 3587 boc
780 3512 874 3581 idem.
916 3516 1034 3607 liupos·
