2484 3975
210 207 279 281 ote
482 236 539 281 urs.
562 236 601 282 iv.
627 235 690 283 cto.
715 227 830 283 nrxrtrss

206 302 463 369 resurrectionem
488 305 594 373 hebuit
614 324 728 392 corpus
751 302 914 393 palpabile,
928 298 1124 372 excursibus

204 406 235 457 et
257 392 378 457 ossibus
401 393 581 471 consistens,
603 395 687 479 quis,
710 406 743 459 ιιι
763 394 887 467 dicitur,
923 406 992 478 post
1020 409 1127 458 resur-

204 482 373 547 rectionem
397 481 552 568 discipulis
576 481 661 548 dixit:
689 482 822 568 Polpote
858 492 888 545 cl
925 483 1025 546 uidete
1046 482 1130 565 pedu·

204 570 333 651 spiritus
355 590 478 636 contem
502 581 531 634 et
552 590 625 637 ocra
645 590 707 636 nort
730 571 832 645 lubet,
854 571 996 636 siccome
1009 571 1125 634 uidetis

205 656 328 735 dobere,
350 657 433 735 Luc,
455 658 510 736 ἳη
532 658 584 724 59.
617 658 697 743 Ergo
719 673 751 725 et
772 659 823 725 ulii
860 658 1003 724 homines
1019 678 1121 724 resur·

204 762 310 829 gentes
333 766 462 831 corporo
486 747 649 835 palpabilia
673 748 842 822 habebunt,
863 767 902 811 ex
913 746 1067 827 carnibus,
1089 761 1122 813 et

204 836 324 901 ossilrus
347 836 523 922 compositu.
911 873 914 880 «
1103 850 1106 853 “

270 924 386 1002 Adhuc,
403 924 641 1013 tlnimsunitur
662 924 784 1012 corpori
806 924 885 990 sicut
918 923 1017 988 lorino
1057 942 1123 988 mu·

205 1010 309 1077 terite.
333 1010 439 1077 Omnis
461 1027 563 1078 uutcm
581 1012 680 1079 lorms
693 1013 787 1078 habet
808 1013 1043 1078 determinutsm
1055 1031 1122 1077 urn-

204 1100 325 1176 tcriorm
347 1114 467 1187 oportet
492 1102 574 1166 enim
601 1119 670 1167 esse
704 1102 934 1189 proportionem
970 1116 1056 1166 nctus
1089 1114 1122 1166 et

203 1190 367 1276 potentiae.
390 1188 468 1254 Curn
492 1190 584 1274 igitur
606 1191 708 1255 enims
730 1192 769 1255 sit
804 1190 914 1255 eadem
946 1188 1121 1255 secuudum
1238 1191 1239 1198 ’

203 1278 348 1363 speciem,
372 1278 492 1343 videtur
513 1279 596 1365 quod
630 1278 743 1345 hebent
779 1278 923 1344 eumdem
957 1278 1119 1343 motorium

202 1366 372 1431 secundum
397 1368 543 1453 speciem.
567 1368 629 1433 Erit
651 1386 726 1451 ergo
750 1367 831 1432 idem
862 1385 975 1453 corpus
1011 1386 1122 1432 sectio·

202 1454 277 1519 dum
301 1456 435 1540 specieni
460 1466 525 1541 post
549 1458 804 1521 resurrectionem
827 1470 859 1521 et
895 1470 977 1533 snte3
1010 1470 1042 1520 ct
1073 1460 1118 1521 sic

202 1556 323 1629 oportet
346 1544 429 1629 quod
452 1546 490 1608 sit
511 1545 683 1610 consistens
705 1561 743 1610 ex
764 1545 909 1611 carnibus
932 1559 962 1610 et
999 1545 1120 1611 ossibus

202 1644 233 1697 et
255 1631 321 1697 eliis
345 1632 521 1718 lrujosrnodi
546 1634 693 1718 portibus.

268 1720 416 1807 Amplius,
439 1720 516 1787 Cum
540 1722 572 1785 in
596 1720 776 1787 delinitione
796 1738 902 1787 rerum
917 1722 1118 1801 naturalium,

200 1826 280 1895 quoe
303 1810 454 1894 significor
476 1810 641 1875 sesentiens
664 1811 787 1896 speciei,
814 1826 947 1897 ponatur
979 1815 1127 1890 mutuis·

201 1899 472 1963 necesssriumest
503 1898 598 1985 quod,
637 1900 750 1964 rsriots
788 1901 916 1964 muteris
946 1900 1119 1967 secundum

199 1990 344 2074 speciem,
369 1989 502 2057 norietur
524 1989 644 2074 species
659 1989 704 2054 rei
720 1990 878 2056 naturalis.
897 1988 998 2054 llomo
1012 2005 1117 2058 sutem

201 2095 251 2142 res
273 2077 418 2142 naturalis
438 2087 495 2142 est.
518 2075 549 2140 Si
573 2077 667 2162 igitur
689 2091 757 2164 post
777 2078 1036 2145 resurrectionem
1055 2099 1118 2144 non

200 2163 326 2230 hebebit
349 2183 462 2253 corpus
484 2165 654 2240 consistens
676 2185 713 2230 er
746 2167 892 2233 cornibus
929 2180 960 2232 et
997 2168 1118 2234 ossibus

199 2267 229 2319 et
252 2254 428 2339 liujosntodi
452 2255 599 2340 pertibus,
620 2257 701 2320 sicot
724 2257 932 2333 conchensi,
959 2275 1024 2321 nou
1060 2258 1119 2322 erit

198 2348 250 2430 qui
274 2355 413 2428 resurget
446 2341 583 2423 ejusdem
621 2342 744 2434 speciei,
762 2343 833 2409 ⁴sed
866 2345 986 2410 dicetur
1023 2345 1118 2412 homo

198 2444 319 2498 tentum
343 2431 519 2520 ecqui—rore.
544 2485 546 2491 s

264 2519 350 2598 luem,
362 2521 456 2606 lingis
472 2519 562 2586 distet
577 2519 617 2586 sb
632 2520 735 2587 enimn
752 2519 843 2587 unius
857 2521 992 2587 hominis
1002 2541 1117 2612 corpus

197 2608 322 2675 ulterius
346 2609 461 2695 speciei
483 2623 577 2695 quern
600 2625 714 2696 corpus
736 2609 1044 2677 nummumslterius
1059 2617 1117 2679 lro·

151 2713 154 2720 ’
196 2697 298 2763 ruinis.
321 2696 382 2764 Sed
406 2699 508 2763 eninm
531 2715 593 2773 non
617 2709 717 2785 potest
737 2700 848 2764 iterato
878 2699 961 2764 uniri
995 2703 1118 2790 corpori

196 2785 320 2852 ulterius
344 2786 489 2863 ltorniuis,
512 2800 545 2852 ut
557 2799 715 2855 ostensum
738 2801 785 2854 est
807 2787 843 2874 (l.
856 2789 926 2867 λι.
941 2787 1118 2873 omittunt»

195 2873 289 2958 igitur
311 2876 413 2940 minus
438 2875 547 2962 poterit
570 2876 600 2940 in
630 2877 856 2943 resurrectione
878 2877 959 2944 uniri
993 2882 1117 2970 corpori

196 2963 321 3030 ulterius
342 2964 466 3051 speciei.

212 3097 214 3104 -
262 3051 437 3131 Praetereo,
460 3050 505 3117 to
529 3052 588 3118 lroo
610 3053 694 3140 quod
728 3054 826 3121 homo
863 3055 947 3121 idern
986 3071 1119 3124 numero

196 3155 345 3226 resurgat,
363 3143 570 3206 necessarium
592 3157 639 3208 est
660 3143 745 3229 quod
769 3158 869 3231 pectes
903 3143 971 3228 ejus
1007 3163 1113 3211 essen·

197 3229 283 3296 tieles
304 3231 366 3297 sint
387 3229 518 3295 eaedem
543 3247 684 3295 numero.
696 3231 729 3296 st
746 3233 838 3316 igitur
851 3249 967 3319 corpus
981 3232 1118 3300 hominis

195 3321 384 3402 resurgentis
407 3339 468 3384 non
492 3317 549 3383 erit
571 3319 672 3384 cxliii
694 3320 839 3385 cornilius
874 3335 905 3387 et
929 3319 976 3386 iris
998 3323 1119 3388 ossibus

195 3409 367 3492 exquibus
391 3425 472 3471 nunc
496 3407 705 3495 componitur,
726 3425 790 3475 non
812 3409 871 3476 erit
894 3410 989 3478 homo
1012 3429 1113 3478 resur·

197 3509 274 3578 gens
295 3494 378 3562 idem
401 3511 542 3562 numero.
