2484 3975
261 207 297 249 on
320 207 507 254 pirenorum
531 207 620 252 nivrm
644 207 728 250 risum
753 206 787 248 ur
810 206 918 252 nouum
986 186 1050 255 585

123 273 323 358 Augustinus:
357 277 434 341 «lta
462 277 572 342 dieitur
605 275 681 340 illud
704 274 839 341 Verbum
864 275 920 340 Dei
944 288 977 340 ut
999 297 1050 340 oo·

124 363 254 448 gitando
278 383 339 429 non
365 365 496 444 dicatur,
518 385 574 430 neo
597 364 671 450 quid
687 363 773 450 quasi
791 363 926 429 volubile
940 365 970 429 in
984 364 1051 429 Deo

124 451 307 517 credatur»
338 455 352 536 (
365 455 403 518 de
426 453 574 519 Trinitate
598 453 660 538 5);
682 467 712 517 et
736 452 812 517 illud
837 452 921 539 quud
944 453 1051 519 busel-

126 559 197 606 mus
220 540 303 620 dioit,
326 542 409 627 quod
444 543 571 610 «dicere
604 562 728 607 summo
751 541 833 607 Patri
857 542 932 607 nibil
967 543 1050 608 aliud

125 643 173 695 εει
196 649 289 716 quam
313 631 477 716 rogitando
499 631 608 697 intueri
632 657 664 706 ι,
680 632 848 717 improprie
865 631 979 696 dietum
996 647 1052 696 est.

194 718 336 784 Secunda
360 720 530 786 differentia
553 732 599 786 est
621 719 709 785 verbi
734 719 830 785 nostri
846 719 885 784 ad
901 720 1052 805 diripum,

125 807 198 895 quio
223 823 361 874 nostrum
386 823 431 874 est
454 809 680 897 imperfectum,
703 808 758 873 sed
781 807 917 875 Verbum
934 810 991 874 Dei
1006 824 1052 874 est

125 895 394 982 perfectissimum
417 899 488 984 quia
512 921 568 964 nos
592 918 654 963 non
672 918 836 983 possumus
851 899 955 963 omnia
972 920 1052 984 quae
1127 940 1131 952 1

126 986 253 1050 suntin
277 988 380 1050 anima
404 1001 506 1053 nostra
532 1009 593 1053 uno
617 987 714 1052 uerbo
738 987 923 1073 exprimere,
935 1001 966 1050 et
981 988 1052 1051 ideo

126 1088 249 1159 oportet
270 1075 353 1161 quod
376 1075 437 1141 siut
459 1077 548 1163 plura
573 1075 666 1141 verba
691 1074 870 1161 imperleeta
895 1097 949 1161 per
972 1096 1051 1161 quae

126 1164 247 1230 divisim
272 1164 480 1251 exprimamus
512 1168 615 1232 omnia
640 1184 719 1250 quae
743 1167 773 1228 in
797 1165 923 1229 seientia
948 1181 1051 1230 nostra

127 1268 209 1318 sunt.
234 1254 266 1317 ln
292 1254 357 1318 [teo
381 1268 569 1320 autemnon
603 1268 649 1319 est
683 1255 737 1325 εἰες
760 1273 831 1318 eum
866 1255 949 1318 enim
983 1253 1052 1340 lpse

128 1342 278 1427 intelligat
311 1357 342 1406 et
364 1346 499 1430 seipsum
524 1358 553 1408 et
577 1342 727 1429 quidquid
749 1342 900 1427 intelligit,
925 1363 980 1428 per
1003 1364 1051 1408 es·

127 1432 257 1496 sentiam
281 1453 380 1508 suam,
403 1453 465 1497 uno
489 1450 557 1499 actu
587 1434 713 1496 unicum
750 1432 878 1498 verbum
913 1431 1050 1496 divinum

131 1521 341 1607 expressivum
364 1535 410 1586 est
433 1523 523 1588 totius
544 1521 628 1607 quod
652 1522 681 1585 in
706 1520 772 1584 Deo
797 1533 853 1598 est,
874 1541 935 1585 non
951 1521 1052 1586 solum

132 1608 241 1688 Patris,
263 1611 316 1674 sed
344 1613 436 1676 etiam
471 1624 692 1685 ereaturarum
715 1608 802 1673 aliter
825 1622 906 1675 esset
938 1607 1052 1695 imper·

133 1697 257 1764 leolum.
282 1699 369 1764 Unde
392 1700 463 1764 dicit
494 1699 688 1784 Augustinus:
719 1697 787 1761 «Si
811 1697 926 1784 aliquid
949 1701 1051 1763 minus

132 1801 213 1853 esset
236 1789 267 1854 iu
292 1789 386 1854 verbo
410 1809 502 1875 quam
526 1789 556 1852 in
579 1787 704 1852 seientia
728 1785 1054 1867 contineturdioentis,

132 1888 212 1941 esset
236 1877 365 1942 verbum
389 1877 603 1962 imperfectum
629 1904 659 1940 ι.
684 1875 745 1940 Sed
768 1888 885 1940 constat
909 1875 992 1961 quod
1009 1877 1053 1940 di·

132 1967 236 2031 uiuum
261 1966 391 2031 terbum
416 1978 461 2032 est
484 1965 752 2054 perfectissimum.
775 1965 854 2049 Ergo
876 1979 922 2031 est
935 1980 1053 2031 tantum

132 2074 240 2131 unum3
263 2055 356 2120 unde:
384 2055 483 2121 Semel
506 2057 641 2140 loquitur
663 2054 760 2128 Deus,
785 2054 854 2136 lob,
876 2056 929 2129 55,
955 2057 1006 2120 ll.

197 2143 299 2207 Tertia
323 2144 493 2210 differentia
517 2158 562 2209 est
586 2144 667 2229 quod
692 2144 820 2209 verbum
838 2157 1050 2208 nostrumnon

132 2246 177 2297 est
198 2232 337 2319 ejusdem
369 2247 497 2299 naturae
531 2233 704 2311 nobiseum,
738 2231 792 2297 sed
827 2232 955 2297 verbum
980 2234 1054 2298 diti-

133 2342 205 2385 num
231 2334 276 2386 est
299 2322 439 2407 ejusdem
471 2336 598 2389 naturae
633 2342 704 2386 oum
727 2320 794 2387 Deo
818 2334 848 2384 ει
885 2322 1053 2387 subsistens

132 2411 162 2474 in
187 2423 294 2475 natum
319 2412 430 2477 divina.
455 2411 532 2476 Nam
564 2410 642 2475 ratio
672 2409 852 2474 intellectiva
886 2429 978 2495 quam
1005 2412 1050 2475 in·

132 2498 270 2565 tellectus
294 2515 397 2565 noster
420 2500 459 2565 de
490 2500 591 2585 aliqua
615 2520 649 2563 re
673 2498 785 2563 format
818 2497 911 2564 babet
933 2518 1000 2563 esse
1023 2502 1053 2563 in

132 2589 234 2653 anima
259 2588 440 2675 intelligibili
467 2601 596 2664 toutun13
620 2588 791 2671 intelligere
814 2601 917 2651 autem
931 2588 1052 2652 animae

133 2696 194 2741 nou
211 2671 264 2743 'est
287 2677 369 2743 idem
393 2698 464 2743 oum
487 2698 555 2743 esse
578 2676 707 2741 naturali
721 2676 852 2754 animae,
866 2676 937 2762 quia
950 2678 1053 2741 anima

130 2784 192 2830 noo
218 2780 263 2831 est
286 2787 339 2831 sun
365 2767 514 2853 operatio;
538 2780 567 2829 et
591 2764 660 2829 ideo
684 2764 812 2829 verbum
837 2764 919 2850 quod
944 2763 1054 2829 lormat

131 2853 301 2919 intellectus
325 2868 429 2920 noster
462 2868 594 2926 nonest
626 2854 667 2917 de
689 2854 819 2917 essentia
842 2854 974 2929 animae,
999 2855 1053 2918 sed

131 2956 176 3008 est
199 2946 341 3008 accidens
365 2944 402 3009 ei.
427 2944 460 3007 ln
488 2943 554 3008 lieo
578 2956 682 3008 autem
706 2942 788 3006 idem
813 2955 859 3006 est
882 2942 1054 3026 intelligere

131 3046 160 3096 et
182 3052 262 3107 essm
286 3047 316 3096 et
338 3032 409 3097 ideo
447 3033 576 3097 verbum
616 3030 701 3117 quod
735 3029 847 3095 lormat
883 3029 1054 3096 intellectus

131 3120 251 3185 divinus
274 3141 338 3186 nou
361 3134 407 3187 εει
429 3121 554 3207 aliquod
579 3121 733 3196 accidens,
756 3118 810 3183 sed
836 3118 991 3205 pertinens
1015 3124 1053 3183 ad

132 3224 273 3275 naturam
307 3209 386 3295 ejus3
420 3210 503 3275 uude
537 3221 657 3297 oportet
695 3207 777 3294 quod
799 3208 838 3272 sit
874 3208 1057 3284 subsistens,

134 3299 203 3383 quia
227 3298 377 3385 quidquid
400 3311 445 3363 εει
468 3300 499 3363 in
533 3314 641 3363 natura
677 3295 735 3360 Dei
759 3309 805 3360 est
838 3294 933 3360 Deus.
969 3296 1055 3361 Unde

134 3386 205 3451 dicit
229 3388 437 3453 Damasoeous
467 3386 551 3475 quod
592 3386 686 3451 ‹uei
710 3383 847 3452 Verbum
885 3384 1056 3451 subsistens

133 3488 179 3541 est
201 3487 231 3541 et
254 3477 284 3540 in
309 3475 464 3562 hypostasi
487 3496 552 3541 ens:
577 3476 695 3561 reliqua
718 3494 791 3540 tero
807 3472 901 3539 rerba
924 3473 1054 3561 (nostra

132 3562 270 3652 scilieet)
295 3566 406 3631 uirtute
428 3578 498 3631 sunt
521 3564 697 3631 animae».
