2484 3975
421 228 477 273 arn.
502 227 540 271 rv.
565 225 628 275 ctu.
652 222 749 273 arxrr.
983 185 1057 273 397⁴

115 300 322 369 liberarentur
345 319 362 363 a
386 297 489 381 eulpa.
513 296 578 362 Hoc
603 309 788 362 autemnon
823 300 869 359 est
906 295 1048 362 omnium

117 390 290 469 hominum.
314 386 382 454 Nou
406 386 500 471 igitur
527 407 639 452 omnes
653 383 806 455 ‚homines
829 397 1051 470 resurgerent

117 478 250 545 ridetur.

406 562 581 631 CAPUT
625 560 757 629 uxxxt.

271 742 390 811 Saturio
408 742 660 831 praemissurum
682 740 893 826 objectionum.

184 920 228 985 tu
253 920 364 987 horum
389 922 482 1007 igitur·
504 920 690 987 solutionem
714 918 977 985 considerandum
1001 932 1048 985 est

115 1010 201 1095 qtrod
224 1009 319 1086 Deus,
342 1012 420 1076 siout
443 1032 534 1097 supra
559 1010 573 1092 (
586 1030 612 1074 e.
637 1008 708 1093 5⁶2)
730 1009 848 1075 dietum
865 1024 921 1087 est,
946 1011 976 1075 iu
1000 1009 1049 1076 iu·

116 1100 275 1165 stitutione
301 1098 458 1166 humanae
481 1114 623 1177 naturae,
635 1097 750 1183 aliquid
763 1099 885 1184 corpori
909 1099 1048 1164 humano

117 1188 258 1260 attribuit
279 1208 371 1273 supra
396 1188 426 1254 id
451 1188 534 1274 quod
559 1188 586 1253 ei
612 1208 648 1253 er
674 1188 867 1253 naturalibus
890 1188 1048 1273 principiis

117 1277 300 1353 debebatur,
323 1278 441 1343 soiiioet
463 1276 784 1363 incorruptibilitatem
800 1278 979 1361 quamdam,
993 1296 1049 1363 per

117 1387 212 1451 quam
236 1368 456 1431 convenienter
493 1386 568 1431 suae
605 1364 725 1430 fortune
762 1380 970 1452 coaptaretur,
1003 1380 1048 1444 ut,

118 1456 196 1521 sieut
220 1454 342 1521 animae
366 1457 426 1520 uita
452 1469 599 1541 perpetua
623 1467 681 1527 est,
704 1454 744 1519 ito
768 1476 881 1541 corpus
904 1474 960 1541 per
982 1455 1048 1520 ani·

119 1565 203 1609 mam
230 1558 332 1626 posset
355 1562 506 1630 perpetuo
530 1544 643 1617 viverra
667 1558 698 1607 et
720 1544 789 1609 talis
801 1543 928 1627 quidem
945 1544 1047 1610 iueor·

120 1632 316 1718 ruptibiiitas,
347 1633 466 1697 etiamsi
502 1652 563 1696 nou
599 1644 680 1697 esset
713 1632 861 1697 naturalis
893 1631 1045 1717 quantum

117 1720 157 1785 ad
182 1724 313 1786 activum
338 1722 535 1809 principium,
568 1734 634 1785 erat
669 1733 773 1787 tamen
811 1721 1045 1806 quodammodo

117 1809 266 1875 naturalis
289 1831 326 1875 ex
351 1811 460 1875 ordine
484 1810 521 1875 ad
547 1808 654 1886 finem,
693 1824 728 1874 ut
764 1809 879 1875 scilieet
916 1812 1045 1877 materia

119 1899 405 1985 proportiouaretur
428 1920 502 1965 suae
545 1898 675 1964 naturali
717 1897 848 1976 formae,
885 1919 965 1985 quae
999 1913 1045 1965 est

118 1986 188 2052 fluis
210 1989 368 2053 materiae.
392 1990 520 2056 Animae
543 1989 647 2073 igitur,
669 2003 791 2074 praeter
814 1988 957 2054 ordinem
970 2011 1046 2056 suae

119 2089 249 2142 naturae
271 2098 288 2141 a
314 2077 383 2143 Deo
406 2078 707 2155 auersae,subtraota
731 2091 777 2142 est
789 2077 950 2165 dispositio
965 2099 1047 2164 quae

118 2164 187 2250 ejus
210 2167 331 2252 corpori
355 2167 499 2233 divinitus
524 2166 619 2233 indita
645 2181 711 2232 erat
734 2180 768 2231 ut
791 2167 849 2233 sibi
872 2168 1046 2255 proportio-

117 2253 229 2319 naliter
253 2255 464 2340 responderet,
489 2269 519 2320 ot
542 2270 646 2320 secuta
671 2268 717 2320 est
749 2273 843 2320 mors.
880 2256 930 2320 Est
953 2256 1046 2340 igitur

119 2363 205 2408 mors
228 2346 314 2428 quasi
340 2367 395 2430 per
424 2344 567 2410 enuidens
601 2344 826 2429 superueniens
849 2344 969 2409 homini
993 2366 1049 2431 per

119 2445 292 2515 pennatum,
316 2432 507 2498 considerato
533 2432 725 2498 institutione
737 2433 893 2497 humanae
910 2447 1048 2500 naturae.

118 2519 185 2586 Hoe
207 2535 310 2586 autem
335 2521 477 2587 arridens
513 2522 670 2587 sublatum
705 2535 753 2586 est
791 2540 847 2608 per
880 2520 1050 2600 Christum,

118 2609 172 2694 qui
197 2611 308 2675 merito
333 2632 408 2676 auae
434 2611 585 2697 passionis
620 2625 754 2675 mortem
794 2609 959 2674 moriendo
993 2611 1048 2676 de·

119 2699 239 2763 struxit.
264 2699 305 2763 Ex
330 2699 388 2764 huo
411 2701 503 2784 igitur
528 2700 728 2784 consequitur
751 2698 834 2784 quud
860 2698 962 2763 divina
987 2701 1048 2766 vir·

120 2798 195 2866 tute,
218 2807 299 2872 quae
310 2789 433 2875 corpori
459 2787 722 2874 incorruptionem
746 2787 841 2863 dedit,
857 2787 967 2854 iterato
982 2809 1049 2855 oor·

120 2895 179 2962 pus
202 2874 241 2940 de
265 2890 366 2941 morte
389 2877 427 2940 ad
452 2879 544 2942 uitam
570 2889 739 2963 reparetur.

187 2962 366 3030 Secundum
391 2965 452 3030 hoo
476 2966 568 3050 igitur
581 2965 618 3030 ad
634 2966 767 3052 primurn
785 2963 951 3030 dicendum
964 2963 1049 3051 quod

121 3051 217 3117 uirtus
240 3067 369 3119 naturae
392 3053 539 3120 deficiens
563 3068 609 3118 est
633 3075 650 3118 a
674 3054 787 3118 uirtute
823 3053 936 3131 diviua,
970 3055 1051 3119 sieut

120 3140 215 3204 uirtus
229 3140 423 3222 instrumenti
441 3164 457 3208 a
472 3145 582 3207 uirtute
597 3142 775 3228 principalis
791 3142 922 3226 agentis.
934 3143 1051 3224 Quom·

122 3227 166 3294 ris
189 3229 282 3313 igitur
305 3232 485 3318 operatione
516 3246 645 3296 naturae
668 3231 728 3295 irou
750 3229 818 3296 fieri
854 3251 916 3294 noo
953 3231 1051 3316 possit

119 3331 153 3380 ut
176 3338 289 3406 eorpus
312 3335 492 3406 eorruptum
529 3334 689 3406 reparetur
725 3319 765 3383 ad
804 3319 908 3396 ritum,
944 3334 1051 3384 tamen

119 3407 231 3472 uirtute
255 3407 356 3473 diviua
381 3409 410 3474 id
435 3409 500 3474 {ieri
526 3421 635 3494 potest.
660 3407 738 3473 Nam
763 3408 847 3494 quod
865 3421 974 3472 natura
989 3409 1049 3474 hnc

117 3492 221 3582 (arere
244 3517 307 3564 nou
330 3499 436 3586 possit,
460 3497 530 3564 ideo
554 3511 600 3564 est
623 3498 696 3588 quia
719 3511 828 3565 natura
841 3515 966 3587 semper
992 3517 1051 3586 per
