2484 3975
235 209 302 276 206
568 226 623 272 tta.
639 225 687 271 rt.
710 225 773 270 ear.
798 221 844 268 ur.

234 295 400 365 dillreultet·
423 293 462 360 ad
485 296 643 360 seientiam
669 294 800 359 veritatis
835 288 1008 380 pertingere
1048 304 1079 356 et
1120 291 1162 358 de

234 386 315 453 iaeili
340 399 467 472 propter
490 384 703 471 phantasmata
728 404 745 448 a
770 402 842 447 vero
867 379 1000 445 deviare.

301 474 362 538 Sed
387 487 501 551 tamen,
525 473 549 536 si
573 474 642 558 quis
666 486 750 538 reete
784 471 968 544 consideret,
991 469 1161 558 satispro·

233 563 377 630 habiliter
400 563 511 650 poterit
533 564 708 638 aestimare,
730 559 832 625 divina
869 557 1059 646 providentia
1084 579 1161 644 sup·

234 652 345 740 posita,
366 671 445 738 quae
467 650 599 734 singulis
634 648 873 736 perfectionibus
895 666 1031 730 congrua
1055 648 1160 734 perle-

233 740 348 806 etibilia
371 741 535 825 coaptavit,
559 741 642 824 quod
680 739 765 804 Deus
787 737 980 822 superiorem
1015 750 1161 800 naturam

234 829 371 895 inferiori
395 829 433 892 ad
459 830 516 892 boe
540 829 698 912 eotrjuoxit
723 841 755 892 nt
770 827 797 890 ei
821 825 1042 898 dominaretur,
1066 838 1110 903 et,
1135 827 1159 889 si

234 918 318 1005 quod
342 915 433 1002 hujus
456 917 584 980 dominii
608 915 866 1002 impedimentum
890 933 930 978 ett
953 912 1075 978 deleetu
1103 935 1160 977 na-

234 1023 322 1072 turae
345 1006 549 1090 contingeret,
572 1002 638 1089 ejus
662 1003 785 1091 speciali
809 1017 839 1067 et
855 1003 1080 1088 supernaturali
1105 1003 1159 1066 be·

235 1095 348 1160 nefieio
371 1094 539 1170 tolleretut3
563 1107 596 1157 ut
620 1093 746 1168 seilicet,
769 1113 840 1157 eum
864 1091 967 1155 anima
1000 1091 1159 1159 rationalis

234 1186 274 1248 sit
296 1184 413 1248 altioris
437 1197 565 1248 naturae
598 1202 692 1268 quam
728 1201 851 1268 eorpus,
890 1180 940 1243 tali
979 1179 1158 1244 conditione
1214 1219 1215 1252 ,

234 1271 378 1340 credatur
400 1273 520 1358 eorpnri
548 1290 616 1336 esse
651 1269 813 1356 conjuncta
852 1267 937 1355 quod
959 1269 990 1333 in
1026 1289 1158 1355 eorpore

237 1361 353 1446 aliquid
377 1381 444 1425 esse
481 1380 543 1424 non
582 1361 678 1445 possit
712 1359 900 1425 eontrarium
935 1357 1066 1434 artituae,
1105 1378 1159 1443 per
1214 1405 1215 1444 ,

236 1470 331 1536 quam
348 1470 459 1535 eorpus
483 1449 565 1525 vivit;
588 1463 618 1514 et
641 1449 794 1527 similiter,
817 1449 841 1514 si
866 1445 943 1510 ratio
967 1448 997 1511 in
1031 1447 1160 1511 bomine
1214 1463 1215 1480 ¹

236 1539 382 1624 appetitui
406 1537 537 1602 sensuali
560 1537 758 1622 conjungitur
781 1551 812 1603 et
834 1537 900 1601 aliis
926 1536 1079 1600 setrsitivis
1104 1557 1158 1622 po-

238 1628 351 1704 tentiis,
374 1627 457 1713 quod
481 1628 599 1690 ration
623 1627 772 1692 sensitivia
796 1625 938 1712 potentiis
961 1644 1023 1688 uon
1056 1625 1158 1710 impe·

237 1715 349 1794 diatur‚
367 1716 427 1780 sed
452 1717 549 1799 tnagis
572 1716 615 1779 eis
650 1713 837 1780 dominetur.
853 1713 959 1778 -Sio
981 1714 1085 1798 igitur,
1111 1734 1159 1777 se·

238 1804 375 1870 eundum
398 1805 568 1868 doctrinam
593 1803 677 1882 lldei,
701 1806 844 1890 ponimus
867 1803 1025 1870 bominem
1042 1824 1059 1866 a
1072 1805 1159 1888 prin-

237 1895 316 1980 oipio
340 1894 439 1958 taliter
461 1913 529 1956 esse
562 1893 733 1958 institutum
767 1893 860 1978 quod,
895 1892 1042 1978 quamdiu
1080 1892 1158 1957 ratio

238 1983 372 2048 bominis
394 1982 462 2046 Deo
486 1996 564 2047 esset
585 1982 734 2068 subjecta,
768 1996 798 2047 et
832 1980 991 2048 inferiores
1025 1981 1107 2047 uires
1131 1980 1158 2043 ei

237 2073 304 2136 sine
326 2070 547 2157 impedimento
576 2072 776 2150 deservirent,
800 2084 830 2136 et
863 2091 975 2158 eorpus
1013 2070 1052 2137 ab
1091 2070 1158 2157 ejus

201 2226 214 2245 Ι
237 2160 431 2245 subjectione
454 2161 594 2244 impediri
619 2182 681 2225 nun
706 2174 807 2248 posset
831 2181 885 2247 per
911 2158 1034 2246 aliquod
1058 2161 1157 2245 impe·
1213 2218 1214 2223 ,

237 2249 410 2313 dimentnm
434 2250 605 2333 corporale,
639 2250 706 2315 Ileu
730 2262 838 2315 elsua
862 2250 958 2333 gratia
992 2249 1157 2335 supplente

236 2339 321 2423 quod
335 2338 381 2401 ad
407 2339 465 2400 boe
488 2340 710 2422 perliniendum
736 2354 843 2403 natura
883 2339 984 2403 minus
1009 2340 1154 2413 ltabebat;
1213 2374 1214 2455 p

237 2428 354 2491 ratione
377 2438 479 2489 autern
504 2446 651 2497 auersae
686 2429 762 2508 Deo,
786 2443 816 2493 et
848 2427 1008 2493 interiores
1030 2426 1152 2493 viresa
1213 2468 1214 2476 κ

236 2516 355 2580 ratione
380 2531 599 2601 repugnarent,
620 2532 652 2582 et
674 2538 785 2606 eorpus
802 2518 890 2595 vitae,
927 2537 1006 2603 quae
1029 2532 1074 2583 est
1099 2538 1155 2603 per

236 2607 382 2682 animam,
405 2605 573 2670 contrarias
596 2609 754 2693 passiones
776 2609 953 2692 susciperet.
977 2607 1027 2671 Sie
1050 2606 1153 2691 igitur,

235 2692 412 2779 hujusmodi
438 2692 742 2781 delectus,quamtis
764 2696 919 2760 naturales
954 2694 1072 2772 bomini
1110 2698 1154 2759 vi·

235 2782 376 2860 deantur,
400 2782 540 2847 absolute
563 2784 789 2849 considerando
806 2785 974 2849 humanam
1009 2798 1153 2849 naturam

234 2890 273 2935 ex
297 2884 382 2957 parte
403 2870 470 2955 ejus
493 2872 576 2957 quod
599 2885 645 2937 est
668 2872 698 2937 in
723 2894 759 2938 ea
784 2871 919 2947 interius,
943 2887 1056 2950 tamen,
1078 2893 1153 2937 enn-

233 2958 399 3025 aideraudo
422 2960 558 3025 divinam
587 2960 810 3048 providentiam
835 2976 865 3026 et
899 2962 1078 3047 dignitatem
1102 2982 1154 3027 su·

234 3049 363 3136 periuris
387 3051 480 3136 partis
505 3051 660 3115 humanae
684 3062 821 3128 naturae,
846 3052 917 3115 satis
952 3049 1154 3138 probabiliter

233 3139 358 3225 probari
380 3152 481 3225 potest
504 3138 682 3223 hujusmodi
707 3138 844 3204 deiectus
867 3156 934 3203 esse
950 3138 1109 3225 poenales:
1124 3150 1154 3202 et

233 3228 278 3293 aio
300 3227 401 3311 colligi
425 3241 524 3312 potest
546 3229 718 3294 humanum
756 3247 853 3314 genus
887 3242 1013 3314 peoeato
1049 3227 1153 3313 aliquo
1211 3230 1212 3247 ³

233 3315 424 3399 originaliter
447 3336 515 3379 esse
539 3317 696 3382 iniectum.

299 3403 351 3469 llis
374 3404 466 3487 igitur
489 3406 570 3483 tisis,
594 3403 845 3489 respondendum
868 3416 915 3471 est
937 3405 977 3471 ad
1011 3424 1047 3472 ea
1071 3424 1153 3491 quae

233 3489 266 3555 in
288 3493 477 3557 eontrarium
499 3507 570 3558 sunt
598 3493 729 3579 objecta.
