2484 3975
187 222 255 288 Eli
486 240 542 284 cra.
567 240 607 285 ιν.
632 240 696 286 css.
720 240 807 286 nxsrr.

186 310 296 375 derato
320 307 477 395 (quando
502 310 680 388 necessitas,
703 331 765 375 oon
789 321 995 395 contemptus,
1018 328 1124 373 saera-

187 414 331 464 utentum
354 398 532 483 excludit),
557 399 595 463 ira
619 399 819 485 peccantibus
845 412 915 483 post
931 398 1123 484 baptismum

187 489 272 553 salus
296 506 364 551 esse
388 508 451 551 nou
476 502 587 571 potest,
629 488 688 551 nisi
724 487 864 551 clavibus
899 486 1052 550 Ecclesiae
1085 507 1124 549 se

187 578 364 661 subjiciant,
389 576 436 639 rel
460 590 529 639 actu
554 576 734 645 confitendo
771 592 802 641 et
839 574 990 660 judicium
1029 575 1126 639 minia

187 680 323 731 strorum
349 664 504 729 Ecclesiae
526 665 703 743 subeundo,
727 666 776 729 vel
809 664 921 731 saltem
960 663 1053 749 hujus
1075 664 1124 728 rei

158 754 382 841 tpropositum
408 752 565 828 habendo,
591 768 623 818 ut
648 754 813 840 implectur
844 767 984 839 ternpore
1008 772 1125 838 oppor-

188 859 275 919 tuuo;
298 844 381 927 quia,
406 856 439 905 ut
463 841 533 905 dicit
560 841 681 916 Petrus,
704 842 770 907 Nec
797 843 888 907 aliod
908 862 1037 906 nomen
1076 852 1126 905 eet

188 933 246 997 sub
269 932 355 996 caelo
378 931 488 994 dutum
510 931 695 1007 horninibus,
716 932 751 995 io
786 952 847 1016 quo
888 942 1032 1014 oporteat
1064 950 1125 993 aros

189 1020 389 1107 soluosfiert'.
414 1022 475 1083 Act.
511 1022 625 1105 slpost,
660 1024 692 1100 l,
715 1020 768 1099 fh,
807 1022 865 1085 uisi
899 1018 1017 1083 nomen
1056 1018 1125 1083 llos

188 1110 265 1174 mini
289 1110 385 1173 nostri
408 1109 481 1173 lesu
505 1108 627 1175 Christi.

256 1198 315 1261 Per
338 1199 398 1261 boc
421 1212 526 1261 autem
561 1198 735 1263 excluditur
773 1196 986 1284 quorumdam
1020 1216 1123 1271 error,

189 1286 244 1373 qui
267 1288 411 1350 dixerunt
436 1286 596 1352 hominem
634 1309 724 1373 posse
763 1300 963 1373 peccatorum
998 1287 1122 1349 veniam

190 1375 339 1461 consequi
363 1375 429 1439 sine
452 1374 649 1443 confessione
673 1392 702 1440 et
744 1379 904 1463 proposito
939 1373 1126 1448 confitendi,

190 1464 239 1529 rel
260 1464 340 1553 quod
366 1484 421 1550 per
444 1465 598 1549 praelatos
635 1466 787 1531 Ecclesiae
827 1464 997 1550 dispensari
1024 1476 1127 1550 potest

190 1555 275 1640 quod
299 1552 338 1617 ad
361 1550 589 1619 confessionem
617 1556 726 1640 aliquis
761 1575 823 1618 non
864 1567 1016 1617 teneatur.
1054 1551 1126 1616 Non

191 1644 276 1707 euim
299 1644 359 1707 hoc
384 1657 511 1727 possunt
535 1644 662 1730 praelati
689 1643 842 1708 Ecclesiae
867 1656 899 1707 ut
934 1641 1036 1705 claves
1059 1640 1125 1705 fru-

191 1746 328 1796 strentur
354 1730 515 1808 Ecclesiae,
541 1734 708 1818 inquibus
734 1745 795 1795 tota
834 1750 944 1795 eorum
979 1742 1122 1816 potestas

191 1821 453 1903 cousiniumque
467 1834 499 1883 ut
510 1819 578 1884 siue
588 1835 822 1900 sacramentnm
836 1820 980 1906 passione
1004 1816 1119 1884 Christi

192 1912 337 1974 uirtutem
361 1908 506 1986 habente,
530 1908 641 1995 aliquis
678 1910 896 1975 remissionem
917 1922 1122 1994 peccatorum

193 2012 413 2083 consequatur;
436 1999 497 2062 hoe
520 1999 603 2062 enirn
627 2013 673 2064 est
696 2000 792 2064 solius
829 1998 952 2076 Christi,
991 1999 1044 2083 qui
1075 2011 1124 2061 est
1201 2054 1205 2059 ,

193 2100 460 2152 sacramentorum
484 2088 639 2152 institutor
677 2103 707 2154 et
745 2100 865 2152 auctor.
904 2087 989 2151 Sicut
1029 2085 1125 2170 igitur·

194 2176 364 2262 dispensari
397 2195 459 2238 non
483 2189 582 2261 potest
606 2197 661 2264 per
703 2176 858 2262 praelatos
898 2175 1053 2240 Ecclesiae
1087 2187 1123 2239 nt

195 2265 305 2350 aliquis
327 2266 394 2328 sine
418 2263 571 2349 baptismo
593 2266 737 2343 saltetur,
761 2267 802 2330 ita
825 2285 884 2330 nec
907 2263 992 2350 quod
1008 2263 1123 2348 aliquis

195 2353 413 2423 remissionem
437 2353 503 2417 sine
527 2352 722 2420 confessione
759 2368 791 2418 et
826 2353 1022 2418 absolutione
1046 2372 1123 2417 cou-

196 2457 354 2530 sequatur.

265 2530 532 2596 Considerandum
555 2544 661 2596 tamen
677 2530 834 2616 estquod,
858 2530 937 2595 sicut
951 2529 1123 2616 baptismus

197 2619 368 2686 efficaciam
393 2615 528 2706 aliquam
553 2619 646 2684 habet
666 2619 714 2684 ‘ad
753 2620 969 2684 remissionem
993 2617 1123 2704 peccati,

196 2711 290 2773 etiarn
314 2723 480 2795 antequam
504 2719 573 2772 actu
598 2709 793 2794 suscipiatur,
816 2707 891 2772 dum
926 2720 972 2772 est
996 2709 1027 2770 iu
1053 2727 1124 2793 pro·

199 2799 298 2882 posito
323 2799 425 2884 ipsum
447 2796 645 2882 suscipiendi,
672 2797 742 2862 licet
765 2795 965 2883 postmodum
1003 2796 1122 2882 plenio-

199 2905 266 2950 rem
290 2884 435 2951 effectum
459 2883 598 2950 conferat
620 2886 650 2950 io
675 2886 841 2972 adeptione
869 2886 985 2969 gratiae
1021 2898 1054 2948 et
1092 2885 1124 2948 in

197 2975 380 3039 remissione
402 2975 524 3061 culpae,
549 2994 621 3039 curn
646 2988 716 3040 actu
757 2976 933 3060 suscipitur,
971 2986 1002 3037 et
1023 2993 1125 3058 quao-

199 3063 303 3148 doque
327 3066 357 3126 in
381 3072 446 3150 ipsa
470 3065 668 3150 susceptione
689 3065 831 3150 baptismi
847 3060 1004 3127 confertur
1026 3063 1125 3147 gratia

200 3167 237 3216 et.
255 3152 419 3218 remittitur
442 3151 532 3238 culpa
556 3153 584 3216 ei
608 3154 657 3217 cui
682 3155 766 3239 prius
800 3152 930 3217 remissa
968 3171 1031 3215 non
1057 3149 1123 3229 fuit,

201 3241 304 3306 -sic
341 3257 371 3305 et
409 3240 512 3309 claves
547 3240 700 3307 Ecclesiae
731 3241 903 3307 efficaciam
937 3240 1056 3306 habent
1092 3239 1125 3305 in
1183 3307 1186 3311 ,

202 3329 306 3414 aliquo
330 3345 496 3416 antequam
519 3330 563 3396 eis
597 3351 632 3396 se
665 3345 735 3396 actu
768 3329 919 3414 subjiciat,
954 3332 981 3395 si
1020 3341 1126 3394 tameo

204 3417 316 3482 habeat
341 3420 534 3505 propositum
558 3433 591 3483 ut
613 3439 647 3484 se
684 3423 729 3485 eis
766 3419 919 3504 subjiciat3
953 3418 1126 3505 pleniorem

207 3522 310 3570 tamen
334 3509 464 3598 gratism
486 3520 517 3572 et
551 3507 766 3575 remissionem
803 3508 1012 3597 consequitur,
1050 3507 1127 3573 dum
