2484 3975
215 206 280 273 tos
526 222 581 267 tto.
605 222 645 267 tv.
669 223 734 267 cir.
765 223 834 268 xcu.

214 315 282 359 esse
309 292 410 371 heata3
434 290 517 355 unde
541 310 603 355 non
629 305 730 378 potest
753 291 832 357 selle
855 311 917 357 non
945 310 1014 355 esse
1035 290 1139 367 heata;

215 396 314 471 potest
337 395 521 466 tamenper
536 378 725 447 voluntatem
750 380 872 447 deflecti
896 380 937 445 ab
960 400 997 444 eo
1021 379 1139 465 inquo

215 492 286 539 vcra
311 468 468 537 beatitudo
492 470 641 545 consistit,
663 468 747 577 qu&
777 482 824 535 est
858 468 1048 536 voluntatem
1070 488 1141 533 essc

214 580 405 648 perversam;
429 574 459 623 et
483 557 542 621 hoc
566 558 693 643 quidem
717 558 866 642 contingit
889 560 961 643 quia
978 557 1008 622 id
1032 558 1140 642 inquo

215 669 287 713 uera
312 646 470 713 beatitudo
494 658 625 711 estnon
658 647 902 733 apprehenditur
940 647 998 711 sub
1021 645 1141 710 ratione

216 736 425 813 beatitudiuis,
449 734 503 799 sed
528 733 645 819 aliquid
680 735 777 812 aliud,
813 736 844 799 in
878 734 963 820 qnod
997 734 1141 799 voluntas

216 827 390 891 inordinata
415 821 591 888 deflectitur
614 826 693 889 sieut
715 825 746 888 in
771 824 963 909 linem3puta
986 824 1038 909 qui
1056 823 1143 911 ponit

218 915 313 981 linem
337 933 428 979 suum
452 912 483 976 in
507 911 716 998 voluptatibus
753 912 966 998 corporalibus
999 913 1142 975 aestimat

216 1024 269 1069 eas
293 1017 325 1069 ut
349 1003 511 1088 optimum,
535 1001 619 1087 quod
641 1014 688 1067 est
717 1004 794 1066 ratio
834 999 1042 1065 beatitudinis.
1080 999 1142 1063 Sed

217 1093 261 1159 illi
284 1093 336 1179 qui
358 1091 423 1175 jam
447 1090 526 1155 boati
551 1104 623 1157 suut
645 1088 883 1177 apprehendunt
894 1089 926 1154 id
939 1091 970 1153 in
994 1108 1143 1173 quorers

217 1180 376 1247 beatitudo
400 1192 457 1255 est,
479 1178 537 1245 auh
560 1183 680 1245 ratione
704 1178 903 1247 beatitudinis
925 1192 956 1244 et
979 1177 1081 1243 ultimi
1107 1178 1145 1243 li·

219 1271 279 1347 nis3
303 1270 388 1347 alias,
410 1267 442 1333 in
466 1268 526 1333 hoc
549 1288 611 1333 non
636 1270 809 1353 (quiesceret
830 1269 998 1353 appetitus,
1035 1279 1065 1331 et
1089 1286 1145 1352 per

218 1377 412 1444 consequens
436 1376 498 1421 nou
522 1370 625 1423 essent
637 1357 728 1423 beati.
740 1356 937 1442 Quicumque
957 1356 1050 1439 igitur
1061 1354 1143 1421 beati

221 1463 293 1512 suot
316 1447 507 1511 voluntatem
529 1444 698 1511 deflectere
720 1465 783 1509 non
826 1458 954 1531 possunt
976 1444 1016 1511 ab
1050 1464 1090 1509 eo
1113 1447 1144 1509 in

219 1556 282 1623 quo
304 1550 351 1601 est
374 1554 445 1601 vera
469 1534 637 1601 beatitudo.
661 1534 729 1601 Nou
751 1546 881 1621 possunt
903 1533 997 1619 igitur
1020 1552 1144 1619 perrer-

220 1644 286 1689 sam
312 1623 501 1689 voluntatem
529 1623 656 1691 hahere.

291 1712 376 1787 hem,
399 1710 590 1797 Cuicumque
612 1709 730 1781 sufficit
762 1709 794 1775 id
830 1708 914 1797 quod
948 1708 1044 1775 babet
1083 1730 1146 1777 non

222 1803 343 1887 quaerit
366 1800 448 1865 aliud
473 1815 558 1865 astra
582 1803 694 1887 ipsum.
711 1800 772 1865 Sed
795 1802 985 1885 quicumque
1015 1812 1064 1863 est
1074 1797 1146 1871 hea-

219 1902 281 1967 tus,
305 1888 418 1955 suflicit
440 1891 467 1956 ei
492 1888 523 1955 id
546 1892 576 1957 iu
600 1910 664 1975 quo
686 1902 733 1955 cst
764 1909 837 1955 sera
868 1886 1038 1964 heatitud03
1072 1887 1147 1953 alias

223 1999 286 2043 non
311 1978 493 2065 impleretur
516 1976 582 2064 ojus
606 1977 806 2049 desiderium.
839 1976 918 2062 Ergo
955 1977 1147 2063 quicumque

223 2080 269 2132 est
294 2068 401 2132 beatus
426 2065 502 2132 nihil
525 2067 609 2134 aliud
634 2067 754 2152 quaerit
775 2067 860 2153 quod
898 2086 961 2135 non
994 2067 1147 2152 pertineat

223 2157 263 2220 atl
288 2156 319 2222 id
343 2158 373 2221 io
397 2177 459 2242 quo
484 2175 556 2222 tera
580 2156 740 2222 beatitudo
761 2155 910 2223 consistit.
949 2153 1059 2222 llullus
1095 2176 1147 2220 au·

224 2259 285 2310 tem
311 2245 404 2310 babet
427 2263 603 2330 perversam
627 2245 816 2314 voluntatem
841 2245 899 2312 uisi
912 2264 967 2328 per
990 2244 1051 2308 boc
1062 2243 1147 2329 quod

223 2333 288 2401 rult
310 2333 424 2420 aliquid
449 2334 531 2418 quod
554 2347 707 2421 repugnat
723 2334 758 2397 ei.
775 2333 806 2400 in
829 2352 892 2418 quo
905 2353 977 2400 sera
988 2331 1149 2399 beatitudo

224 2423 373 2490 consistit.
396 2421 514 2488 Nullius
537 2422 631 2508 igitur
663 2423 744 2490 beati
780 2420 923 2489 voluutas
958 2432 1059 2508 poten
1082 2441 1149 2486 mu·

228 2513 285 2578 tari
309 2513 341 2576 in
365 2511 493 2576 malum.
1044 2547 1047 2551 -

293 2599 468 2676 Praetereo,
492 2599 656 2666 Peccatum
680 2599 712 2664 in
746 2597 903 2668 voluntate
936 2618 1001 2663 noo
1038 2597 1148 2665 accidit

226 2691 293 2754 sine
316 2687 441 2775 aliquali
464 2690 636 2772 ignorantia
659 2687 842 2765 intellectum
879 2686 956 2756 uihil
989 2687 1075 2752 enim
1098 2707 1149 2752 ro·

227 2777 331 2842 lomus
354 2778 411 2843 nisi
442 2777 559 2842 bonum
595 2796 703 2841 rerum
737 2776 786 2841 rel
819 2795 984 2862 appareus;
1022 2787 1150 2862 propter

228 2866 311 2952 quod
335 2865 455 2932 dicitur:
471 2863 588 2930 birrum
598 2866 652 2950 qui
663 2875 833 2947 operantur
844 2865 974 2940 molum,
990 2863 1149 2941 Proserh„

227 2955 283 3032 tt,
305 2955 359 3031 rm
381 2969 411 3020 et
435 2953 642 3041 Philosophus
663 2953 776 3039 (Ethio.
800 2953 832 3031 3,
854 2974 881 3018 c.
905 2953 939 3040 5)
956 2948 1030 3018 dicii
1065 2952 1150 3039 quod

231 3044 332 3110 omnis
356 3043 456 3108 malus
478 3055 523 3108 est
538 3043 694 3128 ignorans.
717 3041 779 3106 Sed
795 3041 899 3107 anima
913 3061 993 3127 quae
1015 3055 1151 3106 estsere

232 3135 320 3198 heato
344 3131 546 3199 nullomodo
576 3145 677 3219 potest
710 3150 778 3196 esse
813 3129 972 3215 ignorans,
1007 3149 1082 3196 cum
1120 3132 1152 3194 io
1239 3128 1240 3199 Ϊ

233 3221 300 3287 Deo
324 3220 427 3288 omnia
451 3221 550 3286 rideat
573 3239 654 3306 quae
677 3225 831 3306 pertinent
854 3217 894 3283 ad
933 3238 1023 3284 suam
1047 3215 1150 3304 perfe-

234 3311 379 3376 ctionem.
403 3309 493 3376 Nullo
518 3308 610 3393 igitur
633 3308 728 3373 modo
751 3319 852 3394 potest
874 3306 990 3374 malam
1013 3308 1153 3376 uolunta-

236 3413 297 3462 tem
320 3399 447 3475 habere‚
472 3399 635 3483 praecipue
657 3416 729 3461 curn
752 3397 804 3462 illo
827 3395 884 3465 Dei
918 3395 994 3460 risio
1026 3415 1153 3482 semper
1239 3388 1240 3463 l

139 3496 143 3505 “
237 3485 275 3550 sit
298 3485 329 3548 io
353 3497 432 3563 actu,
455 3499 489 3550 ut
511 3486 541 3553 in
556 3485 645 3552 tertio
667 3485 799 3572 (libro)
821 3498 868 3552 est
879 3496 1048 3552 ostensum.
