2484 3975
493 205 530 250 ot
553 205 736 252 tnsnttnnmus
1003 190 1072 256 605·

147 278 248 365 aliqua
264 276 469 353 successione,
485 275 562 340 sieut
585 288 615 340 et
637 276 767 340 essentia
792 275 929 343 instantis
945 293 990 343 εει
1006 294 1066 347 tota

146 366 250 444 simul,
274 365 345 430 ideo
367 378 413 430 εει
435 384 533 430 unum
557 376 587 427 ει
610 363 692 428 idem
717 363 839 430 realiter
855 365 885 431 in
902 382 966 432 toto
981 384 1067 434 motu

146 475 216 530 suo,
237 453 292 522 sed
315 453 470 520 diversum
506 464 537 516 ει
571 451 725 518 divertunt
763 453 893 532 ratione
927 468 957 521 et
991 457 1068 522 haee

147 544 214 629 ejus
238 544 396 609 diuersitas
420 555 465 607 εει
488 553 569 606 ιοιιιε
593 555 695 606 motus
730 540 807 625 ejus,
844 542 931 629 eujus
966 545 1067 632 ipsum

146 632 263 698 mobile
286 630 457 698 seeundum
480 630 644 695 essentiam
668 629 744 694 nibil
766 644 822 707 est,
846 634 900 697 sed
934 648 981 698 est
1014 655 1068 720 pe-

146 722 230 786 nitus
254 733 337 786 extra
361 739 458 805 genus
482 718 558 804 ejus,
581 738 652 782 eum
677 720 777 805 ipsum
814 721 853 785 sit
889 721 1068 802 substantia,

146 822 249 874 motus
271 829 345 874 tero
368 808 519 884 aceidans3
553 805 664 872 eodem
698 826 771 872 tero
808 809 903 874 modo
940 811 1068 887 instans,

146 898 229 984 qttod
253 910 299 963 εει
322 917 466 964 mensura
491 898 585 984 ipsius
609 895 731 960 mobilis
746 916 880 982 sequens
895 900 1007 985 ipsum,
1022 917 1067 966 εει

146 1007 244 1052 uuum
263 985 432 1053 secundam
455 1005 533 1065 rem,
557 1004 628 1050 eum
653 984 729 1050 nihil
751 985 858 1070 perdat
873 987 913 1053 de
928 988 1068 1054 substan·

148 1077 187 1140 tia
211 1075 305 1160 ipsius
329 1073 452 1142 mobilis
475 1073 563 1160 eujus
587 1080 701 1138 instans
716 1089 763 1139 εει
779 1094 922 1142 mensura
946 1077 1067 1163 insepe-

146 1157 263 1239 rabilis,
286 1163 341 1230 sed
364 1164 520 1243 diversum
544 1175 579 1230 ει,
597 1161 754 1228 diversum
776 1165 947 1233 seeundum
976 1168 1067 1232 ratio-

143 1266 229 1330 'uem3
253 1254 382 1318 ethaeo
406 1251 473 1338 ejus
496 1250 654 1318 diversitas
678 1266 723 1316 est
747 1265 867 1338 tempus
898 1256 1063 1320 essetttiali·

146 1355 203 1421 tet,
225 1341 312 1427 nujus
335 1343 436 1428 ipsum
459 1341 585 1414 instans,
610 1339 693 1425 quod
728 1356 773 1406 est
810 1361 953 1408 mensura
976 1345 1067 1430 primi

145 1431 280 1510 mobilis,
304 1430 379 1496 nihil
403 1442 450 1496 εει
471 1430 642 1496 seeundum
666 1449 730 1507 eos3
763 1443 794 1495 ει
827 1431 898 1497 ideo
931 1432 1013 1497 aliud
1037 1434 1067 1498 in

147 1521 279 1585 essentia
303 1541 358 1584 sua
384 1534 430 1584 est
452 1519 568 1584 instant
591 1517 674 1602 quod
690 1531 735 1582 εει
751 1539 849 1583 unum
865 1521 896 1584 in
913 1533 976 1585 toto
992 1535 1068 1586 tem-

145 1629 220 1693 pore
233 1630 249 1674 a
264 1608 403 1694 quolibet
416 1608 539 1674 instanti
553 1614 636 1693 quod
649 1619 695 1671 εει
706 1607 737 1671 in
751 1621 813 1672 toto
826 1621 965 1694 tempore
976 1610 1024 1674 tel
1036 1625 1070 1675 ut

145 1697 327 1763 continuans
340 1697 388 1761 tel
403 1711 434 1760 ut
449 1697 607 1762 terminus.
622 1694 699 1759 lllud
713 1696 796 1760 euim
809 1698 1068 1763 instansestmeu·

145 1805 216 1850 suta
229 1787 361 1851 essentia
375 1785 464 1872 primi
477 1785 610 1862 mobilis,
622 1783 792 1850 seeundum
806 1785 941 1872 quudeat
949 1806 1069 1872 perma-

145 1895 233 1949 nens;
256 1875 377 1940 nullum
402 1887 504 1940 autem
527 1875 656 1940 istorum
672 1873 850 1940 instantium
874 1888 920 1940 εει
943 1895 1068 1942 mentu-

145 1983 178 2029 τε
202 1963 342 2050 alicujus,
356 1965 436 2051 'quia
460 1963 560 2050 ipsum
585 1978 719 2049 tempus,
742 1963 772 2028 iu
796 1985 858 2050 quo
874 1964 1069 2050 reperiuntur

146 2054 300 2139 praedicta
324 2053 477 2128 instantia,
493 2067 539 2118 est
555 2072 702 2118 mensura
718 2054 858 2119 omnium
877 2053 1069 2133 inferiorum,

146 2162 208 2209 uon
232 2142 332 2208 solum
356 2140 526 2207 seeundum
550 2162 623 2207 tuos
646 2155 758 2219 motus,
774 2141 829 2206 sed
845 2143 938 2206 etiam
960 2162 1066 2208 seeun-

41 2257 44 2263 ·
146 2231 221 2297 dum
245 2252 299 2296 sua
323 2230 494 2315 esse‚'quia
530 2230 675 2295 inleriota
709 2244 781 2295 sunt
815 2232 1068 2309 transmutabilia,

146 2340 208 2385 nou
231 2320 333 2385 solum
357 2319 529 2385 seeundum
553 2319 667 2394 laeum,
690 2318 745 2383 sed
769 2319 861 2383 etiam
897 2321 1066 2385 seeundum

144 2429 234 2475 suum
259 2428 336 2487 esse,
361 2429 431 2473 eum
446 2409 507 2472 siut
529 2407 750 2494 enrmptibilia;
763 2407 845 2472 unde
858 2407 963 2472 dieunt
985 2411 1067 2494 quod

82 2518 85 2523 ·
143 2498 257 2563 multos
281 2497 394 2584 decipit
425 2496 635 2581 aequivocatio
658 2496 806 2574 instantis,
829 2516 909 2582 quae
924 2495 1067 2581 multipli-

143 2586 219 2651 eiter
241 2587 313 2651 la'tet
338 2586 369 2650 in
392 2605 517 2672 genere,
545 2584 718 2651 seeundum
741 2584 976 2670 Philosophum.
1000 2586 1067 2651 Nou

143 2676 226 2740 euim
250 2689 295 2740 est
318 2674 443 2762 aliquod
468 2676 584 2741 instans
620 2674 703 2761 quod
738 2687 896 2738 mensuret
933 2673 1067 2760 aliquam

144 2782 210 2829 tem
236 2764 363 2829 inferius
387 2763 470 2850 quod
494 2763 575 2829 idem
599 2764 692 2831 sitin
716 2776 780 2828 toto
805 2767 944 2849 tempore
975 2763 1068 2849 ipsius

143 2867 257 2930 motus,
281 2874 351 2920 cum
376 2852 497 2918 nullum
522 2867 643 2939 tempus
666 2854 704 2918 tit
728 2851 869 2916 aeeitlens
892 2864 995 2916 motus
1023 2855 1067 2917 rei

142 2940 307 3020 inferioris,
334 2941 388 3007 sed
413 2943 502 3027 primi
526 2942 649 3007 mobilis
672 2953 801 3018 tantttm;
825 2939 918 3018 uude,
934 2960 1004 3004 eum
1019 2961 1068 3006 res

143 3028 446 3107 interiorumque,
484 3043 589 3095 motus
623 3029 691 3115 ejus
730 3042 775 3093 eat
813 3029 954 3093 accidens
992 3027 1070 3114 ejus:

143 3118 198 3182 sod
223 3132 343 3204 tempus
368 3117 434 3203 ejus
457 3138 520 3183 non
546 3133 594 3184 εει
616 3118 757 3185 accidens
773 3117 990 3203 humanatus,
1012 3120 1066 3181 sed

143 3227 288 3273 mensura
312 3220 445 3283 tantum;
468 3226 612 3273 mensura
637 3208 720 3272 enim
743 3219 789 3271 εει
812 3204 953 3271 accidens
976 3207 1066 3292 primi

144 3298 311 3362 mensurati
335 3308 453 3361 tuntum
478 3295 508 3361 in
534 3298 591 3361 isto
623 3315 754 3381 ¹genere,
792 3294 925 3359 aliorum
962 3308 1067 3359 autem

143 3404 286 3449 mensura
311 3398 440 3462 tantum,
464 3406 527 3450 non
550 3399 654 3450 autem
677 3383 831 3462 accidens3
847 3395 877 3449 ει
895 3382 965 3449 ideo
988 3396 1067 3447 tem·

141 3491 198 3558 pus
221 3494 282 3539 non
306 3488 350 3541 εει
374 3475 404 3540 iu
428 3472 531 3562 aliquo
555 3488 642 3541 motu
658 3472 785 3561 alitujut
809 3471 854 3539 rei
878 3470 1066 3561 corruptibi-
