2484 3975
391 234 703 303 mmmm
975 235 1014 301 Η

97 326 182 393 enim
204 325 248 391 rei
272 323 424 413 perfectae
445 340 476 391 et
497 325 690 391 subsistentis
712 336 769 397 eat,
801 321 857 389 aed
881 333 927 389 est
950 323 1017 409 ejoe

97 429 131 482 ut
155 434 190 480 ea
213 427 331 500 agatur,
353 426 399 479 est
421 415 505 481 enim
530 412 628 480 immo
665 411 850 499 principium
888 412 1018 479 actionis

95 523 159 591 quo
181 522 276 588 agens
299 504 369 587 agit.
394 502 481 568 Ratio
503 503 596 589 igitur
625 501 737 566 domus
757 500 793 567 io
830 513 936 567 mente
970 522 1018 567 ar·

95 592 184 658 tificis
208 612 270 656 non
294 590 356 669 ogit
379 590 520 669 domum,
541 590 596 655 sed
631 589 740 655 artifex
774 599 830 675 per
853 608 924 655 eam
961 589 1018 658 do·

95 700 184 745 mum
208 678 289 755 lacitt
312 679 449 748 Verbum
473 693 576 746 autem
591 678 661 758 Dei,
685 677 768 765 quod
791 690 838 743 est
867 677 946 743 ratio
968 697 1019 743 re-

96 790 167 835 rum
192 766 341 834 lectarum
366 787 383 832 a
406 768 484 846 Deo,
507 788 577 835 cum
601 768 643 833 sit
662 767 847 845 subsistens,
867 767 1019 851 agit,noo

96 858 199 925 solum
223 856 401 943 peripsum
423 857 540 944 aliquid
562 856 673 942 egitur:
696 869 728 921 et
760 854 832 921 ideo
866 851 924 921 Dei
961 854 1021 920 Sa·
1118 926 1122 931 ⁸

94 947 211 1033 piemia
234 945 378 1030 loquitur:
406 946 481 1011 Crem
504 966 539 1011 eo
561 966 649 1011 eram
679 956 790 1011 cuncto
824 962 1018 1027 componens,

95 1032 256 1111 Proverb,
278 1033 309 1109 8,
334 1035 386 1111 503
409 1047 440 1101 ct
461 1035 615 1101 Dominus
637 1033 724 1099 dicits
757 1033 853 1099 Peter
873 1053 960 1099 naeus
981 1054 1019 1098 tt·

97 1143 172 1208 sque
192 1122 285 1187 modo
307 1134 464 1208 operatur,
486 1135 517 1189 et
538 1144 592 1208 epo
615 1143 737 1206 operor,
757 1122 884 1200 locum,
907 1122 940 1202 b,
966 1122 1017 1187 tt.

164 1210 428 1279 Considerandum
452 1226 499 1279 est
521 1214 615 1278 etiam
637 1212 723 1297 quod
759 1231 810 1277 ret
847 1209 925 1277 lacta
962 1230 1018 1296 per

97 1301 285 1367 intellectum
308 1301 482 1388 praeexistit
506 1302 537 1367 in
572 1302 692 1367 ratione
729 1298 913 1379 intellectus,
945 1312 1018 1364 ante

96 1390 190 1454 etiam
213 1396 306 1475 quam
329 1391 368 1454 sit
390 1390 421 1456 in
445 1390 556 1478 seipsa3
580 1390 664 1476 prius
686 1388 771 1455 enim
792 1387 905 1453 domm
927 1387 1017 1453 estin

95 1478 215 1545 ratione
231 1476 354 1544 artificia
377 1498 471 1566 quam
494 1478 683 1567 perducatur
704 1479 736 1542 in
751 1490 864 1543 ectum.
880 1475 1018 1543 Verbum

96 1581 201 1633 autem
224 1566 281 1633 Dei
305 1580 351 1632 est
373 1570 450 1633 ratio
473 1568 613 1653 omnium
643 1584 861 1651 eorumquae
897 1585 916 1630 a
950 1564 1018 1630 Deo

95 1668 168 1720 sunt
189 1654 279 1731 iacta,
303 1670 335 1721 ut
357 1668 515 1723 ostensum
539 1670 595 1721 cst.
618 1653 748 1742 Oportet
761 1652 853 1738 igitur
876 1652 960 1741 quod
983 1674 1018 1719 o·

96 1745 182 1809 mnia
204 1763 283 1830 quae
306 1756 375 1809 sum
400 1744 476 1811 lacta
499 1744 595 1811 aDeo
609 1743 837 1830 praeeatiterint
867 1742 898 1807 in
915 1740 1017 1807 Verbo

97 1831 156 1897 Dei
179 1847 344 1918 antequam
368 1832 428 1899 sint
450 1834 543 1899 etiarn
561 1834 593 1897 in
622 1832 744 1921 propria
767 1842 886 1897 natura.
924 1830 1017 1913 Quod

97 1933 202 1988 autem
219 1934 265 1985 est
287 1921 318 1986 io
342 1921 444 2008 aliquo
466 1935 512 1989 est
534 1924 565 1988 in
590 1942 628 1986 eo
651 1941 707 2009 per
730 1919 860 1985 modom
895 1917 962 2005 cius
985 1920 1018 1984 iu

99 2030 162 2095 quo
183 2023 239 2089 est,
262 2023 293 2074 et
316 2031 377 2076 nou
401 2032 458 2098 per
478 2012 637 2099 proprium
677 2010 818 2087 modumt
851 2008 963 2075 domus
985 2030 1017 2075 e·

97 2099 163 2163 nim
186 2099 218 2164 in
240 2113 344 2164 mente
367 2100 490 2166 aroneis
513 2099 744 2183 intelligibiliter
767 2111 797 2164 et
830 2097 1019 2164 immateria-

95 2185 167 2252 liter
190 2187 298 2253 existit.
338 2188 397 2253 liea
420 2189 513 2274 igitur
537 2188 755 2272 intelligendae
777 2198 848 2252 suot
871 2187 903 2252 io
917 2186 1019 2252 Verbo

96 2274 154 2340 Dei
178 2275 386 2360 praeextitisse
423 2277 595 2342 secundum
621 2277 750 2342 modum
784 2274 876 2343 Verbi
912 2275 1018 2363 ipsius.

96 2362 149 2428 Est
170 2377 273 2428 autem
297 2365 408 2430 modus
431 2365 522 2434 Verbi
546 2366 641 2452 ipsius
662 2364 748 2450 quod
770 2363 809 2428 sit
821 2383 930 2440 ooutn,
942 2364 1018 2429 sim·

99 2452 179 2538 plex,
203 2453 414 2532 immateriale,
434 2467 467 2519 et
493 2471 557 2519 uon
580 2454 683 2518 solum
705 2452 823 2529 viteus,
846 2451 901 2516 sed
925 2452 1017 2518 etiam

99 2541 170 2620 vita,
193 2561 264 2608 eum
287 2542 323 2607 sit
347 2562 438 2608 soum
462 2563 540 2607 esse.
562 2540 693 2628 Oportet
715 2541 809 2625 igitur
846 2538 931 2624 quod
969 2560 1018 2605 res

98 2628 196 2697 sactae
219 2649 235 2694 a
259 2629 326 2695 Deo
348 2631 575 2716 praeextiterint
612 2631 644 2694 in
672 2628 774 2695 Verbo
811 2626 870 2692 Dei
894 2629 934 2694 ab
967 2648 1020 2694 ae-

97 2731 187 2784 terno
211 2718 455 2784 immaterialiter
477 2732 507 2784 et
529 2719 648 2804 absque
670 2717 757 2783 omni
782 2717 1019 2803 compositione,

97 2821 130 2870 et
151 2806 234 2894 quod
258 2808 334 2874 nibil
357 2807 439 2873 aliud
464 2809 494 2872 in
519 2828 557 2872 eo
580 2810 642 2872 siut
657 2825 752 2892 quam
764 2804 866 2891 ipsum
881 2806 1018 2873 Verbum

97 2898 181 2982 quod
203 2909 247 2962 est
269 2899 340 2975 vita;
363 2897 594 2984 propterquod
619 2896 740 2962 dicitur:
772 2894 861 2974 Quod
902 2895 1020 2978 foetum

98 2996 145 3049 eet
174 2986 207 3049 in
241 2985 312 3070 Ipso
347 2987 412 3051 cito
446 2997 528 3066 erat,
560 2985 673 3059 ioan,
708 2984 738 3062 l,
760 2983 840 3062 bl,
874 2983 953 3050 idest
986 2984 1019 3049 in

98 3072 210 3141 Verbo.
234 3074 317 3141 Sicut
341 3088 443 3140 autem
468 3093 600 3161 operans
626 3093 680 3159 per
703 3071 893 3137 intellectum
917 3086 948 3136 et
964 3092 1020 3160 per

97 3162 250 3227 rationem
274 3183 367 3250 quam
391 3163 473 3251 apud
497 3183 530 3228 te
554 3161 647 3226 habet
671 3181 720 3225 res
735 3161 765 3225 in
784 3179 852 3226 esse
867 3160 1019 3247 producit,

97 3251 137 3315 ita
153 3249 245 3316 etiam
261 3253 312 3337 qui
327 3251 421 3318 aliurn
437 3251 528 3316 docet
543 3270 599 3338 per
615 3249 768 3315 rationem
783 3268 878 3334 quam
891 3246 972 3335 apud
985 3270 1020 3314 se

99 3338 194 3404 habet
216 3339 373 3405 seientiam
397 3341 556 3406 causatio
580 3339 644 3416 illo,
667 3357 739 3403 cum
777 3337 904 3402 scientia
928 3336 1019 3404 disci-

100 3426 163 3513 puli
186 3428 224 3492 sit
247 3427 417 3493 deductae
456 3428 582 3494 seientia
620 3426 770 3503 docentis,
803 3426 883 3491 sicut
915 3425 1019 3512 imago

100 3515 250 3603 quaedam
274 3516 377 3605 ipsius.
402 3517 486 3584 Deus
509 3531 613 3586 autem
637 3537 700 3583 ooo
733 3516 834 3584 solum
858 3526 904 3584 est
925 3535 1018 3584 causa
