2484 3975
336 232 374 276 on
397 233 581 281 sunsraurrts
605 234 757 280 serratus
938 212 1003 282 495

87 299 300 368 immateriales
330 302 517 368 substantiae
547 325 564 368 a
588 304 655 372 lieo
680 304 794 370 trabant
826 303 1004 370 immediate

86 389 165 476 quod
187 391 259 467 sint,
281 389 321 458 ab
343 409 383 456 eo
406 393 583 458 immediate
606 393 720 458 habeut
743 391 828 478 quod
850 393 951 458 uivaut
973 407 1005 458 et

87 478 284 544 intellectivam
306 478 377 545 sint.
402 479 434 545 Si
468 477 669 567 quid'autem
700 482 823 546 advenit
845 483 889 548 eis
911 499 1003 569 snpra

87 588 189 633 eorum
213 568 388 642 essentiam,
413 585 484 654 puta
509 569 724 654 intelligibiles
738 571 855 655 species
877 571 924 637 rel
948 570 1003 638 ali-

86 655 155 742 quid
177 655 370 741 hujusmodi,
390 672 539 742 quantum
562 658 601 722 ad
627 659 696 726 talia
721 671 818 744 potest
835 659 1003 746 platonico·

86 765 152 810 rum
173 746 278 830 opinio
301 745 479 830 procedere,
504 759 537 810 ot
558 747 674 814 seilicet
702 749 790 834 (ea)
815 746 1003 833 hujusmodi,

87 836 117 898 in
146 832 339 898 inferioribus
369 835 618 902 immaterialium
642 837 894 912 substantiarum,
917 837 1004 902 inve·

86 923 205 988 niaotur
226 923 334 988 ordine
356 922 492 1010 quodam
515 945 532 988 a
555 926 767 1012 superioribus
789 925 938 992 derivata.
992 981 995 986 .

398 1098 584 1166 CAPUT
621 1101 687 1169 xu.

222 1278 335 1363 Opinio
360 1277 513 1364 Oriqertim
534 1290 564 1345 ct
587 1281 654 1365 ejus
675 1277 864 1364 reprobatio.

147 1454 231 1521 Siout
257 1469 360 1520 autem
373 1458 547 1542 praedictae
561 1457 739 1542 positiones,
755 1456 1002 1524 immaterialium

84 1543 323 1609 substantiarum
351 1545 492 1609 ordinem
527 1545 767 1620 considerantes,
801 1566 862 1612 nott
892 1547 1003 1614 imme·

82 1632 174 1712 diate,
196 1632 250 1698 sed
274 1633 383 1698 ordine
405 1634 552 1718 quodam,
576 1655 684 1698 earum
709 1653 887 1721 processum
905 1655 921 1698 a
942 1637 1003 1722 pri·

81 1741 133 1785 mo
160 1721 310 1808 principio
345 1721 547 1800 tradiderunt,
579 1723 620 1786 ita
659 1722 752 1807 aliqui
788 1743 806 1788 e
842 1743 1003 1803 converso,

81 1809 218 1876 volentes
240 1811 357 1874 saltare
390 1810 604 1876 immediatum
639 1831 746 1876 aarum
781 1831 1000 1894 processurae

81 1899 242 1985 principio,
265 1898 397 1963 totaliter
419 1899 459 1962 ab
485 1901 531 1964 eis
564 1912 692 1964 naturae
725 1900 866 1964 ordinem
900 1915 1002 1968 austu·

79 1988 192 2064 lerunt;
213 1988 303 2073 cujus
329 1986 488 2073 positionis
521 2004 629 2054 auctor
664 1989 816 2055 iuvenitur
851 1986 1002 2076 Origenes

78 2075 184 2141 luisse.
208 2076 416 2144 consideravit
439 2077 521 2143 enirn
545 2078 629 2163 quod
644 2079 683 2143 ab
698 2099 761 2144 uno
781 2077 866 2162 justo
896 2093 1002 2145 aucto·

77 2184 112 2229 re
146 2184 197 2231 res
222 2165 360 2230 diversae
389 2178 420 2228 et
442 2166 618 2252 inaequales
642 2186 703 2231 uon
738 2183 861 2253 possent
896 2188 1002 2254 proce·

75 2253 163 2331 dere,
185 2254 243 2319 nisi
258 2254 360 2339 aliquo
372 2254 548 2320 diversitate
567 2254 781 2341 praecedente
795 2256 879 2321 nulla
897 2271 1001 2324 autem

74 2343 239 2409 diversitas
268 2342 454 2428 praeoedere
489 2345 587 2427 potuit
609 2344 742 2429 primam
766 2344 1003 2430 productionem

68 2452 182 2499 rerum
206 2452 223 2495 a
247 2430 325 2509 Deo,
348 2452 428 2517 quae
451 2432 529 2497 nihil
552 2433 784 2519 praesupponit;
807 2432 889 2499 unde
905 2454 1003 2521 poue·

72 2520 129 2585 bat
151 2539 262 2585 omnes
283 2539 333 2585 res
356 2520 454 2585 aDeo
471 2523 574 2605 primo
590 2521 753 2606 productas
764 2541 832 2586 esse
846 2522 1000 2609 aequales.

73 2608 177 2688 Unde,
189 2608 259 2695 quia
276 2628 406 2696 corpora
422 2610 666 2695 incorporalibus
682 2610 860 2699 substantiis
877 2614 1003 2697 aequari

71 2717 139 2763 nou
165 2710 304 2785 possunt,
331 2696 432 2783 posuit
465 2698 497 2761 in
533 2700 631 2784 prima
658 2702 768 2763 'rerum
804 2698 1005 2785 productione

71 2806 209 2872 corpora
233 2806 295 2852 non
328 2784 432 2865 luisse,
460 2786 516 2851 sed
539 2784 623 2872 quod
646 2786 845 2872 postmodum
869 2788 962 2857 relius
986 2810 1004 2855 a

68 2876 144 2942 Deo
171 2875 328 2962 productis
361 2874 520 2941 diversitas
556 2875 720 2941 interuenit
753 2895 790 2941 ex
827 2874 1004 2943 diversitate

68 2976 222 3031 motuum
260 2963 426 3029 voluntatis
463 2963 713 3033 immaterialium
751 2964 1003 3045 substantiarum,

68 3072 158 3139 quae
180 3073 219 3119 ex
241 3073 296 3119 aua
316 3065 427 3118 natura
443 3052 558 3119 habent
570 3052 687 3117 arbitrii
703 3051 885 3120 libertatem.
901 3053 1003 3136 Quae·

67 3142 149 3207 dam
172 3141 265 3228 igitur
299 3161 406 3207 earum
430 3141 459 3206 io
498 3162 590 3207 suurn
629 3141 827 3228 principium,
861 3144 1003 3211 ordinata

64 3244 164 3297 motu
186 3230 360 3309 voluntatis,
382 3250 558 3309 conversae,
580 3230 612 3293 in
647 3230 757 3298 melius
790 3228 1003 3317 profanarum,

65 3333 102 3387 ct
127 3321 192 3387 hoc
213 3318 420 3386 diversimode
448 3318 620 3385 secuudum
645 3318 807 3393 voluntarii
831 3333 934 3387 motus
957 3319 1003 3387 di·

66 3410 266 3486 versitatem3
289 3407 372 3475 uude
395 3420 426 3473 et
447 3408 528 3473 iuter
557 3428 625 3473 ens¹
646 3406 799 3495 quaedam
831 3420 903 3478 sunt
935 3408 1002 3477 aliis
1051 3486 1053 3491 ,

65 3500 256 3586 superiores
287 3497 424 3565 effectae.
458 3496 543 3565 tiliae
577 3516 668 3575 vero,
707 3496 1002 3573 inordinatomrtu
1037 3581 1042 3591 q
