2484 3975
220 211 288 279 252
538 235 594 280 mn.
619 235 657 279 rr.
683 233 745 278 cur.
771 233 848 278 trax.
920 231 921 236 ’

220 305 279 368 lroc
291 299 430 367 diversae
443 300 596 368 Ecclesiae
611 305 766 370 diuersum
784 304 816 367 in
833 303 891 368 hoc
906 323 996 368 usum
1013 301 1142 384 habent,

219 402 439 474 centrumque
460 411 633 474 congruere
657 406 755 480 potest
789 391 1002 476 significationi
1038 413 1142 460 sacra·

218 477 325 545 menti.
348 478 437 558 Nam,
460 494 492 544 ut
515 480 684 565 Gregorius
707 481 779 548 dicit
792 481 822 545 in
836 480 985 565 Registro,
1000 479 1139 549 Romana

216 567 349 633 Ecclesia
372 567 461 632 offert
483 589 611 654 ammos
625 591 729 656 panes,
753 582 914 656 propterca
937 569 1139 654 quodDumi-
1234 627 1235 634 ,

215 677 274 722 nus
296 655 365 722 aine
387 657 449 721 ulla
480 660 700 724 commixtione
737 679 863 730 curarem
901 659 1044 744 suscepit;
1081 660 1138 726 scd

216 758 358 812 caeterae
387 745 540 812 Ecclesiae
574 747 706 814 oderunt
739 747 969 820 fermentatum,
1009 766 1064 832 pru
1097 768 1139 814 eo

217 833 302 919 quod
324 832 461 900 Verbum
485 833 583 901 Patris
605 835 748 902 indutum
772 847 817 901 est
830 855 922 900 carue
939 848 969 900 et
986 849 1032 899 est
1048 855 1140 902 uerus

216 922 303 988 Deus
325 935 469 988 ermerus
492 922 598 1000 homo,
620 927 698 991 sicut
721 939 752 990 et
785 923 972 990 fermentum
1008 926 1139 990 commi-

217 1026 322 1078 rcetur
344 1009 469 1077 latinae.

282 1099 431 1184 Congruit
453 1113 556 1166 tamen
578 1101 677 1187 magis
700 1101 821 1189 puritati
841 1100 983 1188 corporis.
1001 1101 1132 1186 mystici,

213 1187 293 1254 idest
315 1188 478 1268 Ecclesiae,
499 1209 579 1274 quae
603 1190 634 1255 in
674 1190 732 1256 hoc
768 1203 961 1256 sacramento
995 1188 1137 1274 conligu-

212 1290 309 1355 ratur,
331 1297 403 1342 usus
426 1280 523 1364 azymi
549 1279 646 1363 panis,
669 1279 839 1346 secundum
876 1277 952 1343 illud
986 1279 1134 1363 Apostoli:

211 1365 334 1431 Porcina
373 1377 513 1432 nostrum
544 1369 723 1432 immolatur
758 1379 802 1432 cat
840 1367 989 1431 Christus.
1026 1366 1136 1452 Itaque

210 1455 416 1537 epulemur...,
436 1457 472 1520 ira
498 1458 622 1542 azymis
657 1457 844 1522 sinceritatis
878 1467 908 1521 et
941 1456 1131 1532 ueritatis,l

211 1541 279 1608 (loe.
305 1542 335 1621 ll,
351 1543 419 1608 7-8.
917 1627 921 1632 Ι

277 1631 337 1696 Per
359 1631 420 1696 lroo
453 1644 557 1696 autem
594 1631 767 1698 excluditur
804 1652 892 1698 error
926 1631 1136 1717 quorumdam

211 1719 437 1798 naereticorum
461 1722 524 1808 (l),
545 1721 597 1806 qui
621 1721 726 1786 dicunt
739 1721 769 1786 in
784 1742 893 1808 azymo
905 1735 1134 1787 sacramentum

211 1807 271 1873 hoc
294 1808 443 1874 celebrari
479 1829 541 1875 non
580 1830 680 1895 posse:
720 1810 803 1896 quod
843 1811 937 1876 etiam
975 1809 1137 1874 euidenter

209 1897 364 1981 Evangelii
388 1899 568 1963 austeritate
590 1898 765 1973 destruitur.
791 1899 908 1965 Dicitur
939 1897 1022 1964 enim
1048 1899 1134 1982 quod

210 1985 372 2065 Dominus,
395 1989 494 2073 prima
518 1988 570 2052 die
591 2008 784 2073 azymorum,
809 1989 1015 2075 pesenacum
1040 1986 1135 2053 disci-

208 2074 287 2159 pulis
309 2076 374 2141 auis
396 2077 530 2141 comedit
553 2089 583 2140 ct
597 2090 671 2143 tuuc
683 2079 741 2143 hoc
754 2091 980 2142 sacramentum
1002 2077 1134 2142 instituit

207 2162 349 2249 (Matth,
371 2163 552 2239 auctae,
581 2165 633 2243 tu
668 2166 752 2245 Luc,
790 2164 869 2251 DE)
908 2165 986 2247 Cum
1025 2177 1132 2233 aurem

207 2273 269 2317 non
292 2267 373 2318 esset
396 2252 523 2331 licitum,
546 2255 718 2320 secundum
760 2253 873 2339 legem,
909 2252 1005 2340 quod,
1030 2254 1132 2337 prima

206 2341 259 2406 die
282 2362 473 2427 azymorum,
496 2341 714 2409 fermentatum
739 2342 1133 2409 indomibusludaeorum

204 2430 404 2512 inueniretur,
427 2445 459 2495 ut
497 2444 580 2517 patet
614 2431 708 2497 Exodi
744 2432 940 2508 duodecimo,
977 2430 1133 2497 Dorulaus

205 2531 321 2596 autem,
343 2518 493 2604 quamdiu
517 2518 572 2584 luit
596 2520 627 2584 in
652 2520 778 2597 mundo,
810 2520 911 2605 legem
951 2520 1132 2598 servaverit,

205 2605 402 2673 manifestum
425 2622 471 2673 cst
504 2607 588 2693 quud
623 2629 734 2693 panem
769 2630 911 2695 azymum
948 2606 979 2671 ln
1014 2628 1132 2695 corpus

205 2715 297 2760 auum
321 2697 470 2760 conuertit
491 2712 522 2761 ct
545 2696 701 2783 discipulis
724 2696 910 2762 sumendum
934 2696 1028 2759 dedit.
1045 2695 1130 2763 Stul-

208 2796 273 2848 tum
296 2799 343 2848 est
355 2784 448 2870 igitur
464 2786 639 2872 improbare
663 2786 691 2849 in
706 2806 762 2851 otu
781 2785 931 2851 Ecclesiae
947 2784 1130 2853 Latinorum

205 2871 288 2958 quod
313 2872 465 2939 Dominus
488 2874 519 2939 in
541 2876 605 2961 ipsa
629 2874 818 2941 institutione
839 2873 930 2960 hujus
942 2876 1130 2941 sacramenti

205 2963 348 3027 servarit.

271 3048 438 3117 Sciendum
463 3065 566 3117 tamen
596 3050 681 3137 quod
720 3051 847 3139 quidam
882 3050 988 3117 dieunt
1025 3049 1130 3136 ipsum

166 3137 169 3143 '
205 3140 399 3224 praevenisse
436 3140 519 3205 diem
556 3160 737 3226 azymorum
780 3153 905 3227 propter
951 3139 1129 3224 passionom

205 3225 432 3306 imminentem,
456 3241 485 3293 et
509 3243 583 3295 tunc
608 3228 791 3295 fermentato
813 3249 893 3313 pane
936 3248 1009 3291 eum
1034 3248 1130 3293 usum

204 3313 310 3390 luisse3
332 3316 415 3401 quod
439 3318 563 3403 quidem
587 3318 751 3382 ostendere
775 3319 911 3383 nituntur
933 3336 970 3380 ex
993 3314 1129 3381 duabus

204 3402 320 3492 Primo,
341 3425 379 3470 ex
402 3406 461 3470 laoc
483 3406 566 3491 quod
590 3404 701 3470 dicitur
718 3406 811 3491 quod,
828 3417 899 3470 aute
914 3404 996 3469 diem
1007 3404 1127 3485 [catum

222 3548 226 3554 .
255 3504 294 3575 (l)
313 3509 353 3561 Cf.
370 3509 398 3565 S.
416 3510 539 3578 Anselm„
559 3510 643 3580 Eptat.
661 3512 693 3563 de
711 3512 875 3565 Fermentola
893 3518 918 3565 et
938 3512 1046 3581 Azymu
