2484 3975
241 232 304 299 Μ
481 249 934 302 mmmmmm

237 339 407 407 perquam
430 319 522 385 etiarn
536 321 734 387 inveniuntur
772 322 897 408 antiqua
920 321 1056 389 Concilio
1086 343 1162 392 csse

236 409 427 476 confirmata.

301 497 453 563 luducuut
475 497 567 561 etiarn
592 496 675 583 quod
699 496 829 583 Spiritus
853 497 993 578 Sanetus,
1020 503 1161 569 comsit

234 586 374 675 simplex,
398 606 459 650 non
485 598 583 671 potest
606 607 674 650 esse
697 607 714 650 a
738 587 870 664 duobus,
901 601 931 652 et
952 589 1035 673 quod
1060 589 1161 678 Spiri-

235 692 283 742 tus
306 675 446 750 Sanctus,
469 675 493 739 si
519 673 653 760 perfecte
677 677 822 760 procedat
845 697 863 740 a
887 676 988 755 Patre,
1010 698 1162 767 uonpro·

234 765 316 830 cedit
338 785 355 828 a
379 764 467 840 Filio,
491 777 520 827 et
555 761 613 828 alia
649 763 838 845 hujusmodi,
872 784 953 850 quae
985 764 1073 832 facile
1110 782 1161 836 est

234 855 355 921 solvere
377 853 469 917 etiam
495 872 602 936 parum
628 854 658 916 in
682 853 851 937 'l'lteologia
875 855 1057 920 exercitatis.

300 943 377 1008 llam
401 941 492 1006 Pater
527 954 556 1005 ct
594 939 689 1006 Filius
722 956 794 1006 sunt
832 962 929 1006 unum
967 943 1160 1031 principium

234 1030 365 1118 Spiritus
388 1029 490 1095 Sancti
515 1043 640 1116 propter
663 1028 810 1095 unitatem
834 1030 956 1096 divinae
972 1033 1103 1111 virtutis,
1128 1049 1161 1101 et

233 1141 295 1186 una
308 1119 509 1208 productione
533 1119 708 1204 producunt
731 1119 879 1205 Spiritum
903 1119 1159 1200 Sanctum,sieut

235 1210 326 1275 etiarn
352 1220 412 1273 tres
436 1227 587 1293 personae
610 1222 682 1273 sunt
718 1229 814 1273 unum
848 1209 1034 1294 principium
1068 1232 1157 1279 crea·

235 1311 333 1376 turae,
354 1309 385 1363 et
408 1317 469 1362 una
492 1297 612 1361 actione
634 1310 807 1363 creaturam
834 1296 1027 1383 producam·
1106 1338 1109 1346 ·

541 1473 709 1561 odoror
738 1475 843 1543 xxvi.

293 1653 383 1736 Quod
403 1674 464 1718 nott
487 1663 558 1718 sunt
579 1653 641 1716 nisi
663 1664 725 1717 tres
743 1674 896 1737 personae
917 1656 951 1720 itt
972 1655 1099 1734 divinis,

320 1744 436 1809 scilicet
458 1743 563 1821 Peter,
585 1741 685 1806 Filios
708 1755 737 1806 et
761 1741 897 1827 Spiritus
920 1743 1063 1811 Sanctus.

181 1959 185 1970 κ
296 1921 339 1986 Ex
361 1920 409 1988 his
432 1920 525 2004 igitur
548 1938 627 2006 quae
651 1918 730 1984 dicta
753 1933 835 2001 sunt,
866 1921 1006 2009 accipere
1028 1934 1158 2007 oportet

230 2011 314 2097 quod
338 2010 369 2075 in
393 2011 495 2075 divina
533 2022 643 2072 natura
683 2023 743 2075 tres
782 2032 933 2096 personae
970 2009 1157 2091 subsistunt,

1219 860 1223 1125 l

230 2098 322 2165 l’ater
344 2112 375 2165 ct
399 2098 494 2163 Filius
517 2110 547 2160 at
570 2096 700 2181 Spiritus
724 2097 865 2178 Sanctus,
882 2114 913 2165 et
935 2099 1019 2186 quod
1043 2100 1075 2164 hi
1090 2112 1155 2165 tres
1220 2107 1221 2160 t

230 2206 301 2253 sunt
324 2207 404 2253 unus
428 2186 524 2262 Deus,
546 2185 621 2250 solis
646 2186 845 2253 relationibus
868 2188 907 2253 ab
937 2189 1070 2254 invicem
1104 2188 1154 2253 di·

229 2276 339 2343 stincti.
364 2276 454 2343 Pater
478 2276 561 2339 enirn
586 2295 602 2337 a
627 2275 704 2339 Filio
728 2278 924 2361 distinguitur
959 2276 1153 2364 paternitatis

229 2366 378 2430 relatione
400 2379 430 2430 ct
453 2362 698 2437 innascibilitate;
721 2365 814 2429 Filius
852 2380 957 2431 autem
996 2386 1014 2431 a
1047 2364 1153 2445 Patre,

229 2453 378 2523 relatione
402 2452 567 2528 filiationis
591 2452 683 2517 Pater
704 2466 808 2518 autem
832 2468 862 2519 et
892 2454 986 2519 Filius
1024 2474 1042 2518 a
1080 2453 1153 2541 Spi-

229 2543 289 2608 ritu
313 2542 435 2619 Sancto‚
460 2542 639 2629 spiratione,
663 2554 695 2606 ut
718 2542 757 2606 ita
781 2543 911 2620 dieatun
941 2542 1072 2628 Spiritus
1095 2564 1152 2609 eu-

228 2645 290 2697 tem
312 2634 442 2697 Sanctus
466 2652 483 2695 a
506 2630 596 2694 Patre
619 2642 650 2693 et
673 2631 759 2710 Filio,
792 2632 988 2718 processione
1021 2633 1149 2709 amoris,

227 2739 287 2805 qua
310 2720 349 2785 ab
373 2735 505 2805 utroque
529 2718 677 2806 procedit.

295 2808 418 2873 Praeter
442 2809 496 2873 has
522 2821 582 2872 tres
607 2827 754 2892 personas
777 2829 840 2873 non
862 2821 909 2875 est
946 2821 1091 2896 quartum
1114 2810 1148 2875 iu

227 2894 329 2961 divina
353 2910 462 2962 natura
490 2916 614 2982 ponere.

293 2985 448 3051 Personae
471 2984 555 3049 enim
578 2984 711 3060 divinae,
735 3004 805 3049 cum
831 2985 861 3050 in
878 2984 1009 3051 essentia
1033 3006 1148 3053 conre-

226 3074 323 3151 niaot‚
344 3094 407 3138 non
432 3087 564 3160 possunt·
594 3074 741 3155 distingui
779 3074 836 3138 nisi
876 3094 930 3159 per
963 3074 1147 3141 relationem

227 3162 363 3246 originis,
386 3175 418 3227 ut
441 3182 479 3227 ex
502 3161 589 3227 dictis
612 3165 654 3248 (c.
678 3163 735 3246 ll)
761 3175 851 3249 patet.
877 3162 935 3228 llas
957 3176 1061 3227 antem
1084 3165 1148 3229 ori-

116 3306 121 3323 .
225 3252 305 3334 ginis
336 3251 501 3317 relationes
539 3252 678 3336 accipere
717 3265 836 3337 oportet
872 3270 937 3316 non
971 3250 1146 3319 secundum

225 3340 455 3423 processionem
492 3340 522 3404 in
558 3340 709 3404 exteriora
744 3340 921 3404 tendentem
954 3340 1025 3427 (sic
1057 3340 1145 3407 euim

226 3427 397 3510 procedens
419 3447 483 3492 nou
517 3440 597 3491 esset
631 3428 829 3493 coessentiale
862 3448 919 3493 suo
957 3427 1146 3513 principio),

225 3514 281 3578 sed
304 3528 425 3602 oportet
447 3515 530 3601 quod
554 3516 709 3601 processio
732 3517 858 3582 interius
881 3518 1035 3583 consistat.
1052 3516 1146 3600 Quod
