2484 3975
326 284 363 328 na
386 284 569 330 soesrturus
592 285 746 331 serantrrs
926 265 990 330 tua

77 350 213 437 possibile
235 365 300 416 orat
322 373 360 418 ex
382 373 418 418 ea
441 353 578 419 diversas
615 376 666 419 res
702 353 871 426 instituere,
904 355 990 420 attri-

78 442 194 507 buendo
215 442 342 507 diversis
364 441 501 528 partibus
524 441 590 526 ejus
612 441 727 508 formas
751 441 895 507 diversas:
934 464 990 527 po·

77 543 149 597 terat
170 529 252 594 enirn
276 533 306 594 in
330 529 380 594 illa
402 532 560 596 communi
584 533 722 608 materia,
738 551 808 596 cum
822 531 991 616 corporalis

78 632 161 696 esset,
196 619 322 700 intelligi
346 619 453 683 divisio
476 619 648 684 secundum
684 619 897 706 quantitatem.
931 619 991 684 lle-

76 723 153 773 mota
176 721 279 772 autem
303 707 452 773 diuisione
473 728 553 794 quae
586 722 633 773 est
665 707 836 774 secundum
871 708 991 794 quanti·

76 811 175 875 tatem,
196 817 259 861 non
283 808 424 862 remanet
446 797 505 862 nisi
526 795 635 862 divisio
658 796 830 864 secundnm
858 795 993 864 formam

77 887 124 951 rel
144 886 314 951 secuudum
337 887 507 950 materiam.
531 885 563 950 Si
587 887 680 970 igitur
713 899 846 974 ponatur
868 887 992 951 univer·

77 975 144 1040 salis
166 975 291 1038 materia
315 987 461 1061 quaeest
483 975 657 1039 communis
690 976 829 1040 omnium
852 973 992 1040 substan-

77 1065 125 1142 tia,
148 1085 208 1128 non
232 1063 350 1128 liabens
383 1063 414 1128 in
448 1064 494 1128 sui
529 1065 648 1128 ratione
682 1063 892 1148 quantitatem,
925 1062 993 1148 ejus

77 1152 181 1217 divisio
203 1173 265 1217 non
289 1164 387 1237 potest
410 1151 536 1235 intelligi
560 1153 617 1216 nisi
653 1153 701 1218 vel
734 1151 904 1218 secundum
928 1151 991 1218 lor·

76 1261 156 1305 mam
179 1241 226 1306 vel
249 1240 419 1305 secuudum
444 1240 604 1306 materiam
643 1241 750 1328 ipsam.
776 1239 853 1306 Cum
887 1254 995 1308 autem

76 1330 183 1395 dicitur
205 1330 287 1416 qaod
312 1329 438 1394 materia
463 1331 643 1416 incorporea
674 1330 847 1395 communis
882 1331 993 1413 partim

75 1419 181 1504 recipit
217 1419 348 1484 formam
391 1419 471 1483 hanc
508 1433 538 1484 et
573 1421 682 1504 partim
719 1419 826 1504 recipit
861 1416 995 1483 sormam

78 1508 183 1581 illam,
217 1506 327 1571 divisio
364 1507 510 1572 materiae
546 1507 806 1594 praesupponitur
842 1506 998 1573 diversita-

78 1597 98 1659 ti
138 1595 308 1661 lormarum
333 1595 363 1660 in
399 1597 527 1660 materia
563 1611 768 1681 receptarum.
802 1595 869 1660 Non
907 1596 1000 1676 igitur

76 1685 125 1751 illa
152 1685 260 1749 divisio
289 1697 388 1766 potest
421 1685 591 1748 secundum
623 1686 678 1750 has
716 1683 831 1750 formas
860 1684 999 1770 intelligi.

76 1773 107 1837 st
131 1794 206 1858 ergo
229 1772 417 1856 intelligatur
439 1772 610 1838 secundum
626 1772 741 1840 formas
757 1773 885 1858 aliquas,
910 1793 1001 1859 opor·

77 1875 119 1926 tet
141 1862 225 1947 quod
249 1862 435 1946 intelligatur
457 1861 628 1927 secundum
652 1862 767 1927 formas
785 1862 913 1946 priores,
925 1883 1002 1948 quaa

77 1965 188 2017 neutra
211 1951 340 2016 materia
365 1970 419 2036 per
442 1964 538 2015 totum
562 1951 679 2037 recipit.
714 1951 801 2017 Unde
835 1963 957 2037 oportet
979 1950 1003 2015 i-

77 2054 179 2105 terum
202 2040 233 2104 in
257 2041 385 2104 materia
411 2039 657 2126 praeintelligere
679 2040 861 2106 divisionem
886 2041 932 2105 vel
955 2040 1003 2104 di·

76 2129 274 2195 stinctionem
297 2148 536 2214 quamcumque.
555 2129 616 2193 Erit
635 2130 771 2213 igituret
794 2129 871 2195 haec
891 2149 1002 2194 secun-

76 2218 154 2283 dum
177 2218 253 2282 alias
275 2216 390 2281 formas
414 2218 445 2281 in
468 2218 633 2293 inlinitum,
671 2218 719 2283 rel
753 2232 873 2303 oportet
906 2218 1001 2283 dete·

75 2308 145 2371 nire
170 2305 208 2370 ad
234 2306 293 2370 hoc
315 2306 398 2392 quod
423 2304 521 2390 prima
545 2307 653 2372 divisio
691 2307 730 2372 sit
767 2305 939 2371 secundum
974 2307 999 2370 i-

77 2414 166 2481 psam
191 2395 362 2458 materiam.
387 2394 454 2460 Non
478 2407 524 2457 est
556 2407 660 2459 autem
694 2393 803 2459 divisio
826 2394 998 2461 secundum

77 2483 240 2547 materiam
263 2483 319 2547 nisi
342 2484 413 2569 quia
440 2484 567 2547 materia
590 2484 761 2548 secundum
795 2485 928 2568 seipsam
950 2484 999 2549 di·

75 2573 254 2655 stinguitur,
278 2592 339 2635 non
363 2585 489 2657 propter
510 2571 664 2637 diuersam
693 2571 925 2658 dispositionem
949 2574 998 2641 rel

76 2659 212 2725 sormam
236 2672 287 2725 aut
310 2661 523 2745 quantitatem,
546 2661 618 2747 quia
642 2660 701 2725 hoc
733 2676 813 2727 esset
838 2662 998 2730 materiam

74 2749 225 2831 distingui
247 2748 418 2815 secundum
455 2751 656 2833 quantitatem
689 2763 740 2815 aut
779 2749 911 2815 sormam
945 2772 1002 2817 seu

77 2838 326 2923 dispositionem.
350 2837 477 2924 Oportet
513 2838 605 2923 igitur
628 2840 711 2925 quod
746 2839 877 2903 finaliter
911 2838 1004 2905 dcte·

76 2927 185 2991 niatur
208 2926 246 2991 ad
270 2927 330 2991 hoc
363 2926 447 3012 quod
471 2948 532 2992 non
556 2931 594 2993 sit
618 2948 678 2992 una
702 2930 841 2993 omnium
867 2930 1005 3007 materia,

76 3015 134 3079 sed
161 3015 223 3079 sint
246 3016 360 3081 multae
383 3028 414 3080 et
436 3015 597 3080 distinctae
619 3016 790 3082 secundum
806 3017 1006 3101 seipsaslla-

78 3104 181 3169 teriae
204 3117 307 3168 ornem
332 3105 489 3191 proprium
514 3118 562 3168 ast
583 3105 615 3169 in
649 3107 782 3190 potentia
807 3125 884 3169 esse.
913 3106 1009 3171 lianc

78 3189 178 3276 igitur
203 3194 350 3257 materiae
372 3193 598 3259 distinctionem
623 3193 761 3281 accipere
792 3206 923 3280 oportet,
947 3215 1011 3260 non

78 3281 259 3347 secundum
283 3281 366 3367 quod
389 3295 435 3345 est
458 3283 564 3347 vestita
603 3282 728 3347 diversis
760 3281 865 3347 formis
889 3296 942 3349 aut
964 3283 1011 3347 di·
1047 3288 1053 3297 “

79 3371 309 3456 spositionibus
332 3372 420 3455 (hoc
441 3370 525 3434 enim
549 3384 595 3435 est
619 3385 741 3457 praeter
765 3372 930 3436 essentiam
947 3392 1011 3436 rna-

76 3462 181 3524 teriae
192 3458 216 3536 l,
240 3458 295 3523 sed
318 3459 490 3525 secundum
529 3459 757 3525 distinctionem
784 3462 936 3546 potentiae
958 3482 1009 3525 rc·

73 3562 195 3635 spectu
219 3548 401 3617 diversitatis
425 3547 610 3615 formarum.
651 3549 728 3617 Cum
763 3550 846 3616 enim
870 3549 1006 3637 potentia
