2484 3975
239 216 283 283 ⁷8
560 232 615 279 arn.
638 231 677 276 rr.
699 231 763 277 usu.
786 230 844 279 xiv.

241 304 342 371 lurma
383 302 577 369 aeoidentalis
614 302 787 367 seeundum
820 297 979 387 proprium
1010 302 1171 370 rationem

241 393 333 459 luerit
352 393 557 479 propinquior
593 390 783 455 substantiae
817 387 864 455 rel
887 388 986 473 magis
1019 391 1170 477 perlecta.

240 481 370 569 Propter
393 482 475 568 quod
499 493 529 545 et
551 479 661 545 relatio
694 478 818 545 realiter
850 476 1038 546 substantiae
1071 483 1169 547 adve-

239 572 328 637 niens
351 583 382 636 et
404 585 592 657 postremum
614 582 646 633 et
660 564 960 654 imperfectissimum
975 586 1043 637 esse
1057 569 1166 635 habet

238 656 434 725 Postremum
459 658 596 744 quidem,
617 657 689 742 quia
705 676 767 720 non
783 655 885 721 solum
911 656 1078 742 praeexigit
1092 679 1168 746 esse

238 748 438 823 substantiae,
460 745 520 812 sed¹
550 747 643 810 etiam
675 764 745 809 esse
779 744 911 809 allorum
945 746 1167 826 accidentium,

238 857 276 903 ex
299 837 410 923 quibus
432 847 575 901 causatur
589 832 708 910 relatio,
723 834 802 898 sieut
817 848 913 897 unum
937 832 968 897 in
986 840 1165 920 quantitate

238 943 345 991 causat
368 923 583 1011 aequalitatem
618 936 649 987 et
674 941 771 986 unum
793 921 825 987 in
849 921 996 1007 qualitate
1017 924 1166 991 similitu-

239 1014 357 1091 diuem;
379 1010 679 1099 imperfectissimum
702 1023 818 1089 autem,
840 1010 911 1097 quia
935 1012 1057 1097 propria
1079 1014 1164 1079 rela-

240 1104 331 1168 tionis
353 1102 430 1167 ratio
454 1099 588 1165 consistit
613 1101 648 1182 jn
681 1119 721 1165 eo
756 1097 839 1185 quod
873 1112 920 1163 est
941 1099 982 1164 ad
1015 1098 1162 1181 alternum
1226 1103 1227 1116 ¹

239 1190 323 1263 uude
346 1209 413 1257 esse
435 1188 503 1274 ejus
526 1190 685 1275 proprium
707 1187 792 1274 quod
807 1186 995 1253 substantiae
1009 1192 1162 1275 superad-

239 1280 283 1345 dit
317 1300 379 1344 non
414 1279 515 1343 solum
538 1276 693 1363 dependet
715 1276 755 1340 ab
777 1294 845 1341 esse
879 1274 1078 1355 substantiae,
1100 1281 1161 1346 sed

238 1353 331 1453 etiarn
355 1368 395 1433 ab
428 1386 496 1431 esse
530 1363 659 1451 alicujus
692 1364 860 1431 exterioris.
897 1363 963 1429 lloe
997 1379 1102 1433 autem
1123 1368 1161 1435 in
1226 1361 1227 1406 t

238 1456 349 1523 diuinis
372 1456 475 1521 louum
512 1454 702 1528 nonhabet,
739 1454 810 1539 quia
847 1473 912 1519 nou
943 1466 990 1519 est
1023 1456 1053 1520 iu
1088 1456 1160 1523 Deo

240 1546 356 1631 aliquid
380 1544 462 1610 aliutl
480 1565 554 1617 ‚esse
577 1563 671 1629 quam
693 1541 893 1620 substantiae
907 1542 1057 1630 quidquid
1072 1547 1163 1612 euim
1226 1575 1227 1580 ¹

234 1635 270 1701 ,in
283 1634 350 1701 Deo
366 1647 412 1701 est
431 1632 599 1699 substantia
622 1644 679 1696 est.
693 1629 778 1696 Sieut
800 1631 890 1715 igitur
907 1650 976 1697 esse
990 1634 1164 1719 sapientiae

240 1724 271 1788 iu
295 1724 361 1789 Deo
386 1740 449 1789 nou
472 1735 608 1789 estesse
641 1718 820 1805 dependens
843 1741 861 1785 a
883 1719 1062 1801 substantia,
1084 1725 1161 1810 quia

240 1832 308 1879 esse
330 1812 498 1900 sapientiae
522 1823 567 1874 est
590 1828 658 1873 esse
691 1808 888 1887 substantiae,
925 1808 966 1875 ita
998 1830 1057 1875 nee
1090 1833 1165 1879 esse

240 1901 395 1969 relationis
420 1915 466 1967 est
487 1918 556 1963 esse
587 1895 767 1983 dependens
804 1916 907 1981 neque
939 1918 957 1961 a
989 1899 1164 1968 substantia

238 2009 340 2079 neque
362 1991 401 2057 ab
423 1990 526 2076 aliquo
545 1984 705 2072 exteriori,
730 1983 802 2072 quia
832 1986 926 2052 etiam
947 2006 1016 2053 esse
1038 1991 1165 2057 relatio·
1225 1975 1226 2049 l

238 2080 286 2146 uis
310 2093 355 2144 est
378 2098 445 2146 esse
467 2075 667 2144 substantiae.
691 2073 757 2140 Non
789 2074 891 2160 igitur,
915 2095 970 2161 per
993 2077 1052 2144 hoe
1074 2082 1165 2166 quod
1225 2074 1226 2079 ’

238 2169 349 2235 relatio
371 2169 402 2233 in
426 2167 493 2232 Deo
523 2163 671 2250 ponitur,v
691 2163 829 2247 sequitur
862 2163 946 2248 quud
983 2165 1021 2231 sit
1053 2168 1085 2232 in
1119 2190 1162 2234 eo
1225 2184 1226 2241 t

238 2255 362 2344 aliquod
386 2273 454 2322 esse
490 2251 682 2338 dependens,
715 2251 772 2318 sed
793 2252 896 2318 solum
917 2251 1002 2338 quod
1024 2255 1055 2320 in
1090 2257 1163 2324 Deo
1225 2254 1226 2331 Q

237 2348 277 2412 sit
300 2358 455 2432 respectus
493 2341 612 2428 aliquis,
636 2341 752 2427 inquo
785 2342 862 2405 ratio
895 2341 1050 2410 relationis
1083 2366 1162 2411 eon-
1225 2356 1226 2367 ¹

237 2435 325 2512 sistit3
348 2436 438 2508 sieut,
459 2452 496 2498 ex
520 2431 579 2496 hou
601 2428 685 2515 quod
707 2428 855 2516 sapientia
879 2428 911 2494 in
931 2429 999 2496 lleo
1022 2434 1162 2518 punitur,

238 2544 301 2590 non
324 2521 462 2609 sequitur
485 2518 567 2607 quod
590 2517 629 2582 sit
651 2518 683 2583 iu
705 2516 873 2605 eoaliquitl
888 2519 1085 2598 accidentale,
1101 2527 1162 2592 sed

237 2613 338 2680 solum
362 2609 509 2700 perfectio
537 2605 703 2694 quaedam,
731 2607 763 2673 in
785 2626 847 2693 qua
878 2608 955 2673 ratio
989 2611 1162 2697 supientiae

238 2700 386 2768 consistit.

305 2787 364 2854 Per
386 2785 469 2874 quod
491 2784 585 2851 etiam
616 2795 699 2870 patet
734 2782 819 2869 quod
855 2802 893 2850 ex
926 2784 1162 2872 imperfectione

238 2896 318 2965 quae
341 2877 372 2942 in
396 2874 592 2941 relationibus
617 2872 725 2938 ematis
747 2892 815 2961 esse
831 2871 951 2940 uidetur
968 2895 1031 2940 uon
1053 2878 1161 2964 sepui-

239 2959 395 3052 rur'quou
419 2981 569 3050 personae
602 2961 722 3028 divinae
744 2961 806 3026 sint
837 2961 1046 3047 imperfectae,
1076 2985 1161 3051 quae

239 3052 440 3121 relationibus
460 3051 702 3135 distinguuntur,
734 3048 789 3116 sed
815 3051 952 3136 sequitur
974 3053 1058 3139 quod
1081 3054 1162 3120 diui-

239 3163 352 3210 narum
375 3159 575 3229 personarum
600 3139 727 3204 minima
750 3139 788 3204 sit
810 3139 973 3205 distinctio.

307 3232 394 3297 Patet
416 3231 507 3295 etism
531 3248 568 3294 ex
590 3225 753 3314 praedietis
779 3226 873 3314 quod,
908 3228 980 3296 lieet
1011 3230 1095 3296 Deus
1118 3231 1162 3298 de

240 3320 332 3387 Patre
353 3333 384 3386 et
406 3318 482 3384 Filio
497 3315 734 3384 substantialiter
753 3315 958 3402 praedieetur,
974 3339 1038 3384 nou
1055 3332 1162 3386 tamen

240 3410 389 3496 sequitur,
411 3409 436 3472 si
464 3405 553 3472 Pater
590 3416 621 3470 et
643 3403 738 3471 Filius
774 3405 836 3470 sint
867 3403 974 3490 plures
996 3427 1163 3495 personae,

240 3499 326 3585 quod
347 3498 407 3564 sint
430 3493 533 3584 plures
555 3492 608 3576 dii;
630 3507 701 3560 suut
729 3493 813 3560 euim
836 3491 940 3581 plures
962 3510 1089 3591 propter
1111 3497 1163 3564 ut-
