2484 3975
356 197 393 240 nic
416 196 599 242 sunsriiririis
624 196 776 242 surtariis
958 176 1021 242 505

102 259 184 326 diate
216 261 255 327 ab
288 283 328 328 eo
363 261 547 351 productum
582 265 647 329 sire
679 263 885 330 mediantibus
919 267 1020 334 causis

100 350 254 427 secundis;
277 355 346 436 quia
370 375 480 418 causae
502 355 620 437 primite
644 355 738 418 virtus
762 355 860 437 magis
873 354 1021 441 imprimit

99 439 130 502 in
152 439 295 504 effectum
318 463 411 527 quam
446 446 540 508 uirtus
563 461 674 507 causae
698 443 863 507 secundae.
889 439 1020 528 Oportet

97 528 189 613 igitur
211 530 312 593 Deum
336 532 544 616 cognitionem
569 531 685 596 babere
709 531 748 596 de
771 531 916 596 omnibus
939 551 1020 618 quae

98 631 168 683 sunt
191 638 390 706 quocumque
412 620 506 686 modo
532 622 564 685 in
594 621 696 686 rebus.

161 707 311 793 Amplius,
344 709 429 774 Sicut
453 723 614 776 causaest
638 707 868 793 quodammodo
893 708 924 772 in
948 708 1020 774 elle·

97 805 145 861 ctu
169 816 224 881 per
247 798 293 861 sui
324 797 557 864 similitudinem
595 798 817 884 participatam,
854 797 895 864 ita
921 799 1022 866 omnis

96 880 219 950 effectus
243 899 289 950 est
313 887 343 950 in
365 907 421 952 sua
443 908 535 953 causa
558 886 767 951 excellentiori
793 885 887 950 modo
911 906 1020 950 sccun-

96 973 170 1038 dum
193 974 337 1039 virtutem
362 976 466 1062 ipsius.
484 977 516 1041 ln
532 996 627 1043 causa
644 977 735 1058 igitur
752 975 849 1060 prima
867 977 1019 1056 omnium,

96 1082 175 1148 quae
198 1064 281 1128 Deus
304 1077 360 1141 cst,
382 1079 505 1152 oportet
530 1065 635 1130 omnin
670 1064 855 1128 eminentius
874 1064 1020 1130 existere

95 1171 131 1218 er
154 1165 263 1216 nature
286 1173 380 1238 quam
403 1156 496 1218 etiam
520 1157 552 1219 iii
574 1154 692 1238 seipsis.
718 1153 807 1234 Quod
840 1166 942 1217 autem
975 1167 1021 1220 est

95 1241 126 1305 in
149 1239 262 1326 aliquo,
286 1256 407 1327 oportet
430 1243 513 1330 quod
538 1245 569 1306 in
592 1262 629 1306 eo
647 1244 684 1306 sit
700 1241 872 1306 secundum
890 1241 1019 1308 modum

93 1329 281 1394 substantiae
304 1331 380 1416 ejus3
406 1332 582 1416 ‘substantia
617 1347 720 1396 eutem
745 1331 801 1395 Dei
837 1345 882 1394 cst
916 1331 1018 1416 ipsum

93 1418 264 1501 intelligere
286 1417 363 1504 ejus.
398 1418 528 1506 Oportet
562 1419 654 1505 igitur
690 1420 794 1485 omnia
829 1440 908 1504 qnae
943 1441 1020 1505 quo·

95 1526 229 1594 eumque
253 1510 347 1573 modo
373 1524 445 1574 sunt
484 1512 516 1574 in
539 1513 632 1573 rebus
670 1509 701 1573 in
736 1509 803 1572 Deo
842 1507 1018 1592 intelligibi-

96 1596 164 1660 liter
186 1597 315 1661 existere
329 1598 500 1662 secundum
518 1600 718 1662 eminentiam
736 1598 924 1662 substantiae
941 1599 1017 1683 ejus.

96 1684 228 1750 Necesse
249 1701 296 1750 est
317 1687 411 1772 igitur
440 1687 541 1752 Deum
577 1685 799 1773 perfectissime
829 1689 932 1751 omnia
966 1708 1018 1751 co-

96 1795 255 1863 gnoscere.

158 1862 219 1926 Sed
242 1864 435 1929 occasionem
459 1863 581 1929 erraudi
606 1877 805 1946 sumpserunt
828 1883 864 1926 ex
889 1863 1016 1927 demon·

92 1953 240 2017 strictione
264 1952 430 2019 Aristotelis
454 1952 647 2038 metaphys..
672 1953 737 2033 ld).
762 1951 891 2039 Oportet
914 1965 1016 2016 cutem

93 2041 367 2130 ostenderequod
401 2043 579 2129 Philosophi
603 2044 805 2107 interitionem
847 2062 909 2106 uon
937 2062 1018 2106 asse·

92 2145 242 2216 quantur.

159 2218 326 2284 Sciendum
349 2230 395 2283 cst
408 2220 500 2303 igitur
522 2218 616 2305 quod,
641 2217 812 2283 secundum
838 2217 1020 2304 platonicos,
1053 2240 1054 2246 ¹

89 2307 168 2372 ordo
183 2306 421 2394 intelligibilium
435 2308 658 2395 praeexistebat
673 2306 774 2371 ordini
797 2307 1018 2383 intellectuum,

92 2398 133 2461 ita
155 2399 240 2481 quod
264 2397 446 2475 intellectus,
469 2397 680 2483 participando
705 2396 906 2480 intelligibile,
931 2395 1017 2459 ficret

92 2485 267 2569 intelligens
289 2499 369 2562 actu,
393 2500 540 2570 utsupra
561 2489 626 2569 jam
651 2483 792 2548 diximus.
817 2484 851 2549 Et
864 2505 918 2567 per
934 2485 1017 2549 liunc

91 2574 222 2653 modum
246 2576 340 2638 etium
362 2574 538 2639 Aristotcles
554 2573 731 2638 ostenderat
745 2574 839 2659 prius,
858 2573 888 2637 in
906 2572 1017 2637 eodeni

91 2661 183 2738 libro,
206 2663 300 2749 quod,
322 2684 415 2749 supra
443 2663 633 2727 intellectum
658 2676 688 2726 et
712 2663 880 2746 appetitum
897 2661 1017 2726 intelle·

88 2751 223 2816 ctualem
246 2773 308 2837 quo
331 2754 452 2817 caeluni
476 2765 628 2827 moretur,
652 2762 697 2815 est
721 2751 877 2834 quoddam
904 2750 1015 2815 intelli-

88 2840 185 2923 gibile
209 2841 421 2926 participatum
458 2842 497 2905 ab
530 2842 597 2926 ipso
623 2840 778 2903 intellectu
804 2839 923 2903 caelum
948 2860 1015 2903 iiio-

87 2943 192 3007 vente,
215 2930 258 2993 sic
281 2929 387 2994 dicens
411 2930 613 3015 (Metapliys.,
640 2928 690 3005 ld,
717 2940 787 2992 text.
812 2948 925 2991 comm.
943 2928 984 2991 59
995 2950 1016 3010 p:

95 3044 110 3075 ι
134 3018 348 3105 Suscep'tiium
373 3018 573 3102 intelligibilis
600 3031 630 3080 et
653 3016 842 3081 substantiae
866 3028 911 3079 est
928 3017 1018 3081 iutel-

87 3106 197 3183 lcctus;
220 3121 365 3192 operatur
387 3122 490 3171 autem
514 3108 631 3171 habeus
655 3130 688 3183 i,
712 3105 798 3191 quasi
824 3106 916 3169 dicat:
942 3107 1017 3188 Actu

89 3192 234 3279 intelligit
266 3196 438 3261 secundum
465 3195 548 3282 quod
574 3195 668 3258 hebet
699 3193 765 3278 jam
800 3192 1039 3279 participatum·

87 3303 184 3358 suunt
208 3284 399 3369 intelligibile
421 3284 573 3370 superius;
595 3296 626 3348 et
649 3303 685 3347 ex
710 3284 768 3345 lioc
793 3280 919 3346 ulterius
943 3302 1018 3347 con·
1093 3314 1096 3319 ·

87 3372 188 3439 cludit
210 3374 293 3459 quod
317 3373 391 3438 illud
426 3372 617 3456 intelligibile
654 3371 693 3435 sit
730 3370 828 3455 magis
867 3370 1016 3435 diuinum.

88 3464 140 3541 Et,
174 3461 361 3550 interpositis
394 3461 591 3549 quibusdam,
607 3472 718 3547 ⁴uioict
740 3457 956 3549 quaestionem
977 3461 1016 3525 dc
