2484 3975
208 214 272 281 tlt
508 233 564 279 nn.
589 233 626 278 tt.
651 231 715 279 etr.
742 232 842 284 axxn.

1233 222 1235 271 l

206 302 404 390 proprietate,
427 302 481 369 sed
505 303 677 367 seeundum
690 323 785 368 uuam
798 299 986 389 hypostasim
1010 314 1136 391 etsup.
1233 306 1234 325 ¹

206 394 339 479 positum
364 413 472 457 unum.
496 391 559 456 lloo
582 393 665 456 enim
688 390 788 470 solum
812 389 907 456 tnodo
928 390 1036 458 saltari
1060 414 1136 480 pos·

205 495 278 547 sunt
301 501 336 545 ea
360 502 440 567 quae
464 483 495 545 itt
518 479 686 566 Scripturis
710 482 790 545 eirea
805 478 1048 545 incarnationem
1068 497 1136 548 tra-

206 569 331 636 duntur.

271 659 348 724 Cum
373 658 456 722 enim
481 656 640 743 Scriptura
663 655 756 722 Sarra
772 656 945 721 indistinete
964 671 1134 741 quaesunt

205 746 263 812 Dei
287 748 405 812 homini
430 746 474 811 illi
498 745 644 810 attribuat
668 758 697 810 et
720 759 883 832 quaesunt
899 745 979 809 illius
996 747 1133 811 hominis

205 835 283 914 Deo,
307 850 339 900 ut
355 857 392 900 ex
415 835 591 921 praemissis
613 847 705 920 patet,
728 849 849 920 oportet
873 853 970 897 unum
993 848 1023 899 et
1043 854 1133 900 eum·

206 925 277 988 dem
314 945 380 989 esse
417 925 457 988 de
492 944 554 1009 quo
591 939 721 1007 utraque
761 925 911 988 dieantur.
947 922 1019 1000 Sed,
1057 924 1133 1009 quia

206 1013 345 1100 opposita
369 1012 408 1076 de
432 1011 543 1076 eodem
585 1012 758 1076 seeundum
780 1012 864 1077 idem
888 1012 947 1075 diei
971 1032 1043 1077 tere
1064 1032 1132 1077 non

207 1115 345 1187 possunt,
369 1101 471 1165 divina
496 1114 599 1164 autem
623 1113 653 1164 et
676 1101 812 1166 humana
843 1120 922 1186 quae
946 1100 985 1164 de
1008 1100 1133 1166 Christo

205 1190 351 1254 dicuntur
374 1189 599 1276 oppositionem
634 1189 760 1266 hahent,
795 1201 901 1274 utpote
936 1209 1060 1274 passum
1098 1202 1133 1254 et

206 1278 404 1365 impassibile,
427 1292 583 1342 mortuum
610 1291 640 1341 et
675 1278 849 1343 immortale
872 1290 902 1342 et
925 1290 1046 1343 caetera
1068 1278 1132 1344 hu·

202 1367 351 1451 jusmodi,
375 1385 501 1432 necesse
524 1380 570 1431 est
592 1366 1132 1452 33331333333133331133131311331,

206 1456 309 1520 divina
333 1469 363 1520 et
386 1458 520 1521 humana
534 1455 752 1541 praedicentur
763 1455 803 1520 de
816 1455 945 1521 Christo.
963 1456 1012 1520 Sia
1026 1457 1132 1540 igitur,

206 1559 357 1629 quantum
382 1545 419 1608 ad
444 1544 474 1608 id
498 1544 537 1609 de
563 1544 626 1629 qu‘o
663 1558 793 1630 utraque
817 1546 1041 1630 praedicantur,
1064 1566 1132 1611 333

205 1645 255 1698 est
274 1632 425 1698 distinctio
449 1632 599 1708 iacienda,
616 1633 669 1696 sed
684 1633 838 1698 invenitur
853 1634 966 1712 unitas;
978 1647 1133 1719 quantum

207 1735 310 1786 autern
334 1722 372 1787 ad
397 1722 427 1786 id
450 1721 622 1786 seeundum
638 1723 720 1808 quod
734 1722 959 1809 praedicantur,
976 1724 1132 1788 distinctio

207 1825 254 1875 est
276 1810 425 1876 iacienda.
447 1809 607 1876 Naturales
631 1825 735 1876 autem
770 1812 972 1898 proprietates
1007 1812 1133 1898 praedi·

206 1912 316 1965 eantur
338 1900 377 1964 de
401 1919 587 1986 unoquoque
608 1900 782 1965 seeundum
805 1909 1035 1988 ejusnaturam,
1050 1901 1132 1966 sieut

207 1988 248 2053 de
269 1990 328 2054 ltoe
350 1989 452 2075 lapide
491 1986 562 2052 serri
596 1988 743 2055 deorsum
780 1990 952 2056 seeundum
986 2004 1131 2056 naturam

207 2077 375 2161 gravitatis,
397 2078 474 2141 Cum
498 2077 588 2161 igitur
611 2078 694 2143 aliud
722 2080 760 2144 sit
782 2079 954 2145 seeundum
976 2080 1059 2166 quod
1082 2078 1134 2144 di·

210 2168 278 2230 vina
301 2178 332 2229 et
354 2167 489 2230 humana
525 2168 740 2251 praedicantur
774 2167 814 2232 de
837 2167 969 2245 Christo,
1003 2187 1134 2233 neeesse

208 2268 255 2319 est
279 2256 381 2320 dicere
405 2256 434 2317 in
458 2254 578 2319 Christo
602 2276 670 2320 esse
693 2256 769 2321 duas
804 2271 928 2321 naturas
952 2255 1141 2322 inconfusas·

209 2358 240 2408 et
263 2344 482 2430 impermistas.
499 2341 532 2405 ld
552 2358 655 2408 autem
679 2344 718 2409 de
740 2366 802 2432 quo
827 2346 1043 2431 praedicantur
1058 2366 1133 2431 pro·

208 2434 351 2520 prietates
375 2431 539 2509 naturales,
561 2433 733 2498 seeundum
758 2447 899 2499 naturam
917 2434 1072 2519 propriam
1088 2434 1134 2499 ad

208 2540 307 2606 genus
331 2521 519 2587 substantiae
557 2523 773 2609 pertinentem,
812 2536 857 2587 est
895 2524 1065 2608 hypostasis
1098 2537 1135 2589 et

208 2610 399 2697 suppositum
423 2609 503 2674 illius
526 2623 664 2675 naturae.
699 2612 778 2693 Quia
802 2613 894 2697 igitur
919 2611 1134 2677 indistinctum

208 2715 255 2764 est
272 2712 302 2763 et
314 2719 409 2763 unum
425 2699 455 2763 id
472 2698 510 2763 de
522 2719 585 2785 quo
601 2700 738 2765 humana
763 2712 793 2765 et
819 2701 922 2765 divina
950 2699 1134 2785 praedican-

209 2802 259 2854 tur
283 2788 362 2853 cirea
386 2788 551 2865 Christum,
575 2807 702 2852 neeesse
717 2801 763 2853 est
775 2788 877 2854 dicere
894 2788 1048 2854 Christum
1061 2807 1133 2853 esse

208 2897 305 2941 unam
329 2876 518 2962 hypostasim
542 2888 573 2941 et
595 2895 694 2941 unum
710 2878 905 2963 suppositum
922 2878 1077 2943 humanae
1099 2891 1134 2941 et

209 2964 479 3030 diuinaeuaturae.
492 2963 543 3029 Sic
567 2966 651 3030 enim
676 2984 749 3045 uere
764 2980 794 3030 et
810 2966 935 3052 proprie
951 2966 989 3029 de
1003 2964 1132 3031 homine

197 3054 262 3119 'illo
286 3055 500 3140 praedicantur
523 3052 637 3132 divina,
658 3053 829 3120 seeundum
853 3056 913 3120 hoe
935 3053 1018 3138 quod
1035 3053 1133 3119 homo

208 3143 261 3208 ille
285 3145 429 3231 importat
451 3144 658 3227 suppositum,
681 3163 744 3209 non
767 3144 868 3208 solum
893 3144 1047 3208 humanae
1073 3163 1132 3207 na·
1229 3203 1230 3210 ,

209 3246 309 3305 turae,
331 3231 385 3297 sed
409 3231 544 3309 divinam
566 3246 638 3297 ete
671 3251 821 3298 converso
859 3232 899 3295 de
936 3230 1037 3296 Verbo
1070 3230 1131 3296 Dei

210 3319 427 3407 praedicantur
461 3319 607 3399 humana,
644 3318 828 3407 inquantum
862 3334 907 3385 est
936 3325 1131 3406 suppositum

210 3412 366 3473 humanae
389 3421 526 3472 naturae.

277 3496 318 3561 lix
341 3516 404 3581 quo
427 3495 519 3563 etiam
543 3505 630 3583 patet
649 3495 744 3582 quod,
777 3498 848 3563 licet
881 3495 976 3562 Filius
1008 3495 1048 3562 sit
1081 3497 1131 3562 iu·
