2484 3975
218 208 284 276 498
594 225 767 274 ovuscuauvr

218 307 365 384 quantur.
389 295 422 360 ln
447 294 548 384 primo
571 310 674 362 autem
698 297 860 384 principio,
882 296 1150 364 nonsolomoou·

218 385 371 454 sideratur
394 386 477 471 quod
501 385 602 472 ipsum
625 402 671 452 est
694 387 811 454 bonum
839 400 870 452 et
892 408 947 452 eos
972 401 1003 460 et
1035 407 1148 462 unum,

122 472 125 476 ⁵
218 474 275 544 sed
299 477 392 540 etiam
415 474 500 560 quod
523 475 583 540 lroo
606 476 791 544 eminentius
815 496 889 562 prae
912 476 1150 552 caeterishabat
1229 511 1230 514 π

219 580 250 632 et
273 564 331 628 alia
354 564 392 628 ad
416 566 463 628 sui
486 563 655 630 bonitatem
681 565 921 652 participandam
938 565 1071 630 adducit„
1090 567 1149 629 lle·

221 653 316 738 quirit
336 653 430 736 igitur
453 651 634 718 assimilatio
660 649 794 740 perlecta
811 654 1013 718 universitatis
1038 675 1055 718 a
1080 653 1149 720 Deo

219 740 387 828 productae
404 762 467 808 non
490 740 592 806 solum
605 743 689 827 quod
713 743 957 829 unumquodque
972 743 1011 809 sit
1027 743 1148 808 bonum

220 843 250 895 et
273 849 339 906 eus,
362 829 417 894 sed
441 845 470 894 et
495 850 591 894 uuum
624 832 852 918 superemineat
874 833 960 896 elteri
994 845 1024 895 et
1048 852 1148 896 uuum

220 934 345 984 moveat
367 919 498 989 alterum
524 919 562 984 ad
596 941 689 984 suurn
723 920 829 998 linem3
859 921 941 986 uode
974 933 1004 985 et
1028 924 1149 986 bonum

220 1007 355 1072 universi
378 1021 424 1074 est
449 1008 568 1074 bouum
599 1010 727 1088 ordinis,
749 1010 827 1074 sieut
850 1008 967 1074 bonum
983 1009 1148 1075 exereitus.

220 1096 287 1162 iloo
300 1097 391 1179 igitur
414 1097 531 1163 bouum
555 1098 742 1164 universitati
765 1117 870 1168 rerum
892 1099 1042 1164 subtraxit
1058 1117 1149 1184 prae-

221 1187 302 1250 dicta
333 1186 455 1270 positio,
487 1186 700 1254 omnimodam
735 1186 950 1273 aequalitatem
985 1187 1017 1251 iu
1041 1207 1149 1254 rerum

221 1273 424 1362 productione
446 1278 646 1342 constituens.
1084 1347 1085 1350 ,

288 1363 436 1448 Amplius,
461 1364 683 1430 inconveniens
706 1363 800 1431 estid.
819 1361 902 1449 quod
925 1377 971 1428 est
994 1366 1150 1449 optimum

145 1479 152 1492 ·
221 1451 366 1516 universo
389 1451 558 1520 attribuere
580 1455 675 1529 easoi3
700 1452 813 1518 namid
837 1451 978 1539 quodest
995 1452 1151 1536 optimum

223 1540 393 1604 maximam
406 1539 657 1609 habetrationeru
668 1543 736 1606 finis
748 1543 866 1620 intentu
878 1543 1030 1628 optimum
1044 1557 1152 1609 autem

222 1629 256 1695 in
280 1649 384 1695 rerum
409 1629 606 1696 universitate
630 1631 805 1708 astlmuum
829 1629 957 1706 ordinis3
982 1631 1041 1696 liae
1065 1633 1152 1694 euim

223 1732 269 1790 est
292 1718 410 1784 bonam
432 1739 610 1797 commune,
633 1736 753 1787 eaetera
779 1740 850 1782 voro
874 1733 944 1784 suot
980 1717 1150 1802 singularia

223 1806 314 1873 bona.
339 1806 428 1872 Hune
452 1821 555 1874 autem
578 1808 721 1875 ordinem
752 1807 804 1892 qui
828 1808 859 1871 in
883 1807 974 1872 rebus
998 1827 1085 1872 nuno
1107 1809 1153 1872 in·

223 1897 343 1959 venitur
367 1895 521 1981 praedicta
543 1897 653 1982 positio
678 1894 813 1966 attribuit
846 1900 940 1974 casui,
974 1896 1152 1962 seeundum

222 1984 338 2056 seilicet
360 1984 443 2071 quod
468 1985 578 2057 aeeidit
607 2008 701 2056 unam
737 1985 985 2053 immaterialium
1007 1984 1153 2051 substan·

222 2074 333 2139 tiarum
357 2079 404 2139 sie
429 2076 548 2142 moveri
585 2076 756 2144 seeundum
780 2074 978 2153 voluntatem,
1001 2090 1033 2139 et
1056 2075 1151 2140 aliam

223 2162 320 2231 aliter.
333 2161 386 2227 Est
408 2164 501 2248 igitur
523 2166 679 2251 praedicta
695 2164 805 2251 positio
822 2166 950 2230 omnino
965 2162 1153 2248 abjicienda.

290 2251 376 2316 llatio
400 2256 491 2320 etiam
505 2254 663 2339 positionis
692 2252 853 2320 manifeste
877 2252 1014 2317 eontinet
1031 2256 1154 2319 vanita-

223 2353 295 2403 tem.
320 2340 388 2405 Nou
411 2344 494 2408 enim
518 2356 565 2407 est
587 2342 696 2411 eadem
721 2342 798 2408 ratio
822 2340 957 2425 justitiae
981 2342 1011 2410 in
1036 2344 1155 2408 conati-

223 2429 341 2498 tutiuue
364 2430 492 2516 alicujus
504 2432 596 2497 tutius
607 2452 647 2499 ert
660 2430 798 2516 pluribus
815 2428 951 2515 partibus
967 2442 997 2495 ot
1010 2430 1155 2505 diversis,

213 2518 253 2581 'et
267 2517 534 2585 indistributioue
557 2518 686 2606 alicujus
708 2517 882 2585 eommunis
905 2518 1155 2605 persingularia.

223 2608 303 2687 Quia
324 2610 409 2675 euim
431 2609 557 2693 aliquod
579 2623 678 2676 totum
703 2606 872 2695 perlectum
896 2608 945 2683 ait,
975 2608 1156 2676 seeundum

224 2696 284 2768 hoe
307 2697 444 2767 diuersas
467 2712 569 2785 partes
593 2712 624 2763 et
646 2697 824 2783 inaequales
847 2696 887 2759 ad
912 2694 980 2781 ejus
994 2699 1155 2782 composi·

222 2788 342 2853 tionem
363 2786 516 2854 conducit.
540 2786 572 2851 Si
606 2787 690 2853 enim
724 2804 832 2851 omnes
866 2797 969 2849 assent
990 2786 1156 2870 aequales.

221 2873 286 2957 jam
309 2893 372 2937 non
395 2889 475 2942 esset
488 2889 586 2942 totum
611 2874 795 2963 perlaetum3
819 2872 903 2959 qaod
927 2884 1017 2959 patet
1033 2889 1098 2941 tam
1122 2876 1155 2939 iu

224 2976 288 3026 toto
312 2963 443 3029 naturali
466 2984 560 3050 quam
583 2964 614 3028 in
641 2976 705 3035 toto
738 2962 818 3029 civili
827 2984 836 3040 3
866 2982 929 3027 non
962 2961 1047 3035 enim
1070 2976 1157 3028 esset

223 3047 339 3136 corpus
360 3053 496 3121 imminis.
517 3052 702 3139 perlectum,
725 3052 782 3117 nisi
805 3051 947 3116 membra
975 3049 1097 3117 diversa
1122 3067 1156 3117 et

224 3138 394 3228 inaequalis
429 3142 585 3224 dignitatis
619 3142 769 3214 habetata
805 3159 906 3225 neque
940 3154 1021 3205 esset
1043 3138 1154 3213 civitas

223 3226 370 3313 perlaeta,
392 3230 450 3295 nisi
463 3230 641 3317 inaequales
663 3229 855 3295 conditiones
867 3240 897 3293 et
913 3225 1012 3295 offieia
1028 3228 1155 3301 diversa

223 3318 389 3381 incivitate
412 3320 585 3383 existerent.
608 3320 642 3385 lu
659 3318 873 3383 distributione
890 3336 962 3381 vero
984 3316 1156 3386 edenditur

224 3404 342 3467 bonum
367 3406 619 3493 uniuscujusque-‚3
642 3420 673 3474 et
696 3406 765 3471 ideo
782 3406 910 3471 diversis
932 3404 1054 3470 diversa
1077 3408 1157 3471 assi·

224 3504 359 3573 quantur
380 3495 551 3563 seeundum
567 3494 775 3568 diversitatem
788 3494 820 3559 in
843 3494 886 3569 ais
901 3492 1157 3581 praeeedeotom,
