2484 3975
363 248 400 294 os
426 248 546 295 ntttrsrtt
563 235 755 295 trt'retnecrus
955 226 1021 292 bib

96 315 229 395 animae,
251 317 305 382 sed
328 319 429 383 solum
454 320 618 384 humanae.
643 318 688 397 iit,
716 319 795 383 siout
828 315 945 395 lumen,
968 337 1021 402 po-

97 404 190 469 tentia
220 405 294 472 visui
318 419 348 472 et
386 409 520 494 potentia
555 405 710 472 coloribus
739 405 917 482 adveniens,
951 417 1021 470 actu

92 481 219 579 quide'm
244 495 342 560 risum
366 494 437 562 lacit
460 509 490 561 et
512 508 581 562 actu
604 495 830 572 colores‚itaet
845 492 1021 559 intellectus

93 581 149 646 iste
178 581 232 668 qui
255 597 324 650 actu
348 605 411 649 non
448 584 550 650 solum
589 586 690 667 ipsum
727 583 914 648 intellectum
949 579 1021 647 lacit

92 685 174 749 actm
195 671 251 736 sed
274 673 366 738 etiam
391 674 525 760 potentia
548 671 751 758 intelligibilia
774 673 874 762 (actu)
908 670 1021 736 intelli·

91 825 252 896 interpositis
269 827 367 882 subdit:
388 847 402 876 a
419 827 471 881 llos
479 827 562 895 igitur
571 828 709 897 utriusque
725 825 872 879 intellectus
884 825 1016 895 copulatio

91 913 192 950 sumus.
211 897 238 949 Si
252 914 314 966 ergo
336 900 372 952 itn
390 899 488 952 habent
506 901 592 951 omnia
610 915 678 969 quae
696 913 727 950 cx
758 903 820 950 actu
849 904 876 948 et
901 899 1019 966 potentia

92 969 275 1032 conciliantur,
296 972 369 1022 utin
388 970 427 1024 bis
446 970 517 1022 aliud
535 971 569 1022 sit
587 971 643 1038 ipsa
661 985 715 1033 res,
735 967 806 1021 aliud
835 970 957 1033 essentia,
978 984 1020 1021 se·

93 1041 187 1108 quitur
201 1047 234 1106 ¹ut
253 1041 323 1093 aliud
342 1057 389 1110 ego
406 1043 465 1106 sim,
484 1040 555 1094 aliud
572 1042 683 1094 essentia
702 1055 769 1106 meu,
788 1042 825 1092 itu
855 1046 884 1091 ut
902 1054 950 1107 ego
967 1040 1015 1092 sim

91 1110 114 1164 is
131 1112 178 1180 qui
198 1127 231 1164 ex
248 1119 309 1164 actu
326 1119 352 1164 et
370 1119 499 1182 potestate
516 1113 671 1178 constituor,
689 1113 802 1164 essentia
815 1125 873 1162 meu
890 1111 926 1163 sit
946 1111 1018 1162 solus

91 1187 166 1234 aetus
186 1189 293 1234 tantum.
314 1183 492 1252 Quamobrem
511 1185 601 1236 cadem
619 1183 843 1252 quaeconsidero,
860 1180 1015 1233 bucceliam

3 1255 5 1260 '
91 1253 179 1307 scribo
197 1261 223 1304 et
242 1254 334 1306 litteris
354 1255 457 1307 mnodo.
477 1253 573 1306 Scribit
591 1270 654 1308 vero
673 1254 830 1316 intellectus,
856 1252 901 1320 qui
920 1267 953 1303 ex
971 1268 1018 1322 po·

90 1330 186 1376 testate
203 1328 376 1394 componitur3
395 1326 494 1391 scribit,
512 1327 630 1394 inquam,
649 1341 701 1377 non
719 1333 806 1377 tamen
836 1329 967 1392 quatenus
985 1339 1018 1376 ex

90 1401 222 1464 potestate
240 1403 351 1462 constat,
369 1397 418 1450 sed
437 1403 568 1466 quatenus
594 1395 742 1448 intellectus
771 1411 849 1466 agens
878 1400 927 1459 est,
954 1396 1018 1463 quia

90 1466 163 1518 illinc
180 1467 255 1536 quasi
273 1467 357 1520 omnis
379 1469 446 1520 actio
465 1468 600 1520 derivatur
618 1474 644 1519 et
661 1469 767 1519 ducitur
786 1466 921 1534 u.litpott
933 1481 1017 1534 paucu

88 1535 176 1589 adbuc
193 1536 357 1592 manifestius
374 1539 471 1592 subdit:
494 1537 560 1618 ulit
578 1554 641 1607 ergo
667 1540 804 1591 redeamus
822 1537 893 1588 unde
923 1537 1018 1590 disces·

88 1605 180 1676 simus,
199 1611 418 1676 quemadmodum
437 1609 508 1662 uliud
526 1616 566 1663 est
585 1611 691 1677 animal,
714 1609 785 1661 aliud
814 1623 892 1661 suurn
911 1608 1017 1659 animali

88 1693 155 1746 esse,
173 1685 199 1731 et
217 1681 436 1748 quemadmodum
454 1697 530 1734 suum
549 1681 655 1734 animali
672 1697 727 1733 esse
746 1680 779 1732 nb
798 1680 854 1748 ipsa
886 1677 1017 1747 dependet

89 1751 210 1802 animatis
228 1751 322 1818 anima,
342 1753 377 1806 ita
396 1752 466 1804 uliud
484 1768 531 1821 ego
549 1769 616 1817 sum,
648 1753 719 1804 aliud
736 1750 800 1804 mibi
831 1765 888 1802 esse
914 1756 940 1800 et
959 1765 1016 1802 mea

88 1824 210 1874 essentia.
229 1821 297 1875 llaec
315 1831 401 1876 autern
415 1823 448 1876 ab
459 1825 544 1876 unitus
564 1825 695 1892 provenit:
714 1822 880 1891 nonquidem
889 1820 1014 1886 sensuali,

88 1893 266 1963 quippequue
280 1901 412 1964 taiuqttam
431 1897 539 1948 materia
559 1894 704 1947 intellectus
722 1894 855 1964 potentiae
873 1891 1014 1958 labentum

88 1978 177 2033 neque
194 1966 255 2017 item
274 1966 306 2018 nb
325 1969 381 2036 ipso
399 1966 532 2020 intellectu
549 1967 691 2035 potentiae,
710 1973 740 2018 ιιι
758 1965 802 2035 qui
826 1979 875 2035 pro
907 1964 1016 2016 materia

86 2036 238 2088 intellectus
256 2040 356 2104 agentis
374 2040 416 2103 sit3
436 2045 517 2091 restat
535 2039 615 2105 igitur
646 2045 676 2090 ut
694 2036 727 2089 ab
758 2036 891 2091 intellectu
922 2043 1016 2101 agente

86 2110 193 2159 tantum
211 2110 348 2161 essentiam
367 2124 422 2161 enm
442 2108 569 2180 proficisci
600 2124 630 2161 ac
656 2109 770 2177 pendere
800 2109 911 2159 dicatur.
938 2106 1015 2158 solus

87 2178 158 2229 enim
176 2179 321 2232 intellectus
339 2196 417 2247 agetis
429 2183 534 2250 proprie
546 2188 573 2233 et
585 2183 699 2233 maxime
712 2179 859 2240 censendus,
867 2185 907 2231 est
920 2177 1014 2242 torma,

85 2248 141 2301 imo
160 2264 222 2302 vero
240 2250 324 2303 forma
348 2252 501 2318 iormarum;
530 2249 651 2303 inierioru
681 2259 770 2304 autem
796 2256 907 2314 caetera,
937 2249 1014 2300 modo

86 2320 265 2387 subjectorum
284 2324 348 2388 loco,
368 2324 444 2375 modo
463 2322 617 2385 innuerem,
636 2322 775 2375 habentur·
802 2320 869 2373 Sane
888 2318 952 2371 ordo
970 2335 1018 2371 na·

87 2398 164 2444 ttnae
182 2398 209 2443 et
227 2408 361 2460 processus
379 2394 421 2445 bic
438 2402 477 2445 est
496 2401 525 2445 ιιι
544 2400 664 2463 respectu
689 2393 841 2445 inferiorum
871 2390 1014 2458 superiori·

86 2462 137 2515 bus
155 2462 211 2514 vice
228 2462 371 2517 iormarttm
391 2472 491 2527 utatur,
510 2472 632 2533 respectu
648 2466 816 2535 superiorum
845 2461 1015 2516 tutanortbus

87 2533 149 2585 loco
162 2536 294 2587 materiae.
313 2535 446 2589 Summam
464 2552 527 2589 veru
545 2544 572 2587 et
589 2551 739 2604 supremam
766 2533 911 2587 formarum
937 2532 1014 2584 intel·

87 2604 183 2657 lectum
202 2614 322 2673 agentern
351 2608 495 2673 constituit,
514 2622 591 2676 quoa,
609 2608 688 2659 simul
711 2615 791 2676 atque
809 2618 945 2675 progressa
964 2607 1014 2671 est,

87 2678 204 2745 receptui
223 2678 301 2743 uenit,
321 2680 347 2729 in
365 2695 447 2747 eoque
465 2677 554 2743 finem,
572 2679 647 2747 qnasi
665 2685 809 2730 extremum
837 2689 943 2727 manum
962 2676 1011 2727 im*

122 2748 169 2813 nit,
189 2754 280 2817 utpote
298 2764 365 2817 qnae
383 2750 482 2801 nullam
500 2749 610 2801 formam
624 2750 784 2817 superiorem
798 2752 844 2800 ant
858 2744 1012 2799 nobiliorem

103 2818 206 2881 aberet,
226 2820 267 2870 cni
286 2820 341 2871 loeo
368 2821 494 2872 materiae
524 2818 664 2887 subjiceret
692 2820 852 2871 intellectum
882 2824 1011 2884 agentern.

85 2890 264 2957 Quamobrem
281 2905 328 2943 nos
347 2892 453 2960 proprie
471 2892 574 2943 animus
593 2897 617 2945 et
637 2892 785 2943 intellectus
813 2902 905 2943 sumne
923 2906 950 2940 u.
978 2889 1010 2941 iit

84 2967 183 3027 postea,
203 2962 347 3031 reprobatis
366 2962 540 3031 quorumdum
551 2961 717 3032 ¹opinionem,
737 2963 808 3015 dicit:
824 2981 838 3009 ιι
855 2960 922 3012 Cum
940 2962 1010 3012 enim

83 3032 220 3083 statuisset
237 3033 389 3087 Aristoteles
407 3036 435 3085 in
459 3035 529 3085 ontui
560 3040 655 3085 natura
683 3034 793 3085 alterum
823 3047 872 3101 pro
899 3034 1010 3085 materia

82 3100 183 3169 baberi,
202 3102 313 3155 alterum
333 3120 381 3173 pro
410 3106 493 3157 iorma
513 3114 633 3156 movente
651 3101 862 3173 perficienteqne,
892 3115 1009 3164 necesse,

82 3172 177 3241 inquit,
196 3180 236 3225 eet
252 3176 354 3227 easdem
374 3174 532 3228 differentias
550 3176 577 3228 in
607 3178 695 3227 amma
724 3175 844 3245 reperiri,
873 3180 899 3225 et
931 3175 1009 3225 talem

81 3243 194 3312 aliquant
213 3244 373 3299 intellectum
392 3246 490 3311 adesse,
509 3246 554 3314 qui
566 3260 638 3313 pars
657 3248 760 3299 animee
780 3245 916 3298 rationalis
935 3259 1008 3311 prae·

81 3316 242 3368 stantissima
258 3318 293 3369 sit
310 3336 336 3367 ι.
354 3317 386 3370 Et
406 3324 565 3386 postpauca
584 3317 662 3367 etium
685 3317 785 3369 subdit.
806 3334 822 3365 ι
839 3313 878 3369 Ex
909 3313 1008 3368 eisdem

80 3385 168 3439 verbis
184 3386 250 3440 illud
268 3388 379 3442 subinde
398 3388 483 3455 colligi
513 3384 716 3456 confirmarique
733 3387 810 3456 cupio
839 3384 1007 3439 Aristotelem

81 3456 215 3525 opinatum
234 3457 314 3512 inisse
331 3460 491 3512 intellectum
506 3465 628 3526 ‘agentem
646 3465 692 3512 aut
709 3458 808 3527 aliquid
830 3456 920 3509 'nostri
950 3471 1007 3511 esse

81 3534 127 3581 tut
143 3529 222 3599 plane
240 3530 310 3598 ipsos
328 3550 355 3582 n.
439 3557 441 3567 ·

127 3598 159 3667 S.
187 3600 243 3667 Tb.
268 3599 413 3669 Sulmone
438 3600 519 3667 Pltt't.
542 3598 579 3669 V.
603 3600 634 3667 5.
919 3596 961 3665 56
