2484 3975
372 249 409 294 nr
434 249 555 296 uurrarr
577 245 768 295 tttruttbcrbs
916 229 1023 294 'uti
1112 213 1118 238 ’

107 320 179 402 pars
201 316 339 396 animae
356 333 458 384 uuum
481 334 620 406 separata
659 316 726 380 loeo
749 315 797 380 rel
820 316 938 381 ratione
962 335 1027 384 tau·

109 418 184 470 tutu.
207 406 244 470 lit
265 409 404 492 quamtis
426 409 507 473 dicat
531 410 590 473 boo
613 405 715 471 adhue
730 425 791 468 uon
808 425 875 470 esse
898 409 1027 472 inanilo-

106 509 201 567 stum,
224 509 328 561 tamen
351 496 426 580 quid
449 499 529 562 eirea
553 498 613 561 boe
635 495 732 581 prinra
757 496 855 558 l'ronte
883 511 1029 580 appareat
1130 519 1133 524 ·

106 581 293 662 merulenta,
325 584 473 650 subdebat
503 585 593 650 «Sed
620 582 741 650 ridetur
774 602 870 665 genus
897 583 1027 650 alterum

105 672 229 736 animae
250 693 361 752 essen,
384 675 467 758 quod
490 695 552 739 non
586 686 632 740 ert
670 669 912 754 intelligendum,
951 677 1028 738 sieut

105 759 339 828 Commentator
373 777 403 826 et
425 777 590 828 sectatores
613 760 679 846 ojus
703 780 844 845 perverse
861 771 1029 847 exponunt,

106 848 178 912 ideo
200 848 316 916 dietum
340 871 407 916 esse
430 853 500 937 quia
525 851 694 916 intellectus
720 850 885 932 aequivoce
908 852 1027 914 dicatur

105 936 148 1002 de
169 939 282 1017 anima,
305 940 353 1004 vul
385 943 468 1024 quod
506 940 661 1026 praedicta
695 936 832 1004 delinitio
870 940 926 1002 sibi
965 960 1027 1002 nun

106 1029 204 1112 possit
227 1028 374 1114 adapteri3
396 1031 450 1092 sed
473 1029 603 1114 qualiter
625 1029 663 1092 sit
701 1027 759 1090 boe
793 1026 1026 1110 intelligendum

106 1130 235 1201 apparet
257 1137 294 1181 ex
316 1118 459 1204 eoquod
482 1118 635 1182 subditur:
665 1115 726 1180 «Et
749 1117 807 1180 bur·
830 1115 929 1180 solutu
953 1137 1023 1180 ron·

105 1205 227 1288 tingere
249 1208 393 1292 separari·
416 1209 494 1272 siout
517 1221 700 1293 perpetuum
738 1225 755 1266 a
789 1205 977 1290 corruptibili
994 1231 1025 1270 a,

105 1291 141 1356 lu
164 1296 225 1358 boe
245 1315 322 1379 ergo
358 1310 404 1360 est
437 1297 568 1360 alterurn
605 1315 714 1380 genus,
751 1293 821 1378 quia
855 1293 1026 1358 intelleutue

105 1397 211 1446 noster
233 1385 265 1447 in
287 1387 347 1449 boe
385 1385 504 1449 vitietur
538 1404 605 1449 esse
638 1381 792 1469 quoddam
832 1397 1025 1466 perpetuum,

104 1469 184 1534 aliae
205 1488 308 1537 autem
332 1489 435 1560 partes
471 1473 592 1538 animae
625 1469 847 1557 corruptibiles.
881 1471 916 1536 lit
954 1473 1024 1556 quia

103 1562 304 1646 corruptibile
326 1579 356 1626 et
389 1577 570 1652 perpetuum
608 1581 672 1625 non
697 1561 836 1623 videntur
860 1560 891 1622 in
930 1581 1025 1624 uuatn
1100 1643 1101 1648 ἵ

104 1648 311 1715 substantiam·
330 1655 498 1735 eurrrenire
521 1670 623 1736 posse,
646 1650 765 1714 vitietur
788 1649 870 1730 quud
894 1649 953 1712 lrou
976 1668 1026 1712 so,

106 1736 170 1800 latu
194 1738 233 1801 de
256 1741 392 1824 partibus
415 1744 547 1816 animae,
569 1739 685 1804 seilicet
718 1736 916 1812 intellectum,
951 1757 1022 1800 uon·

106 1827 202 1910 tingat
226 1829 372 1913 separari,
396 1843 457 1894 non
479 1829 606 1914 quidem
624 1849 640 1891 a
656 1846 795 1912 corpore,
811 1839 843 1888 ut
859 1823 1024 1890 Commen-

105 1927 185 1979 tatur
201 1936 350 2001 perverse
371 1921 505 2005 exponit,
516 1918 572 1982 sed
587 1917 627 1982 ab
644 1915 709 1980 aliis
733 1913 869 2002 partibus
891 1916 1025 1980 animae:

105 2025 164 2069 nea
186 2007 217 2069 iu
241 2027 333 2071 unarn
356 2008 556 2075 substantiam
590 2008 713 2071 animae
748 2004 962 2069 uuntmuuieat.
988 2004 1025 2069 Et

104 2093 189 2178 quod
210 2094 316 2159 sie'sit
336 2096 569 2181 intelligendum
594 2110 675 2181 patet
697 2114 735 2157 ex
772 2112 809 2156 eu
842 2094 928 2177 ¹quod
950 2094 1023 2157 sub-

103 2182 199 2247 ditur:
237 2182 408 2269 «Reliquae
441 2202 542 2250 autem
559 2200 660 2271 partes
683 2186 803 2247 animae
825 2180 1021 2247 nranil'estutn

103 2287 148 2335 est
171 2291 208 2335 ex
232 2271 280 2336 liis
302 2272 383 2359 quod
408 2294 470 2339 non
493 2273 679 2361 separabiles
701 2285 801 2335 sunt·
823 2271 937 2334 snttoet
947 2271 1022 2335 sub·

102 2365 224 2438 nantia,
246 2364 369 2426 animae
390 2364 519 2439 ratione,
541 2364 587 2427 rel
610 2362 689 2437 loeo;
712 2363 750 2423 tle
782 2361 840 2423 boe
864 2361 945 2423 eriirn
969 2380 1021 2423 su-

103 2471 160 2535 pra
180 2454 355 2533 quaesitum
378 2467 435 2527 est,
457 2467 489 2517 et
511 2454 569 2516 bue
590 2470 629 2517 ex
651 2449 831 2534 supradietis
856 2447 1019 2532 probatum

102 2550 162 2602 est,
182 2538 218 2602 lit
241 2540 323 2623 quod
361 2560 424 2605 non
462 2541 647 2623 intelligatur
680 2540 718 2601 de
756 2536 980 2621 separabilitate
1002 2558 1027 2602 a

103 2646 244 2713 torpore,
266 2630 321 2692 sed
344 2628 384 2695 de
406 2630 632 2715 separabilitate
652 2626 858 2713 potentiarum
883 2626 921 2689 ab
945 2626 1020 2689 invi-

102 2734 183 2795 uena,
205 2729 287 2802 patet
308 2736 364 2803 per
387 2718 446 2781 bue
467 2718 551 2803 quod
567 2716 716 2781 subditur:
740 2716 893 2777 allatione
916 2728 1018 2779 auteur

101 2805 186 2889 quod
219 2805 333 2869 alterae
356 2807 448 2891 (sirit
469 2808 508 2870 ad
531 2807 693 2889 inrioenr)
729 2802 924 2867 marrilestunr
963 2818 1026 2881 esta

101 2894 246 2958 sensidao
269 2896 352 2957 enim
376 2914 443 2960 esse
465 2910 497 2959 et
519 2895 674 2989 opinative
707 2892 836 2956 alterurn
864 2891 1019 2977 (nutrife-

101 2998 185 3045 stuur
204 2982 322 3069 est)».
346 2982 384 3048 lit
404 2986 448 3047 sie
485 2983 648 3048 manifeste
678 2981 812 3045 ostendit
848 2982 931 3065 quod
970 2984 1027 3047 bie.

101 3068 304 3136 determinate
325 3073 491 3159 respondet
514 3072 683 3159 quaestioni
706 3088 813 3155 supra.
829 3083 940 3133 motae.
963 3070 1020 3133 Su·

101 3179 156 3245 pra
171 3161 262 3225 enirn
284 3164 457 3245 quaesitum
477 3169 523 3226 est
547 3175 650 3225 utrurn
666 3179 726 3224 una
749 3178 819 3243 pers
842 3158 963 3223 animae
980 3162 1018 3223 ab

101 3248 159 3313 alie
181 3264 320 3335 repamta
343 3250 381 3313 sit
404 3252 522 3313 ratione
535 3251 648 3327 robur,
670 3259 722 3311 aot
744 3248 836 3311 etianr
859 3246 1019 3325 loeullitti

102 3336 232 3406 dimissa¹
249 3338 428 3423 quaestione
451 3340 506 3402 ista
530 3352 679 3423 quantum
704 3335 741 3399 ad
766 3333 953 3400 intellectum
979 3337 1028 3400 itu

101 3444 163 3512 quo
187 3429 235 3493 liic
257 3427 334 3491 nibil
369 3427 561 3501 determinat,
596 3427 668 3490 dicit
708 3426 749 3489 de
781 3424 846 3488 aliis
881 3425 1028 3511 partibus

101 3516 223 3583 animae
245 3514 442 3584 manifestum
466 3534 534 3584 esse
555 3516 637 3605 qaod
655 3528 804 3595 nunaunt
822 3514 1027 3601 separabilem*
