2484 3975
215 200 280 277 etti
501 230 619 276 univ.
644 231 708 278 car.
739 228 855 276 txuttt.

280 299 344 364 lloc
368 310 471 363 tamen
494 299 576 385 quod
601 300 792 387 propositum
815 311 861 363 εει
885 296 924 364 de
947 295 1048 365 verbis
1069 296 1134 363 llo·

214 387 290 453 mini
327 408 406 472 quae
444 386 596 453 babentur
630 388 734 454 blattb.
772 386 815 452 26
849 398 948 471 potest
979 400 1010 449 et
1047 385 1137 451 aliter·

213 474 355 559 intelligi,
381 489 412 539 ut
435 475 588 542 reieratur
610 478 649 542 ad
674 482 733 543 boc
756 476 838 563 quod
862 476 927 561 ipsc
949 494 1022 539 eum
1044 474 1135 538 disci-

214 565 296 652 pulis
320 577 388 651 post
410 568 668 631 resurrectionem
692 564 830 631 comedit
849 578 880 628 et
907 562 983 627 bibit
1018 584 1136 629 nevum

214 653 341 738 quidem
366 652 483 725 siurim,
508 653 538 719 id
562 668 608 719 est
632 676 713 720 novo
737 652 1048 728 modo,'seilicctnon
1066 672 1138 736 pro·

215 755 284 829 pter
303 740 532 819 necessitatem,
563 742 616 807 sed
653 758 777 831 propter
812 741 1043 806 resurrectionis
1080 739 1137 805 de·
1237 805 1238 830 χ

216 830 484 905 monstrationem,
507 844 537 894 ct
560 830 643 895 dicit:
667 833 703 896 ln
726 852 819 917 reparo
842 830 948 895 Putria
969 830 1041 902 mei,
1056 827 1138 915 'quia
1237 833 1238 850 ¹

215 920 248 983 iu
271 918 496 984 resurrectione
520 918 631 985 Christi
655 939 786 1005 regnum
811 918 1048 985 immortalitatis
1082 917 1140 982 tle·

218 1008 382 1073 monstrari
407 1008 529 1092 incepit.
1237 1055 1238 1062 ι

285 1094 376 1177 Quod
400 1116 473 1161 vero
496 1095 731 1182 in.bpocalypsi
754 1096 865 1162 dicitur
887 1096 927 1160 de
950 1095 1034 1162 mille
1049 1094 1140 1159 annis
1237 1135 1238 1164 ι

217 1198 248 1250 ει
271 1186 369 1269 prima
394 1187 619 1249 resurrectione
643 1186 820 1271 Martyrum,
844 1183 1140 1269 intelligendumcst
1237 1197 1238 1204 ¹

216 1272 299 1359 quod
325 1272 422 1354 prima
454 1274 639 1339 resurrectio
676 1288 722 1338 εει
760 1276 944 1346 animarum,
991 1286 1081 1359 prout
1121 1294 1139 1336 a

218 1361 349 1447 peccatis
368 1376 542 1446 resurgunt,
558 1361 729 1426 secuudum
742 1362 817 1427 illud
833 1361 978 1447 Apostoli:
1001 1360 1142 1443 Exstirpe

215 1470 237 1513 o
259 1450 398 1527 mortuis,
421 1460 450 1513 ct
471 1450 662 1515 illuminabit
674 1462 701 1515 te
727 1451 875 1527 Christus,
900 1450 1020 1535 Ephes,
1036 1449 1068 1527 li,
1085 1448 1141 1515 lb.

217 1538 277 1603 Per
301 1538 385 1603 naille
409 1551 513 1603 autern
538 1559 635 1603 annos
669 1539 848 1623 intelligitur
879 1552 978 1603 totum
1017 1551 1141 1625 tempus

219 1627 371 1693 Ecclesiae
394 1628 426 1690 in
449 1648 512 1713 quo
535 1627 683 1713 Martyres
708 1642 839 1709 regnent
861 1648 932 1693 cum
963 1626 1085 1693 Christo
1105 1640 1140 1692 et

218 1716 269 1780 alii
293 1715 408 1791 Sancti,
432 1729 499 1805 tam¹
518 1714 548 1779 in
573 1717 727 1801 praesenti
752 1716 895 1794 Ecclesia,
918 1734 1143 1801 quaeregnum

217 1804 276 1869 bet
299 1805 422 1882 dieitur,
444 1824 537 1889 quam
562 1805 654 1868 etiam
668 1805 697 1868 iu
721 1805 843 1869 caelesti
869 1805 975 1891 patrie,
989 1818 1142 1889 quantum

218 1892 262 1957 edv
282 1894 410 1970 animas3
437 1892 628 1957 millenarius
651 1893 734 1957 enim
758 1914 906 1960 urrmerus
918 1892 1142 1977 perlectionem

218 1982 379 2064 siguificat,
400 1982 473 2068 quia
498 1996 544 2050 est
568 2001 717 2046 numerus
741 1982 878 2061 cubicus,
901 1982 932 2048 io
960 1995 1007 2047 est
1042 1981 1141 2064 ligrrra
1237 1998 1238 2015 ³

217 2071 327 2148 solida,
351 2084 380 2134 et
404 2071 490 2135 radix
514 2071 581 2155 ejus
605 2084 651 2134 est
670 2069 826 2146 denarius,
849 2073 900 2155 qui
935 2071 1012 2152 solet
1046 2072 1140 2136 etiam
1237 2136 1238 2147 ,

219 2158 443 2246 perlectionem
468 2159 600 2243 signare.
624 2157 676 2223 Sic
699 2179 774 2244 ergo
796 2159 994 2224 manifestum
1011 2159 1141 2245 fitquotl
1237 2180 1238 2187 ¹

119 2291 122 2298 ,
218 2263 412 2332 resurgentes
437 2269 499 2312 non
523 2247 676 2313 vacabunt
698 2247 775 2312 cibis
812 2262 843 2312 et
878 2248 1000 2334 potibus
1038 2267 1142 2335 neque
1237 2306 1238 2339 3

217 2338 357 2410 setieceis
380 2336 507 2402 actibus.

128 2428 132 2436 '
285 2426 326 2490 Ex
348 2446 410 2512 quo
434 2425 548 2490 ultimo
567 2423 673 2490 baberi
698 2436 795 2508 potest
818 2423 902 2509 quod
925 2444 1140 2490 omnesoccu-

216 2515 357 2599 patioues
381 2515 497 2578 activae
522 2514 600 2578 vitae
623 2513 797 2589 cessabunt,
820 2533 899 2598 quae
922 2512 1058 2578 ordinari
1095 2515 1139 2579 ti·

217 2601 329 2667 dentur
352 2601 390 2666 atl
416 2623 504 2666 usum
528 2602 670 2666 ciborum
694 2613 726 2664 et
749 2620 952 2666 venereorum
976 2615 1007 2664 et
1023 2602 1061 2667 ad
1078 2603 1138 2668 alia
1237 2642 1238 2645 =

217 2705 389 2772 quaesunt
413 2690 584 2755 necessaria
609 2688 803 2774 corruptibili
826 2689 915 2754 vitae.
953 2688 1025 2754 Sola
1063 2710 1138 2775 ergo

214 2779 373 2865 occupatio
396 2778 652 2864 contemplativae
676 2778 754 2842 vitae
777 2777 808 2842 in
833 2779 1065 2860 resurgentibus
1091 2799 1139 2843 re-

216 2868 361 2944 manebit3
393 2866 614 2952 propterquod
630 2865 743 2930 dicitur
754 2865 794 2931 de
805 2865 898 2931 Maria
911 2866 1141 2952 contemplante

216 2955 299 3040 quod
333 2955 481 3040 optimum
503 2967 628 3038 purtem
651 2955 751 3037 clepit,
777 2974 856 3038 quoe
888 2975 949 3019 nort
983 2965 1141 3039 auferetur

218 3043 259 3108 ub
283 3065 330 3122 eo,
355 3045 438 3121 Luc,
463 3044 515 3118 tu,
539 3043 592 3109 tt.
616 3042 692 3108 lndc
713 3056 760 3107 est
782 3043 874 3107 ctiam
898 3041 982 3128 quod
1020 3043 1141 3109 dicitur.

219 3133 279 3214 Qui
301 3132 494 3197 descenderit
516 3133 561 3196 ud
581 3131 707 3216 inseror,
729 3151 791 3196 nou
812 3132 956 3196 ascendet
970 3151 1140 3196 accrever-

216 3231 298 3286 tctur
320 3223 406 3286 ultro
430 3223 462 3284 in
485 3221 610 3285 domum
635 3239 736 3296 suum,
759 3239 854 3303 oeque
876 3231 1035 3303 cognoscet
1070 3240 1140 3285 eunt

219 3311 355 3392 amplius
379 3311 462 3372 locus
485 3311 560 3392 rjais,
583 3307 653 3385 tob,
675 3309 707 3385 7,
729 3307 821 3385 9-1ος
841 3309 874 3372 in
897 3307 1008 3394 quibus
1040 3308 1141 3375 uerbis
1237 3352 1238 3355 =

215 3397 308 3463 talem
332 3397 590 3462 resurrectionem
620 3397 679 3461 lob
719 3411 811 3481 negat
848 3397 971 3482 qualem
1013 3397 1140 3483 quidam
1237 3394 1238 3447 ἒ

217 3499 388 3570 posueruut
412 3485 550 3552 dicentes
573 3483 658 3572 quod
682 3498 751 3574 post
773 3485 1031 3553 resurrectionem
1045 3486 1142 3552 bomo
