2484 3975
418 264 475 313 un.
499 266 538 315 tr.
561 268 625 316 cnr.
650 255 710 315 rui.
978 249 1022 315 tlt

97 350 179 401 stunt
202 334 353 421 estquod
392 337 430 400 ad
454 336 609 404 Christum
641 340 817 427 pertineant
846 338 1020 405 seeundum

98 424 181 509 quod
207 424 310 501 ltomtn
335 423 471 490 undeet
495 446 550 513 per
574 429 634 493 hoe
659 427 742 493 nulla
773 428 940 493 minoratio
962 449 1020 515 po·

105 526 163 577 rest
186 512 217 577 in
241 512 399 577 divinitate
416 512 483 577 Filii
508 516 710 602 deprehendi.

165 600 256 683 Quod
280 615 383 669 nutem
407 601 518 669 dieitur
552 606 735 691 sapientiam
769 624 837 670 esse
872 618 1019 684 creatam,

98 689 200 777 primo
234 690 360 776 quidem
397 703 496 776 potest
530 693 658 779 intelligi
695 713 758 759 non
792 693 833 758 de
870 694 1020 781 supientia

98 798 179 863 quae
217 793 263 843 est
303 779 398 845 Filius
435 779 503 859 Dei,
547 782 602 849 sed
649 783 689 847 de
734 782 884 868 sapientia
925 802 1019 871 quarn

97 866 183 933 Deus
212 866 321 933 indidit
358 872 526 949 creaturis;
563 870 674 936 dieitur
708 872 814 937 enim:
849 872 920 955 lpse
953 893 1019 937 cre·

97 957 163 1021 orit
185 958 275 1021 illam
309 957 451 1039 (scilieet
480 960 689 1047 sapientiam)
723 960 756 1024 in
781 958 900 1045 Spiritu
943 960 1022 1027 Sana

99 1056 190 1125 eto...,
225 1059 253 1109 et
286 1046 394 1132 effudit
426 1046 516 1113 illam
555 1070 648 1133 nrper
682 1048 787 1113 omnin
823 1068 919 1134 opero
951 1070 1020 1128 sno,

99 1132 201 1212 Eooli,
226 1134 255 1211 l,
278 1134 308 1199 9.
334 1135 437 1200 Potest
460 1138 553 1203 etism
579 1137 689 1203 referri
713 1138 752 1203 nd
768 1156 911 1205 naturam
935 1160 1020 1205 orea-

98 1232 161 1288 turn
184 1237 371 1309 assumptam
396 1246 413 1289 a
436 1224 523 1304 Filio,
547 1239 579 1293 nt
602 1230 640 1291 sit
663 1248 780 1293 sensus:
811 1227 856 1291 tt
879 1230 967 1294 initio
990 1240 1020 1293 et
1135 1258 1139 1265 ·

98 1323 171 1375 unte
187 1315 311 1377 saeculo
335 1325 440 1377 creato
463 1335 542 1393 suin,
567 1315 659 1395 Eccl,
682 1316 737 1393 ut,
762 1315 814 1391 ll,
831 1316 910 1381 idest
934 1338 1021 1404 proe-

98 1399 162 1464 risn
186 1422 254 1465 sum
278 1415 437 1468 creaturae
461 1404 552 1469 uniri.
575 1404 641 1482 vet,
676 1423 731 1492 per
766 1405 827 1469 hoo
863 1406 947 1491 quod
970 1428 1018 1472 sa·

97 1488 211 1576 pientia
234 1503 265 1553 et
287 1504 389 1556 ereata
411 1505 443 1557 et
465 1497 568 1577 genita
593 1506 799 1579 nuncupatur,
836 1495 948 1560 modus
972 1495 1019 1560 di·
1109 1493 1114 1501 ’

97 1579 188 1642 vinae
210 1581 416 1663 generationis
439 1582 528 1646 nobis
552 1584 735 1647 insinuatur.
760 1582 793 1645 ln
818 1585 1019 1668 generatione

96 1668 193 1746 enim,
215 1666 299 1752 quod
323 1682 489 1753 generatur
512 1672 621 1756 aooipit
655 1684 796 1736 naturam
832 1675 1018 1757 generantis,

97 1754 183 1841 quod
206 1755 401 1843 perfeetionis
424 1772 480 1824 est:
503 1758 568 1839 sed,
598 1760 631 1824 in
666 1760 915 1844 generationibus
938 1782 1018 1847 quae

97 1858 171 1909 sunt
192 1844 274 1929 apud
301 1864 368 1923 nos,
392 1866 546 1930 generans
582 1847 648 1934 ipse
671 1861 819 1924 mutatur,
841 1850 925 1936 quod
963 1852 1018 1915 im·

97 1931 366 2020 perfeetionisest:
390 1936 421 2000 in
445 1937 603 2002 creatione
629 1956 718 2016 tero,
742 1956 851 2003 ereans
875 1958 936 2003 non
953 1960 1020 2005 rnu-

98 2035 191 2100 tatur‚
214 2022 269 2087 sed
293 2035 431 2089 creatum
456 2045 517 2090 non
553 2025 662 2113 reeipit
697 2039 840 2092 naturum
877 2030 1020 2094 oreantis.

97 2109 217 2176 Dicitur
239 2131 313 2197 ergo
336 2113 428 2180 simul
451 2113 544 2180 Filius
570 2130 692 2180 oreatus
716 2127 744 2180 et
768 2115 901 2200 genitus,
926 2129 958 2181 ut
980 2139 1018 2184 ex

96 2200 253 2265 creatione
281 2202 446 2288 arripiatur
480 2203 712 2270 immutabilitas
734 2203 843 2283 Patris,
865 2225 902 2270 er
926 2227 1019 2290 geno-

96 2291 216 2353 ratione
239 2291 339 2355 unitas
362 2292 393 2355 in
418 2291 507 2356 Patre
542 2307 573 2356 et
610 2292 698 2372 Fili03
721 2294 817 2358 etsie
841 2293 1019 2379 hujusmodi

97 2377 274 2464 Scripturas
311 2379 498 2445 intellectum
532 2381 676 2468 Synodus
710 2382 862 2469 exposuit,
900 2396 933 2446 ut
965 2405 1020 2470 per

97 2465 248 2531 llilarium
272 2479 365 2554 patet.

166 2556 257 2637 Quod
280 2576 354 2622 vero
377 2556 472 2621 Filius
494 2555 607 2622 dieitur
621 2559 1020 2644 primogenitusereuturae

97 2663 162 2708 non
186 2665 223 2709 etr
247 2643 307 2710 hon
328 2659 375 2710 est
398 2645 482 2731 quod
506 2645 599 2710 Filius
621 2647 661 2711 sit
683 2648 714 2711 in
726 2647 921 2712 ordinatione
932 2667 1019 2714 oren-

98 2745 249 2812 tororum,
271 2733 327 2799 sed
350 2734 421 2820 quia
445 2734 540 2799 Filius
563 2747 610 2800 est
640 2756 657 2800 a
695 2735 786 2801 Patre
807 2747 838 2800 et
876 2757 893 2802 a
929 2736 1020 2802 Patre

99 2822 220 2909 aooipit,
242 2843 259 2887 a
283 2841 345 2910 quo
369 2835 492 2889 suntet
516 2824 671 2911 arripiunt
692 2837 864 2895 creaturae:
891 2826 945 2890 sed
969 2826 1020 2891 l'i·

99 2910 158 2975 lius
181 2911 290 2998 aoeipit
312 2933 328 2977 a
352 2911 442 2977 Patre
465 2913 607 2977 eumdem
639 2925 792 2992 naturum,
827 2933 890 2980 non
914 2931 1020 2982 autem

98 3013 269 3078 ereaturam
292 3001 375 3066 unde
398 3015 427 3066 et
451 3001 545 3067 Filius
569 3021 632 3066 non
655 3003 757 3068 solum
794 3003 1020 3089 primogenitus

98 3087 220 3168 dieitur,
244 3089 414 3156 sedetiam
442 3092 629 3176 unigenitus,
666 3105 793 3179 propter
825 3091 1018 3177 singularem

99 3177 227 3243 modurn
252 3178 430 3265 aecipiendi.

164 3266 223 3332 Per
239 3267 297 3332 hoo
321 3280 427 3332 autern
449 3266 532 3353 quod
555 3265 710 3332 Dominus
735 3268 774 3331 ad
797 3266 922 3332 Patrem
946 3269 1020 3334 dirit

99 3353 138 3419 de
161 3355 326 3442 discipulis:
355 3356 394 3419 tlt
416 3357 479 3420 sint
499 3375 603 3432 unum,
627 3358 706 3421 aient
728 3367 758 3420 et
780 3377 836 3420 nor
857 3377 953 3421 onum
969 3379 1020 3422 su-

98 3463 176 3520 nrns,
198 3445 297 3523 loun,
321 3445 374 3523 ll,
396 3445 451 3523 tu,
473 3445 645 3510 ostenditur
667 3445 793 3531 quidem
818 3445 902 3532 quod
926 3445 1019 3512 Pater

99 3544 129 3597 et
152 3533 245 3600 Filios
268 3546 340 3602 runt
363 3553 460 3606 unum
481 3553 522 3601 eo
544 3535 641 3602 ruodo
663 3555 726 3624 quo
738 3533 904 3624 discipulos
919 3555 1017 3602 unum
