2484 3975
301 249 355 293 tto
380 249 417 292 tv.
442 248 504 296 etr.
529 248 664 295 turtum.
688 248 723 291 rr
747 248 863 293 txtttx.
964 230 1028 295 597
1109 289 1112 292 .

5 384 6 397 ,
171 315 234 380 Nec
257 316 347 381 ctiam
384 320 464 401 cogit
487 318 525 381 ad
550 319 608 381 boc
634 317 761 380 verbnm
786 315 920 401 Apostoli
944 320 1027 403 quod

108 402 190 469 dicit:
206 403 313 471 Donec
325 427 523 471 occurramus
546 426 651 469 ontnea
674 426 706 468 tn
728 406 877 469 unitatem
899 407 982 492 fidei,
998 417 1028 471 et

107 496 274 577 agnitionis
298 494 372 558 Filii
397 495 497 571 Dei,
486 516 517 557 tn
541 496 641 559 uirum
663 495 867 577 perfectum,
855 514 888 557 to
908 516 1030 560 mensu·

102 603 175 645 rom
197 585 310 647 oetntie
347 582 548 667 plenitudinis
587 584 712 659 Christi,
748 583 858 667 Ephes.
899 585 930 659 l,
970 584 1027 649 ta.

104 670 172 735 Non
197 672 280 735 enim
304 672 363 736 hoe
386 672 456 736 tdeo
473 672 589 737 drotum
625 684 672 735 est
711 672 795 757 quod
833 671 1004 757 quilibet
996 693 1028 737 tn

104 760 157 823 illo
181 779 312 824 occursu
338 781 400 845 quo
424 775 621 843 resurgentes
633 760 758 824 exibunt
771 761 893 825 obviam
907 760 1028 826 Christo

104 849 137 911 in
160 868 230 911 aero
254 850 291 912 sit
314 870 420 913 sexum
447 850 563 912 virilem
594 850 764 924 habiturus,
785 849 839 913 sed
870 849 909 913 ad
947 849 1029 914 dest-

103 935 259 1019 guandatu
285 936 508 1021 perfectionem
533 937 687 1002 Ecclesiae
710 952 740 1001 et
762 938 916 1001 virtutem.
950 938 1028 1003 Tota

104 1026 188 1089 enim
213 1024 346 1089 Ecclesia
371 1028 428 1089 erit
451 1028 536 1112 quasi
562 1028 607 1089 vir
632 1025 784 1111 perfectus
817 1025 938 1091 Christo
976 1048 1030 1092 oc·

103 1133 243 1187 currens,
267 1128 298 1177 ut
321 1134 357 1179 ex
383 1114 636 1199 praecedentibus
659 1129 689 1179 et
712 1115 912 1200 sequentibus
936 1131 1040 1202 patet,

106 1201 140 1265 ln
163 1216 261 1266 aetate
284 1216 386 1267 autem
412 1204 534 1282 Christi,
558 1224 638 1289 quae
672 1217 718 1267 cst
755 1218 838 1268 aetas
873 1203 1031 1288 juvenilis,

105 1304 227 1375 oportet
251 1312 359 1355 ornnes
383 1313 555 1376 resurgere,
584 1307 709 1378 propter
733 1291 952 1396 perfectionem
975 1315 1034 1358 na·

106 1392 192 1457 turae
214 1400 294 1463 quae
318 1382 347 1444 in
376 1380 433 1445 hac
472 1381 535 1445 sola
575 1396 675 1445 aetate
714 1374 863 1458 consistit3
902 1382 1028 1467 puerilis

104 1468 187 1531 enim
212 1482 294 1533 aetas
318 1469 457 1533 noudum
481 1469 705 1555 perfectionem
720 1483 846 1533 naturae
861 1486 1026 1548 consecuta

103 1568 152 1619 est
175 1575 228 1641 per
251 1572 464 1641 augmentum,
486 1559 591 1622 senilis
614 1579 688 1622 uero
712 1573 794 1622 aetas
814 1556 878 1643 jam
913 1560 953 1623 ab
989 1580 1028 1624 eo

102 1647 226 1709 recessit
251 1660 377 1733 propter
402 1646 646 1711 decrementum.

385 1821 478 1887 cat>
495 1822 557 1887 UT
589 1822 746 1888 txxxtx.

119 1999 176 2072 De,
190 2001 339 2084 qualitate
362 2021 525 2085 corporum
548 2002 774 2087 resurgentium
796 2001 828 2064 in
881 2004 1026 2068 amantia.

175 2175 216 2241 Ει
240 2178 287 2242 bis
305 2193 407 2244 autem
422 2178 644 2242 rationabiliter
655 2178 852 2243 considerare
866 2201 1029 2265 possumus

104 2265 205 2349 qualis
229 2265 328 2332 futura
352 2270 390 2332 sit
428 2267 562 2331 conditio
601 2288 768 2351 corporum
803 2271 1031 2351 resurgentium

105 2353 139 2416 in
164 2354 356 2420 damnandis.
382 2354 510 2440 Oportet
533 2357 615 2419 enim
640 2356 690 2419 illa
713 2377 842 2441 corpora
867 2359 1030 2424 animabus

106 2441 354 2508 damnandorum
381 2445 609 2530 proportionata
650 2465 727 2508 esse.
762 2447 890 2508 Animae
926 2463 1030 2511 autem

107 2530 261 2596 malorum
285 2548 426 2597 naturam
450 2532 575 2616 quidem
601 2533 726 2609 babent,
764 2548 870 2617 utpote
908 2555 925 2596 a
964 2535 1030 2600 Deo

105 2633 252 2696 creatam;
275 2621 328 2684 sed
354 2622 540 2686 voluntatem
566 2622 723 2684 habebunt
758 2622 964 2688 inordinatam
1000 2638 1031 2688 et

106 2729 124 2771 a
151 2709 214 2772 fine
238 2709 364 2795 proprio
387 2710 591 2774 deficientem
619 2710 757 2795 Corpora
795 2710 887 2793 igitur
910 2732 1032 2790 eorum,

105 2811 257 2880 quantum
281 2799 319 2862 ad
344 2799 374 2862 id
398 2798 481 2882 quod
506 2816 634 2862 naturae
656 2813 713 2875 est,
752 2799 870 2882 integra
906 2821 1030 2887 repara

105 2885 231 2959 buntur,
255 2889 326 2972 qnia
351 2887 518 2951 videlicet
513 2909 543 2950 tn
568 2901 666 2951 aetate
701 2885 835 2972 perfecta
870 2905 1031 2974 resurgent

106 2972 225 3056 absque
249 2977 334 3039 omui
358 2976 563 3039 diminutione
594 2976 809 3051 membrorum
847 2992 877 3040 et
912 2978 1030 3064 absque

106 3063 193 3125 omni
218 3063 338 3128 defectu
363 3079 392 3128 et
415 3067 621 3148 corruptione,
645 3085 738 3148 «ruem
775 3085 863 3128 error
899 3082 1030 3131 naturae
1107 3087 1111 3111 r

106 3165 160 3212 aut
182 3151 344 3216 infirmitat
367 3153 543 3216 introduxit.
570 3153 656 3216 Unde
673 3153 931 3238 Apostolusdicit:
946 3155 1030 3219 Mor

106 3240 153 3300 ιιιιΙ
190 3252 350 3325 resurgent
385 3242 565 3324 incorrupti,
591 3245 602 3305 l
633 3241 727 3318 Cor,
764 3241 816 3318 15,
852 3242 906 3319 fab
944 3246 1029 3329 quod

105 3326 306 3394 manifestum
330 3342 375 3394 est
398 3330 436 3392 de
460 3330 604 3394 omnibus
640 3289 756 3393 debele
790 3330 1030 3417 intelligimur

104 3414 196 3480 bouis
220 3437 312 3518 quam
338 3419 435 3496 malis,
466 3439 503 3481 ex
528 3419 677 3503 hisquae
701 3421 891 3504 praecedunt
913 3432 944 3484 et
982 3443 1029 3486 se·

104 3517 244 3588 quuntur
267 3507 298 3570 iu
322 3505 430 3572 littera.
469 3506 549 3589 Quia
575 3527 669 3574 tero
684 3509 786 3572 anima
823 3529 932 3576 eorum
972 3515 1030 3577 erit
