2484 3975
431 255 488 299 nm.
512 255 550 299 tv.
574 253 638 298 atr.
665 250 713 298 xx.
988 229 1031 294 97

7 358 11 372 ·
153 322 319 399 Ostensum
344 336 390 390 eat
412 324 495 388 enim
521 327 551 388 iu
565 319 777 407 superioribus
799 316 848 402 (l.
866 318 898 397 l,
913 338 942 385 o.
957 318 1030 404 86)

108 414 193 500 quod
216 413 337 478 bonitas
361 413 417 477 Dai
442 425 488 476 est
511 411 589 478 ratio
613 408 737 475 rolandi
760 407 847 494 quod
879 408 939 474 alia
961 409 1033 486 sint,

7 539 10 551 ·
107 517 138 568 ot
161 521 216 589 par
238 522 326 566 suam
350 501 539 566 voluntatem
563 519 613 564 ras
636 499 667 562 iu
688 517 756 562 asse
774 494 1032 584 producitllmot·

7 629 10 640 ·
108 590 202 676 igitur
223 609 287 676 quo
309 609 397 655 suam
421 585 599 655 bonitatem
613 599 697 652 amat
718 600 766 652 ast
794 605 886 651 causa
901 588 1032 651 creatio-

107 681 157 745 nis
179 697 295 757 rerum3
318 678 401 743 unda
425 691 456 744 at
478 677 604 766 quitiam
627 675 744 760 antiqui
757 673 932 761 pbilosopbi
945 693 1033 740 amo·

7 809 10 819 ,
106 787 175 834 ram
199 765 330 833 deorum
354 787 479 832 oausam
503 766 644 832 omnium
680 783 749 830 essa
783 775 964 848 posueruut,
999 775 1033 828 ut

7 897 10 908 ·
107 869 193 943 patet
214 857 245 921 in
270 855 372 942 primo
394 855 687 944 llatapbyaicorum:
708 867 739 917 et
767 851 934 938 Dionysius
957 850 1031 954 dicit

7 990 10 999 ·
106 943 191 1030 quod
213 944 337 1010 diviona
358 963 448 1009 amor
468 965 530 1010 non
548 944 695 1030 permisit
714 942 817 1021 iprum
830 943 899 1006 aine
919 960 1031 1026 gerno·

8 1077 9 1088 ε
105 1051 146 1098 aa
167 1053 233 1098 aare
255 1033 318 1121 (Do
341 1033 441 1098 Diuin.
465 1033 599 1110 Nomin,
622 1052 649 1098 o.
671 1031 719 1116 l).
743 1029 887 1096 llabituur
904 1041 951 1096 eat
972 1049 1030 1094 au·

105 1135 170 1186 tem
194 1141 231 1187 ax
254 1123 428 1210 praemissis
451 1123 535 1209 quod
572 1121 704 1208 Spiritus
730 1118 861 1186 Sanetus
892 1117 1030 1206 procedit

7 1256 9 1267 -
106 1229 163 1296 per
185 1211 313 1276 modum
337 1211 451 1276 amoris
484 1233 546 1298 quo
581 1211 666 1275 oeus
687 1222 771 1274 amat
801 1209 949 1295 amporam.
971 1207 1030 1292 igi«

7 1348 9 1357 .
105 1299 295 1386 turSpiritut
318 1299 449 1366 Sanctus
472 1315 518 1366 est
529 1299 714 1386 principium
732 1297 894 1364 ornationis
907 1316 1028 1377 rerum3

8 1423 9 1432 κ
103 1400 136 1453 et
158 1388 217 1454 boo
239 1389 437 1474 significatur:
462 1389 590 1454 Emitten
619 1387 1029 1472 morinummontem

104 1474 228 1556 luatur,
252 1478 380 1558 Parim,
404 1478 478 1557 105,
513 1479 566 1544 50.
589 1513 635 1526 ·-
657 1476 699 1541 lix
734 1475 793 1540 boo
825 1476 922 1540 attam
943 1473 1028 1559 quod

103 1565 233 1652 Spiritus
256 1566 385 1632 Sanetus
400 1587 455 1653 per
479 1567 607 1632 modum
631 1564 746 1631 amoria
769 1562 918 1649 procedit,
940 1582 1029 1631 amor

102 1667 207 1719 autem
221 1655 282 1720 vim
305 1656 473 1742 quamdam
498 1655 692 1743 impulsivam
708 1666 739 1718 at
754 1652 901 1716 motivam
924 1651 1029 1729 babet,

103 1755 208 1807 motus
231 1745 282 1828 qui
307 1759 352 1808 ast
374 1765 392 1808 a
416 1744 483 1809 Deo
506 1745 537 1809 in
561 1744 654 1809 rebus
675 1741 800 1828 Spiritui
824 1739 937 1805 Sancto
956 1761 1028 1826 pro·

103 1830 172 1984 prio
194 1830 316 1898 attribui
351 1831 480 1897 videtur.
504 1833 606 1898 Prima
630 1845 733 1896 autem
758 1829 887 1894 mutatio
913 1829 944 1892 in
979 1849 1028 1893 ra·

126 1935 163 1983 ua
186 1939 204 1984 ε
227 1919 293 1986 Deo
316 1921 448 1986 existens
471 1921 651 2007 intelligitur
686 1918 859 1986 necandum
882 1916 967 2005 quod
989 1938 1028 1984 aa

104 2008 234 2073 matoria
260 2024 361 2075 araata
388 2009 510 2077 informi
544 2012 662 2097 apariat
698 2009 835 2076 diuersas
871 2007 1026 2095 produxit.

103 2092 192 2161 Unde
217 2098 277 2163 boo
300 2119 377 2186 opus
400 2099 526 2185 Spiritui
549 2100 662 2164 Sancto
684 2098 779 2165 Saura
800 2096 957 2183 Scriptura
981 2110 1027 2161 at-

103 2184 220 2262 tribuit;
243 2186 472 2253 diciturenim:
498 2186 634 2273 Spiritus
659 2188 718 2252 Dei
752 2185 910 2272 ferebatur
933 2206 1028 2269 rupea·

8 2316 9 2355 3
101 2294 214 2362 aquom
235 2274 299 2341 vult
321 2276 405 2341 anim
428 2278 612 2361 Augustinus
629 2296 684 2362 per
706 2295 801 2364 aquas
825 2273 952 2358 intelligi
963 2294 1028 2340 ma·

103 2362 215 2427 teriam
237 2364 381 2451 primam,
400 2384 495 2451 super
517 2385 609 2451 quam
633 2365 765 2451 Spiritus
798 2363 923 2429 Domini
954 2362 1027 2441 [arri

7 2513 9 2520 t
102 2450 225 2530 dieitur,
248 2470 309 2517 nou
332 2452 420 2539 quari
443 2455 508 2540 ipsa
531 2467 702 2533 moveatur,
724 2452 781 2521 aeti
802 2453 875 2538 quia
889 2464 937 2517 est
958 2470 1026 2519 uto·

104 2540 198 2605 tionis
219 2540 414 2628 principium.

170 2627 298 2709 Rursus,
334 2629 450 2697 ilerum
488 2628 672 2716 gubernatio
709 2649 726 2692 a
764 2628 832 2693 Deo
853 2626 1026 2698 seouuduut

101 2718 271 2805 quamdam
305 2719 475 2785 motionem
513 2739 581 2785 aare
618 2716 815 2802 intelligitur,
851 2717 1024 2783 secundum

100 2805 187 2891 quod
209 2806 295 2873 Deus
315 2809 420 2873 omnia
442 2809 548 2893 dirigit
568 2819 600 2873 et
624 2822 727 2874 motat
740 2808 771 2873 in
784 2807 1024 2893 proprioalrnea.

99 2894 134 2961 Si
156 2894 249 2980 igitur
271 2896 422 2984 impulsus
445 2911 476 2964 at
498 2898 596 2963 motio
618 2896 658 2961 ad
681 2895 830 2982 Spiritum
867 2894 1025 2971 Sanctum,

100 2982 221 3049 ratione
244 2986 369 3063 amoris,
393 2986 535 3072 partinet,
556 2985 775 3052 convenienter
791 3002 894 3052 rarum
911 2985 1025 3067 guber·

99 3072 185 3138 natio
208 3086 238 3138 at
261 3077 440 3161 propagatio
462 3074 589 3161 Spiritui
612 3073 724 3139 Sancto
740 3073 925 3141 attribuitur.
939 3073 1026 3141 Unde

101 3160 223 3227 dioitrtr:
247 3160 384 3245 Spiritus
406 3162 560 3247 Dal-sarit
583 3182 643 3240 ma,
669 3163 739 3241 lob,
762 3163 816 3240 55,
839 3164 871 3238 43
893 3171 933 3225 at:
956 3158 1027 3244 Sp·-

100 3249 183 3315 ritur
206 3260 274 3317 trau
312 3252 410 3317 bonno
443 3252 574 3319 declamat
605 3271 655 3319 ote
677 3254 711 3317 iu
744 3262 862 3317 terrum
898 3261 1026 3328 rectam,

101 3338 225 3418 Psalm„
251 3339 325 3420 lib,
350 3341 400 3407 10.
424 3341 538 3419 -Et,
561 3340 636 3425 quia
671 3340 847 3425 gubernare
883 3339 1022 3408 subditos

102 3429 244 3514 proprias
267 3443 363 3495 *actua
401 3428 519 3497 domini
549 3442 607 3507 eat,
644 3430 865 3496 convenienter
898 3426 1024 3514 Spiritui

102 3515 216 3581 Sancto
236 3516 412 3583 dominium
436 3518 623 3591 attribuiturt
637 3520 718 3593 oioit
741 3519 826 3591 anim
848 3516 1022 3607 Apostolum

171 3602 203 3671 S.
232 3605 286 3670 tt.
313 3602 456 3673 Summae
479 3608 561 3674 Pbil.
586 3606 619 3677 t.
644 3608 674 3674 3.
959 3608 979 3672 7
