2484 3975
216 214 280 279 tet
594 232 766 279 enuscucun

214 300 488 368 aedificator-dum
511 301 663 379 aedificat,
686 302 734 368 vel
756 320 888 387 cuprum
927 322 997 366 cum
1035 322 1074 368 ex
1097 322 1136 367 eo

214 394 248 457 lit
270 391 397 455 idolum.
422 390 519 456 Causa
543 393 573 455 in
597 394 732 480 petentia
766 405 812 455 εει
850 410 938 477 quae,
973 390 1042 456 licet
1075 412 1138 457 non

214 493 319 545 causet
341 493 407 543 rem
432 481 464 543 in
502 495 582 557 autu,
617 494 717 566 petest
750 492 853 545 temen
891 498 1028 558 causare,
1060 482 1139 545 sicut

215 568 404 646 aedificator,
427 588 489 633 uon
512 570 595 653 quod
620 570 770 647 aedificet,
793 569 847 633 sed
871 569 942 653 quia
966 582 1065 655 potest
1087 589 1139 635 ec·

214 656 352 735 dideare,
374 671 568 742 et-cuprum
591 658 665 724 dum
691 670 812 723 nonest
828 657 955 721 idolum.
983 656 1018 722 Et
1040 658 1138 722 scien·

215 748 291 811 dum
314 745 410 831 quod,
433 746 587 832 loquendo
611 748 651 811 de
684 748 784 813 oensis
820 746 850 810 in
886 760 966 822 ortu,
1001 766 1140 811 necessa-

176 910 179 917 ,
214 836 296 901 rium
312 850 359 899 est
379 855 504 899 causam
528 853 558 900 et
579 852 738 901 causatum
762 833 853 900 simul
875 855 952 913 esse,
982 836 1022 899 ita
1045 836 1140 920 quod,

215 926 240 989 si
265 942 362 989 unum
382 925 434 1001 sit,
456 938 486 988 ει
509 924 652 989 alterum:
676 926 701 990 si
724 928 807 991 enim
835 924 873 988 sit
909 923 1086 988 aedificator
1108 926 1139 989 in

215 1025 296 1091 ectu,
320 1024 440 1098 oportet
461 1013 544 1097 quod
568 1014 719 1087 aedificet,
742 1029 772 1079 ει
793 1013 819 1077 si
842 1012 880 1077 sit
914 1012 1084 1077 aedificatio
1104 1015 1138 1077 'in

215 1116 296 1181 actu,
318 1115 439 1187 oportet
461 1101 544 1187 qued
568 1105 608 1178 sit,
629 1102 805 1178 aedificator
827 1102 859 1167 in
894 1116 972 1167 actu.
996 1101 1057 1165 Sed
1081 1102 1140 1167 hoc

215 1210 280 1255 non
302 1203 349 1254 est
370 1191 579 1257 necessarium
603 1192 635 1256 in
649 1192 748 1257 causis
772 1211 851 1278 quac
890 1189 992 1255 solum
1015 1189 1085 1256 sunt
1108 1192 1139 1254 in

215 1294 363 1366 potentia.

239 1417 242 1427 .
282 1367 448 1432 Sciendum
486 1383 532 1433 est
570 1383 673 1433 autem
708 1369 792 1453 quod
827 1386 918 1433 eausa
959 1367 1140 1433 universalis

215 1472 412 1543 comparatur
433 1472 558 1523 causato
582 1458 756 1535 universali,
790 1472 820 1523 et
854 1477 944 1522 causa
978 1456 1141 1541 singularis

216 1561 414 1630 comparatur
436 1561 562 1611 causato
585 1548 746 1631 singulare
777 1548 855 1611 sicut
889 1546 1019 1609 dicimus
1056 1547 1140 1633 quod

216 1634 394 1700 aedificator
415 1650 461 1700 εει
482 1656 575 1701 cauta
597 1635 720 1716 domus,
742 1651 772 1701 et
796 1636 845 1701 lric
861 1634 1038 1699 aedificator
1049 1636 1142 1719 hujus

214 1724 337 1791 domos.

202 1817 204 1820 ’
283 1812 449 1878 Sciendum
470 1826 517 1877 est
539 1815 632 1879 etiam
649 1813 743 1900 quod,
757 1810 914 1899 loquendo
931 1810 970 1876 de
984 1808 1142 1899 principiis

214 1902 398 1977 intrinsecis,
420 1902 533 1966 scilicet
549 1904 677 1970 materie
700 1916 730 1967 et
753 1902 862 1979 l'orma,
878 1900 1050 1967 secuudum
1067 1922 1142 1965 con·

216 1992 401 2058 uenientium
426 2004 457 2054 et
479 1991 683 2057 differentiam
715 1994 966 2078 principiatorum
1002 2005 1032 2055 ει
1066 2011 1143 2055 εοε-

213 2081 402 2146 senientiam
424 2093 454 2143 ει
477 2081 681 2146 differentiam
718 2081 950 2167 principiorum,
985 2080 1143 2165 quaedam

212 2185 285 2235 suut
301 2168 383 2233 idem
407 2189 550 2248 numero,
573 2185 606 2234 ut
630 2170 770 2236 Socrates
793 2185 823 2234 ει
858 2168 908 2233 hic
948 2170 1053 2247 homo,
1088 2169 1145 2233 de·

212 2271 384 2324 monstrato
407 2256 543 2324 Socrate:
566 2259 718 2344 quaedam
747 2273 817 2322 sum
852 2258 973 2322 diversa
1008 2275 1145 2322 numero

214 2363 244 2412 et
267 2347 475 2434 idemspecie,
498 2348 575 2412 sicut
597 2347 740 2417 Socrates
779 2360 810 2411 ει
833 2347 931 2425 Plato,
969 2348 1034 2431 qui,
1070 2347 1146 2412 licet

213 2435 356 2502 differant
378 2455 521 2516 nurnero,
543 2437 732 2502 conveniunt
756 2448 858 2501 tamen
887 2436 919 2498 in
956 2438 1058 2522 specie
1082 2438 1143 2500 ltu-

214 2546 318 2591 mana.

282 2612 442 2698 Quaedam
466 2633 540 2678 uero
562 2612 706 2680 differunt
729 2613 760 2678 in
798 2611 911 2700 specie,
933 2611 987 2677 sed
1010 2625 1082 2678 sunt
1120 2614 1148 2678 i·

217 2703 290 2769 dem
313 2723 437 2788 genere,
460 2704 537 2768 sicut
560 2703 656 2767 homo
689 2716 720 2768 et
752 2703 856 2766 asinus
889 2701 1077 2766 conveniunt
1111 2701 1149 2767 in

216 2812 332 2876 genere
347 2792 497 2857 animalis.
537 2791 696 2874 Quaedam
720 2811 794 2856 vero
819 2811 881 2855 uon
915 2803 986 2854 sunt
1020 2791 1149 2856 diversa

218 2882 250 2946 in
270 2900 400 2966 genere,
422 2880 475 2945 sed
498 2895 570 2944 runt
602 2881 685 2944 idem
718 2880 820 2944 selum
843 2879 1013 2944 secundum
1037 2879 1150 2945 analo·

216 2971 310 3054 giam
333 2971 413 3034 sicut
435 2969 604 3034 substantia
628 2985 659 3034 et
681 2969 843 3054 quantitas,
878 2988 957 3053 quac
981 2987 1042 3032 non
1066 2987 1149 3033 cort-

217 3061 343 3124 veniunt
365 3058 397 3121 iu
431 3060 534 3143 aliquo
567 3077 692 3142 genere,
726 3057 780 3122 sed
815 3056 1002 3121 conueniunt
1035 3055 1145 3122 solem

212 3148 384 3213 secundum
409 3147 592 3231 analogiam
615 3147 802 3212 conveniunt
824 3146 908 3210 cuim
931 3145 1031 3211 solum
1056 3147 1144 3210 ineo

214 3237 297 3322 quod
322 3249 368 3301 est
390 3253 456 3313 ens;
479 3256 534 3300 ens
557 3252 661 3300 autem
684 3255 747 3300 non
770 3247 816 3299 est
845 3254 955 3318 genos,
977 3235 1049 3321 quia
1071 3253 1144 3299 non

211 3325 407 3410 praedicatur
429 3325 569 3400 univoce,
591 3325 646 3389 sed
670 3324 837 3408 analogice.

188 3468 190 3473 ,
278 3413 314 3476 Ει
337 3413 375 3476 ad
399 3412 491 3496 liuius
514 3412 747 3496 intelligentiam
782 3411 943 3478 sciendum
967 3426 1013 3478 est
1049 3413 1142 3496 quod

212 3501 371 3587 tripliciter
391 3499 511 3586 aliquid.
540 3502 736 3587 praedicatur
758 3501 796 3566 de
835 3499 985 3588 pluribus,
1018 3501 1143 3568 scilicet
