2484 3975
372 243 410 289 nr
432 241 614 290 sousrturtts
635 239 788 288 surtntrts
971 222 1031 294 551

114 306 220 402 speeie
241 308 402 387 continere
426 313 537 398 poterit
557 313 652 386 enirn,
674 309 845 375 secundum
880 309 1035 380 diversito-

116 419 180 470 tem
204 406 360 480 materiae,
382 402 540 466 diuersitas
564 399 791 464 individuorum
822 401 1036 488 uniusspeciei

116 493 246 559 esusari.
270 490 431 577 Oportebit
452 490 545 573 igitur
567 489 670 553 dicere
709 487 792 574 quod
830 509 891 553 non
926 509 1035 558 omnes

115 595 224 646 natura
249 599 304 643 nec
325 598 449 665 semper
470 577 594 643 luerunt
616 576 700 652 ntuli,
723 577 776 640 sed
811 577 903 663 uliqui
925 589 1056 645 eorum'

113 671 187 736 mali
211 690 279 733 esse
301 669 491 753 incoeperint
527 667 652 753 proprio
687 665 822 744 arbitrio,
857 666 1033 752 passionum

113 757 344 824 inclinationem
365 769 540 841 sequentes.
565 755 651 819 Unde
674 753 839 840 Dionysius
861 755 1032 842 dicitquod

121 846 278 910 «aversio
301 846 441 932 (seilicet
474 843 607 919 allec)
642 856 686 907 est
721 845 792 930 ipsis
831 843 1033 911 daemonibus

114 935 231 1000 malurn
254 948 285 998 et
307 935 391 1020 quasi
416 932 564 998 mentium
589 951 741 1009 excessus,
763 933 840 1019 quia
858 951 913 1018 per
928 952 1036 1020 super·

114 1024 198 1090 lsittm
222 1023 300 1088 ultra
323 1024 440 1107 seipsos
462 1035 534 1086 sunt
555 1020 626 1085 clati
648 1048 679 1085 s.
720 1021 753 1085 Et
791 1033 895 1108 postea
929 1022 1034 1088 subdit

115 1112 269 1200 quaedam
293 1110 333 1175 ad
356 1129 488 1197 poemtn
511 1110 703 1196 pertinentia,
733 1112 810 1175 sieut
837 1129 936 1175 «non
960 1131 1034 1176 eon·

115 1202 233 1268 secutio
257 1199 328 1264 dois
351 1199 460 1277 ultimi,
481 1213 513 1263 et
546 1197 736 1286 imperiectio
760 1203 842 1286 (per
865 1200 1032 1266 carentiam

116 1289 239 1356 debitae
276 1285 507 1373 perfectionis),
545 1300 575 1351 et
613 1287 792 1374 impotentis
826 1288 1035 1372 consequendi

115 1377 201 1464 quod
224 1377 402 1442 naturaliter
439 1375 624 1451 desiderunt,
662 1392 690 1440 et
726 1375 884 1442 inlirtnitss
917 1377 1036 1442 uirtutis

114 1466 324 1533 conservantis
347 1464 518 1530 naturalem
540 1465 570 1528 in
595 1466 639 1529 eis
662 1463 803 1530 ordinent
841 1479 1035 1532 revocantem

114 1576 132 1621 tt
157 1553 239 1622 malo
262 1581 293 1618 ι.
316 1555 501 1638 Augustinus
524 1555 615 1617 etiem
639 1552 710 1617 dicit
734 1555 832 1641 (Sup.
860 1552 970 1618 Genes.
995 1555 1034 1620 ed

114 1644 192 1723 litt,
215 1666 241 1708 c.
266 1643 312 1727 5>
334 1641 418 1728 quod
452 1656 691 1726 transgressores
715 1642 819 1724 Angeli
843 1653 914 1705 aute
937 1656 1033 1708 trans·

110 1735 300 1819 gressionetu
339 1751 432 1795 suern·
451 1729 574 1796 luerunt
598 1731 628 1793 io
662 1731 811 1815 superiori
846 1743 931 1816 parte
953 1731 1032 1796 aeris

114 1826 285 1910 propinqua
308 1817 404 1896 caelo,
427 1839 498 1883 cum
523 1819 660 1905 principe
697 1839 764 1895 suo,
791 1837 873 1882 nuuc
908 1817 1031 1884 diabolo

114 1927 187 1976 tuuc
210 1906 411 1993 drelrungelo;
444 1908 615 1973 indistincte
649 1907 822 1994 exprimens
857 1925 912 1995 pet
934 1921 1046 1994 trans-¹

112 2000 303 2085 gressionetn
329 1997 503 2083 *quutndum
541 2017 595 2061 eos
617 2016 685 2061 esse
708 1997 804 2062 melos
842 1996 946 2065 lactus.
969 1996 1030 2065 Sed

113 2102 146 2154 et
167 2088 376 2153 Datuascenus
398 2086 471 2151 dicit
493 2086 576 2171 quod
613 2112 629 2145 ι
651 2085 791 2151 diabolus
825 2106 888 2150 non
922 2096 1031 2151 nature

113 2177 214 2242 malus
235 2176 331 2241 laetos
351 2187 409 2249 est,
431 2176 486 2239 sed
525 2176 624 2239 bonus
658 2175 789 2240 existens
812 2188 843 2239 et
879 2175 911 2239 in
949 2176 1031 2239 bono

113 2267 245 2346 genitos,
267 2264 353 2329 liberi
375 2264 422 2327 sui
446 2264 562 2328 arbitrii
585 2262 735 2327 electione
752 2277 890 2329 uersutus
903 2262 937 2349 (l.
951 2266 986 2349 2)
1001 2291 1033 2329 r.

114 2355 179 2419 lloe
202 2357 326 2439 iusuper
355 2364 386 2416 et
421 2350 571 2437 Origenes
603 2352 703 2439 (Περὶ
727 2348 829 2440 Ἀρχ.,
863 2354 885 2418 l.
922 2352 969 2439 l)
1004 2366 1034 2417 et

112 2446 298 2527 Augustinus
309 2439 498 2528 (decivitate
519 2440 586 2516 Dei,
600 2440 620 2505 l.
644 2440 678 2522 l)
692 2442 919 2506 auctoritatibus
930 2460 1034 2507 sacrae

114 2531 290 2617 Scripturas
311 2529 504 2608 confirmant,
538 2528 716 2595 inducentes
739 2531 769 2593 itl
807 2529 890 2615 qood
904 2531 1034 2596 liabetur

113 2621 230 2685 dictum
264 2617 397 2696 diabolo,
425 2617 739 2683 consimilitudinem
763 2622 843 2703 regis
857 2618 1031 2701 Babylonis:

116 2709 276 2789 Quomodo
297 2706 434 2773 cecidisti
454 2706 494 2770 tls
519 2706 623 2786 Coelo,
645 2706 775 2791 Lucifer,
796 2708 849 2791 qui
887 2726 977 2773 morte
998 2727 1032 2772 o·

112 2797 261 2863 sicimis?
284 2795 409 2884 (lsai,
434 2796 486 2875 ll,
510 2794 551 2861 ld
569 2796 592 2882 );
620 2808 651 2860 et
674 2796 712 2859 ad
734 2815 806 2860 eum
842 2796 963 2876 dieitur,
1000 2798 1032 2863 in

113 2906 246 2974 persona
269 2887 349 2971 regis
382 2884 465 2970 Tyri:
508 2884 554 2949 Tu
586 2885 777 2970 sipunculuut
810 2885 1031 2963 similitudinis,

113 2976 223 3059 plenus
238 2975 391 3059 sapientia
414 2984 444 3037 et
463 2973 616 3057 perfectus
638 2974 756 3046 decore,
778 2974 811 3036 itt
835 2975 954 3039 deliciis
973 2994 1032 3059 pc·

114 3064 216 3129 rodisi
240 3065 297 3128 Dei
317 3062 404 3147 (tristi
425 3060 627 3147 (decollet,
653 3062 707 3140 28,
723 3061 905 3149 temper
927 3079 1032 3149 postet

114 3151 266 3219 subditur:
289 3151 446 3237 Perfectus
468 3152 579 3215 inuiis
615 3151 677 3215 tuis·
712 3170 733 3215 o
767 3151 819 3215 die
853 3153 1033 3221 conditionis

115 3252 196 3320 tuoe,
217 3242 313 3307 donec
332 3240 462 3305 inuento·
483 3251 528 3305 est
549 3239 696 3323 iniquitas
717 3239 750 3303 itt
774 3248 801 3303 te
826 3239 943 3326 (ibid,
967 3240 1032 3329 ld).

114 3329 216 3396 Voluit
239 3331 423 3415 Augustinus
446 3329 476 3391 in
500 3327 547 3392 liis
563 3328 662 3393 uerbis
687 3328 744 3393 dici
771 3327 896 3415 idquod
913 3330 1034 3395 dicitur:

115 3418 175 3485 lllc
196 3419 350 3485 ltotrtt'eida
371 3427 440 3482 srot
460 3414 500 3481 ol
522 3416 621 3494 initio,
645 3428 675 3483 et
695 3416 727 3480 in
749 3420 877 3483 ueritate
899 3438 959 3483 nors
974 3429 1060 3489 tle—¹¹

116 3509 154 3575 tit
173 3507 333 3596 (locem,
355 3507 389 3588 8,
409 3504 452 3580 ll
464 3508 541 3591 ),‚et
562 3504 655 3573 etism
680 3504 712 3571 id
727 3506 808 3593 quod
827 3508 937 3575 dicitur
949 3506 1032 3593 quod
