2484 3975
489 246 544 292 utu.
558 246 606 291 tv.
630 244 704 291 etr.v
718 248 741 289 r:
1038 227 1062 292 7

146 311 237 381 et‘ad
261 312 389 380 inlicem
414 312 617 401 disponuntur
639 328 671 380 et
691 314 865 397 diriguntur
885 315 930 380 'in
964 315 1059 381 linem
1132 359 1136 376 t

145 404 278 469 tenuiter
299 402 387 469 nobis
410 417 500 469 notus
522 424 589 469 csse
613 417 727 491 posset,
761 424 832 469 cum
868 404 907 471 ad
945 425 1063 491 cogno·

147 492 293 559 scendam
317 491 465 557 rationem
490 492 610 559 diuinae
643 491 853 580 providentiae
889 513 953 559 non
990 516 1063 581 pers
1114 556 1117 558 Α

147 580 310 667 tingamus.
638 602 643 614 ·
1011 618 1017 635 ι

212 670 243 735 Si
267 670 358 755 igitur
380 670 553 756 ipsaeviae
576 669 755 758 imperfecte
791 684 1019 755 cognoscuntur
1034 692 1060 735 a

147 758 246 853 nobis,
267 756 426 846 quomodo
448 778 503 845 per
526 780 577 825 eas
600 759 639 825 ad
662 758 1060 847 perlectccognoscendum

147 850 285 935 ipsarum
323 848 441 912 viarum
477 848 661 934 principium
697 848 867 936 poterimus
889 850 1060 933 pervenire,

149 937 232 1022 quod
254 937 321 1002 sine
343 938 543 1023 proportione
563 937 683 1003 excedit
711 937 775 1003 vias
812 936 1000 1023 praedictas9
1024 938 1061 1001 E·

64 1048 74 1062 „
149 1028 222 1090 tiam
246 1027 270 1090 si
294 1025 357 1089 uias
380 1026 459 1113 ipsas
481 1046 738 1111 cognosceremus
754 1024 899 1113 perfecte,
921 1025 1061 1092 nondum

149 1126 251 1179 tamen
276 1112 409 1200 perlecta
434 1114 573 1202 principii
597 1114 732 1200 cognitio
755 1114 843 1180 nobis
866 1114 996 1180 adesset.

215 1203 293 1285 Quia
318 1204 411 1289 igitur
433 1203 543 1269 debilis
566 1216 633 1269 erat
654 1203 710 1268 Dei
733 1204 868 1288 cognitio
906 1203 944 1267 ad
967 1224 1061 1289 qnam

148 1292 244 1357 bomo
267 1311 322 1379 per
344 1292 408 1358 vias
422 1294 601 1379 ,praedictas
616 1292 812 1358 intellectuali
824 1291 960 1377 quodam
972 1294 1066 1378 quasi·

146 1381 257 1445 intuitu
278 1383 454 1467 pertingere
477 1395 605 1468 poterat,
627 1400 665 1446 ex
702 1380 965 1466 superabundanti
1004 1381 1057 1446 bo·

146 1470 256 1547 nitate,
276 1469 452 1535 utlirmior
474 1483 553 1536 esset
576 1470 709 1535 bominis
739 1469 779 1534 de
812 1469 879 1535 Deo
916 1470 1067 1554 cognitio,-

147 1560 299 1643 quacdam
314 1557 361 1623 ‘de
385 1561 487 1645 seipso
509 1559 688 1624 bominibus
711 1557 865 1635 revelarit,
899 1577 979 1643 quae
1013 1559 1061 1622 in·

146 1647 301 1727 tellectum
324 1647 495 1711 humanum
524 1647 687 1712 excedunt:
710 1647 741 1711 in
763 1667 825 1731 qua
839 1646 964 1733 quidem
977 1667 1061 1711 rete·

146 1734 259 1801 latione
292 1736 462 1816 secundum
496 1736 729 1821 congruentiam
764 1735 897 1799 bominis
934 1735 1060 1821 quidam

147 1825 224 1889 ordo
246 1837 395 1903 servatur,
418 1836 451 1888 ut
489 1824 634 1915 paulatin
672 1824 712 1888 dc
745 1822 924 1910 imperfecto
961 1824 1065 1889 veniat·

7 1904 14 2009 ,⁸
43 1980 45 1983 ,
148 1912 186 1976 ad
203 1912 396 2066 .H.‘³ff⁸⁰¹¹¹¹¹¹’
430 1914 507 1977 sicut
544 1915 575 1978 in
609 1915 737 1979 caeteris
771 1913 863 1978 rebus
897 1912 1061 1979 mobilibus

2 2012 8 2036 '²
148 2021 210 2066 acct
235 2015 266 2066 rt.
663 2026 667 2030 ·

144 2107 147 2114 ’
216 2091 320 2155 Primo
342 2091 434 2176 igitur
456 2092 500 2157 sic
523 2092 642 2157 bomini
662 2061 854 2156 'revelantur
890 2103 923 2156 ut
959 2105 1064 2156 tamen

146 2199 210 2244 non
222 2180 441 2264 intelligantur,
463 2179 518 2246 sed
549 2181 650 2245 solum
666 2181 753 2265 quasi
769 2179 873 2244 audita
889 2179 1062 2245 credantur:

33 2278 37 2285 '
147 2269 219 2352 quia
242 2269 413 2334 intellectus
437 2269 582 2349 bominis,
610 2267 791 2334 'secuudum
830 2269 914 2333 bunc
950 2282 1062 2334 statum
1146 2349 1152 2360 Ι

148 2376 209 2439 quo
232 2358 427 2423 sensibilibus
450 2371 496 2423 est
519 2377 687 2434 connexus,
708 2357 748 2421 ad
771 2377 808 2421 ea
824 2357 972 2422 intuenda
983 2376 1063 2442 quae
1139 2369 1166 2380 ·’

40 2485 43 2492 -
148 2463 257 2508 omnes
279 2448 491 2531 proportiones
514 2465 624 2510 seusus
646 2446 798 2510 excedunt
835 2443 963 2509 omnino
999 2445 1063 2510 ele-

34 2606 37 2612 ,
147 2531 212 2596 uari
236 2551 298 2596 non
322 2533 508 2618 potest3scd,
530 2553 601 2598 cum
618 2554 636 2597 a
652 2533 845 2598 sensibilium
871 2534 1064 2599 connexione

147 2617 239 2684 luerit
260 2620 416 2698 liberatus,
440 2635 511 2686 tunc
535 2620 705 2686 elevabitur
727 2620 767 2684 ad
801 2641 838 2686 ea
861 2641 941 2706 quae
978 2641 1063 2688 rete-

147 2708 251 2774 lantur
273 2709 431 2775 intuenda.
1031 2744 1036 2752 ·

210 2799 262 2862 Est
285 2798 377 2882 igitur
400 2798 508 2884 triplex
531 2799 665 2883 cognitio
689 2797 823 2862 bominis
863 2796 903 2862 de
942 2798 1064 2864 divinis.

146 2885 284 2966 Quarum
308 2889 407 2974 prima
430 2901 476 2952 est
498 2887 669 2953 secundum
692 2887 777 2973 quod
812 2887 907 2959 bomo
932 2889 1065 2955 naturali

144 2972 262 3040 lumine
285 2976 411 3041 rationis
434 2997 490 3061 per
512 2991 667 3042 creaturas
692 2977 722 3040 in
758 2975 822 3041 Dei.
852 2975 1064 3060 cognitionem

6 3067 8 3074 '
40 3118 42 3122 .
145 3065 292 3142 ascendit;
314 3065 448 3130 secunda
469 3079 515 3130 est
538 3078 629 3152 prout
650 3063 753 3129 divina
791 3064 912 3141 veritas,
945 3065 1065 3129 intelle·

145 3165 229 3218 ctum
253 3155 424 3218 humanum
448 3155 609 3231 excedens,
632 3172 687 3238 per
710 3152 838 3217 mudum
868 3153 1064 3219 revelationis

146 3240 177 3304 in
201 3261 257 3306 nos
280 3241 449 3318 descendit,
472 3261 535 3307 nou
558 3256 661 3307 tamen
684 3241 772 3328 quasi
792 3240 1001 3306 demonstrata
1023 3243 1065 3311 ad

148 3329 327 3408 videndum,
339 3330 394 3394 scd
418 3331 505 3416 quasi
521 3350 665 3396 sermone
678 3329 795 3416 prolata
812 3327 851 3394 ad
863 3329 1066 3410 credendum

146 3417 235 3484 tertia
258 3433 303 3483 est
325 3420 495 3484 sectandum
520 3419 603 3505 quod
627 3439 715 3483 mens
753 3417 888 3482 bumana
927 3417 1064 3486 elevatur

148 3504 186 3570 ad
209 3527 244 3572 ea
267 3519 439 3594 quaesunt
462 3507 594 3573 revelata
617 3505 751 3595 periente
772 3504 929 3572 intuenda.
