2484 3975
213 229 278 294 tet
458 247 514 292 ato.
538 245 577 291 rr.
601 246 664 292 ete.
689 245 787 292 ravin.
812 245 849 291 nr
871 244 947 293 xttx.

278 315 381 383 Creari
405 315 488 380 enim
524 327 571 380 ast
605 314 671 380 fieri
706 315 874 401 quoddam.
912 315 990 382 Corn
1030 327 1147 381 aulem

211 407 278 472 lieri
303 404 485 470 terminetur
507 403 546 468 ad
569 423 637 468 esse
660 405 850 491 simpliciter,
879 402 946 489 ejus
983 417 1029 468 est
1067 403 1146 468 lieri

212 494 296 582 quod
321 494 496 558 hebetasse
518 493 699 568 subsistens,
724 509 754 556 et
778 492 956 576 hujusmodi
980 505 1026 556 est
1053 491 1148 557 indi·

212 584 340 649 viduum
363 581 552 667 eompletum
577 583 607 645 in
624 601 738 666 genere
761 579 1145 667 substantiae3qnod-qui-

212 673 285 737 dem
309 672 339 736 in
364 684 471 735 natura
491 669 688 736 intellectuali
706 669 816 735 dieitur
832 689 962 756 persona
975 670 1142 735 autetiam

211 759 393 848 hypostasis.
416 759 547 823 Formae
570 778 644 823 vero
667 771 698 823 et
720 758 890 823 accidentia
913 759 1047 823 etetiarn
1065 777 1144 844 par-

211 865 257 914 tes
281 870 345 914 non
367 847 512 912 dicuntur
534 845 600 911 lieri
625 847 682 911 nisi
707 846 878 912 seeundum
903 847 990 933 quid,
1014 867 1087 911 rum
1105 861 1142 910 et

212 954 279 1004 esse
302 957 365 1002 non
389 936 523 1000 habeant
545 936 576 1000 in
599 955 633 1000 se
656 935 836 1012 subsistam,
871 936 929 1000 sed
967 935 1141 1000 subsistant

211 1028 243 1091 in
267 1027 339 1104 ali03
364 1025 457 1101 unde,
479 1044 551 1089 eum
575 1025 685 1110 aliquis
723 1024 756 1089 fit
790 1024 889 1105 albus,
925 1045 987 1088 non
1021 1024 1140 1089 dieitur

213 1115 280 1180 lieri
303 1114 493 1200 simpliciter,
516 1111 572 1177 sed
595 1112 766 1178 seeundum
790 1112 875 1199 quid.
899 1113 931 1177 ln
944 1112 1064 1179 Christo
1078 1132 1134 1177 au·

171 1219 173 1224 ’
213 1218 276 1268 tem
300 1223 362 1268 non
386 1216 431 1267 est
455 1202 513 1265 alia
537 1201 708 1287 hypostasis
733 1201 782 1266 vel
804 1221 935 1289 persona
960 1201 1017 1266 nisi
1030 1197 1139 1268 ‘Verbi

212 1292 283 1371 Dei,
306 1310 387 1378 quae
411 1303 457 1355 est
481 1291 626 1366 increata,
652 1305 686 1354 ut
707 1310 745 1354 ex
774 1290 951 1377 praemissis
988 1289 1139 1354 maniles·

214 1395 279 1445 tom
304 1393 360 1445 est.
382 1378 450 1443 Non
463 1379 556 1463 igitur
570 1380 750 1464 simpliciter
767 1393 866 1466 potest
881 1378 1034 1444 enuntiari
1051 1379 1143 1465 quod*

215 1468 353 1535 Christus
376 1468 414 1532 sit
436 1481 588 1547 ereatura,
611 1467 681 1532 lieet
704 1487 774 1532 oum
788 1467 944 1532 additione
958 1467 1053 1555 possit
1075 1469 1142 1532 lroe

214 1557 287 1636 diei,
311 1571 343 1622 ut
366 1557 484 1622 dieatur
507 1570 648 1621 ereatura
670 1557 842 1622 seeundum
865 1556 949 1642 quod
973 1557 1067 1621 homo
1086 1557 1138 1621 vel

214 1647 386 1712 seeundum
409 1648 579 1710 humanam
602 1659 754 1710 naturam.

284 1735 368 1801 Licet
389 1748 492 1799 autern
516 1733 556 1797 de
578 1733 727 1819 subjecto,
750 1732 834 1820 quod
861 1745 907 1798 est
940 1733 1141 1799 individuum

215 1824 247 1888 in
276 1843 391 1908 genere
413 1822 613 1901 substantiae,
637 1844 698 1888 non
724 1821 904 1909 simpliciter
926 1821 1046 1887 dicatur
1069 1824 1142 1888 lieri

216 1913 300 1999 quod
322 1925 368 1976 est
390 1912 549 1998 proprium
572 1931 649 1995 ejus,
673 1925 799 1999 propter
822 1911 989 1976 accidentia
1007 1911 1141 1998 velpar·

215 2017 273 2076 tes,
296 2003 351 2066 sed
375 2000 477 2065 solum
500 2001 672 2065 seeundum
696 1999 784 2087 quid,
815 2012 918 2064 tamen
956 2000 1141 2087 simpliciter
1175 2010 1178 2013 '

214 2090 430 2177 praedicantur
453 2088 492 2152 de
515 2087 654 2173 subjecto
677 2104 1142 2175 quaeeumqneoonsequuntur

215 2177 397 2243 naturaliter
419 2177 458 2241 ad
482 2177 650 2243 accidentia
674 2178 722 2243 ret
747 2177 786 2242 ad
824 2192 926 2264 partes
964 2178 1140 2245 seeundum

216 2267 374 2355 propriam
399 2268 560 2341 rationem;
583 2266 697 2331 dieitur
720 2268 802 2331 enim
827 2266 1006 2352 simpliciter
1042 2268 1141 2332 horno

215 2376 284 2421 esse
307 2355 425 2433 videns,
446 2355 519 2442 quia
543 2356 603 2419 hoe
626 2356 825 2441 consequitur
863 2356 902 2419 ad
937 2356 1073 2433 oculum,
1108 2369 1142 2421 et

214 2446 332 2532 crispus
355 2456 480 2531 propter
503 2443 642 2530 capillos,
656 2456 686 2508 et
709 2443 834 2509 visibilis
849 2456 975 2530 propter
987 2444 1141 2509 colorem.

216 2534 267 2599 Sia
289 2534 381 2617 igitur
404 2544 492 2597 eles
516 2552 597 2618 quae
620 2544 853 2619 consequuntur
877 2532 1003 2619 proprie
1025 2532 1142 2598 adhu-

217 2639 342 2686 manam
367 2634 507 2686 naturam
530 2620 711 2707 simpliciter
742 2633 870 2708 possunt
907 2621 1061 2686 enuntiari
1097 2621 1143 2689 de

215 2708 351 2784 Christo,
372 2710 449 2774 siout
472 2708 556 2795 qood
580 2722 626 2775 est
654 2710 759 2789 horno,
795 2708 880 2796 qood
914 2724 959 2775 est
999 2710 1144 2791 visibilis,

216 2798 300 2883 quod
323 2797 500 2876 ambularit,
524 2810 555 2861 et
577 2798 681 2862 omnia
706 2798 893 2884 hujusmodi
919 2797 1004 2885 quod
1033 2812 1141 2865 autern

216 2900 262 2950 est
285 2904 435 2972 personae
458 2885 617 2972 proprium
641 2886 680 2951 de
704 2885 824 2952 Christo
860 2906 922 2951 non
961 2890 1142 2953 enuntiatur

217 2974 335 3039 ratione
359 2975 514 3040 humanae
537 2989 677 3050 naturae,
700 2976 758 3042 nisi
781 2996 852 3043 eum
877 2976 978 3063 aliqua
1003 2976 1138 3041 additio·

216 3083 257 3127 ne
279 3082 423 3151 expressa
446 3064 494 3130 vel
516 3062 738 3131 subintellecta.
