2484 3975
206 203 270 269 550
521 222 576 266 trs.
601 222 638 265 ru
662 220 725 265 car.
749 220 796 265 xc,

204 312 311 357 earum
336 304 443 355 tratura
467 305 682 363 corrumpatur
706 311 760 375 per
784 291 886 375 ignem
911 288 959 353 rel
977 290 1124 355 alteretur

205 397 256 447 aut
279 380 543 467 qualitercumque
567 380 654 443 aliter
678 392 910 455 transmutetur,
933 379 1013 444 sicut
1041 400 1124 444 nurtc

204 484 306 535 nostra
330 488 459 569 corpore
484 466 694 569 corruptibilia
718 468 875 552 patiuntur
897 466 959 529 ab
953 488 1037 551 rgne3
1052 467 1126 531 sub·

203 558 333 623 stantiae
371 558 453 621 enim
494 556 694 656 incorporeae
729 576 792 619 non
832 555 945 618 babent
979 569 1123 620 naturam

203 644 407 732 corporalem
431 657 463 708 ut
488 645 602 730 possint
626 665 643 707 a
668 644 761 707 rebus
784 645 939 729 corporeis
955 645 1126 719 immutare

204 755 304 837 neque
327 736 418 798 etiarn
447 732 617 797 formarum
642 731 833 796 sensibilium
847 733 1040 817 susceptivae
1054 746 1127 797 sunt

203 824 260 889 nisi
293 821 536 907 intelligibiliter3
560 822 627 885 talis
651 833 753 885 autent
792 822 945 904 susceptio
980 843 1042 885 non
1081 836 1129 886 est
1235 891 1236 900 χ

204 912 351 998 poenalis,
374 911 428 975 sed
453 911 550 993 magis
575 908 739 993 perfectiva
755 922 785 974 et
800 908 999 974 delectabilis.
1017 910 1127 995 Neque
1235 911 1236 962 l

203 1002 295 1065 etiam
321 1013 418 1085 potest
440 998 500 1062 dici
523 999 607 1083 quod
632 1000 786 1085 patiantur
809 998 849 1061 ab
874 998 945 1080 igne
971 1019 1126 1084 corporeo

203 1088 411 1161 nlllictionem,
425 1092 542 1150 ratione
566 1086 695 1171 alicujus
717 1086 949 1162 contrarietatis,
965 1088 1125 1152 sicutcor-

205 1198 278 1263 pora
305 1190 371 1263 post
395 1177 651 1247 resurrectionem
666 1174 912 1260 patientur3quia
935 1176 1125 1241 substantiae

203 1270 403 1351 incorporeae
425 1284 540 1365 organa
564 1286 711 1329 sensnum
730 1284 790 1327 non
805 1264 920 1326 babent
941 1284 1043 1347 neque
1071 1286 1127 1349 po-

204 1356 305 1419 tentiis
328 1354 478 1418 sensitiris
503 1367 637 1417 utuntur.
663 1353 854 1416 Patiuntur
848 1352 938 1434 igitur·
975 1354 1059 1417 ab
1052 1374 1125 1436 igne

204 1462 355 1545 corporeo
371 1442 580 1506 substantiae
574 1461 775 1543 incorporeae
798 1460 853 1525 per
870 1438 997 1505 modurn
1020 1441 1127 1526 alliga

205 1532 295 1596 tionis
312 1530 481 1615 cujusdam.
507 1530 639 1593 Possunt
650 1532 733 1594 enim
750 1527 867 1611 alligari
881 1528 1006 1612 spiritus
1017 1550 1127 1615 corpo-

205 1621 406 1706 ribusrelper
420 1618 547 1682 modum
558 1618 685 1695 formae,
693 1619 878 1682 sicutenima
888 1620 1127 1703 corporibuma

142 1714 145 1717 ’
205 1730 245 1775 no
262 1707 443 1793 alligaturut
455 1706 545 1770 det
519 1728 546 1770 er
561 1708 664 1783 vitam,
673 1708 720 1770 vel
733 1708 824 1770 etiarn
839 1706 955 1790 absque
971 1709 1030 1771 boc
1042 1707 1126 1793 quod

203 1798 242 1862 tit
243 1797 320 1899 ,ejus
343 1796 452 1873 forma,
476 1798 553 1859 sicut
570 1795 788 1859 necromantici
802 1794 989 1859 daemonum
1017 1798 1127 1860 rirtntc

204 1886 326 1988 spiritus
338 1886 464 1969 alligant
480 1886 665 1968 imaginibus
679 1899 730 1947 aut
748 1882 925 1967 hujusmodi
934 1884 1034 1949 rebus
1051 1885 1127 1948 llul

204 1989 235 2040 to
249 1974 340 2059 igitur
353 1974 450 2058 magis
463 1974 581 2038 virtute
591 1972 693 2038 divina
718 1974 841 2059 spiritus
865 1970 1068 2038 damnandi
1061 1973 1125 2058 igni

204 2083 353 2149 corporeo
392 2063 508 2146 alligari
533 2077 671 2148 possunt,
694 2076 723 2126 et
747 2062 835 2124 boc
829 2081 928 2146 ipsum
956 2077 1002 2127 est
1025 2064 1069 2126 eis
1092 2065 1125 2128 in

204 2150 403 2216 afflictionem
439 2151 521 2237 quod
545 2153 645 2216 sciunt
668 2171 701 2216 se
741 2150 834 2214 rebus
873 2149 986 2215 infimis
1021 2151 1127 2236 alliga·¹

204 2256 251 2305 tos
264 2240 293 2303 in
308 2261 449 2324 poenam.

272 2329 320 2392 Eat
344 2331 435 2392 etiam
475 2328 661 2392 conveniens
696 2328 779 2412 quotl
818 2329 954 2392 damnati
993 2329 1120 2414 spiritus

205 2419 314 2504 poenis
338 2416 548 2503 corporalibus
560 2420 747 2502 puniantur.

272 2504 373 2570 Omne
399 2509 485 2569 enim
511 2519 670 2591 peccatum
700 2505 855 2570 rationalis
892 2519 1052 2570 creaturae
1089 2524 1128 2569 ex

207 2595 265 2660 hoc
289 2594 439 2680 estquod
467 2594 533 2659 Deo
557 2595 732 2659 obediendo
757 2615 818 2658 noo
842 2593 994 2658 subditur.
1022 2595 1127 2658 Poena

207 2698 311 2747 autem
326 2683 605 2768 *proportionaliter
628 2684 722 2748 debet
744 2683 854 2766 culpae
878 2682 1082 2770 respondere,
1095 2695 1130 2746 ut
1179 2766 1184 2774 Ι

209 2771 349 2836 voluntas
374 2791 427 2856 per
451 2792 582 2857 poenam
608 2772 639 2835 in
677 2773 832 2836 contrario
866 2770 933 2855 ejus
971 2772 1129 2854 affligatur

207 2860 289 2943 quod
314 2859 469 2942 diligendo
483 2860 626 2943 peccavit.
651 2861 700 2924 Est
713 2863 803 2944 igitur
815 2861 1002 2924 conveniens
1027 2878 1129 2944 poena

208 2961 337 3012 naturae
361 2947 498 3012 rationali
523 2951 659 3032 peccanti
683 2962 717 3013 ut
739 2949 831 3012 rebus
854 2969 886 3012 se
920 2947 1129 3023 inferioribus,

207 3036 323 3101 scilicet
332 3035 565 3125 corporalibus,
588 3036 820 3138 quodammodo
837 3037 956 3119 alligata
969 3036 1129 3102 subdatur.

276 3117 362 3201 item,
385 3123 512 3188 Peccato
536 3125 650 3208 quod
644 3147 674 3188 m
700 3126 800 3188 Deum
824 3126 1034 3207 committitur,
1063 3143 1129 3187 non

209 3212 309 3279 solum
332 3232 431 3299 poena
455 3211 561 3276 damni
583 3214 638 3278 sed
661 3215 753 3278 etiam
779 3234 879 3299 poena
902 3234 1011 3278 sensus
1033 3212 1128 3276 debe·

209 3317 268 3377 tur,
292 3318 325 3365 ut
347 3315 505 3365 ostensum
530 3315 575 3364 est
599 3303 645 3388 (l.
669 3304 700 3379 5,
723 3324 748 3366 e.
777 3302 840 3366 ltb
857 3302 882 3386 );
907 3322 1004 3387 poena
1041 3302 1128 3364 enim

209 3409 317 3453 sensus
341 3388 506 3472 respondet
529 3391 638 3474 culpae
662 3406 811 3476 quantum
835 3391 873 3454 atl
892 3391 1128 3454 conversionem

219 3477 425 3543 inordinatam
448 3476 486 3540 ad
510 3481 730 3545 commutabile
755 3481 882 3558 bonum,
915 3479 993 3544 sicut
1030 3497 1131 3565 poena
