2484 3975
333 227 389 273 tm.
412 227 452 272 ru.
476 226 539 272 etr.
562 229 660 273 unuin.
685 229 721 272 ar
744 227 820 272 trix.
916 221 918 228 ’
971 209 1032 276 ttsst

120 295 263 366 ruentum
287 294 390 361 aitaris
412 296 488 361 nihil
511 297 648 362 continet
673 297 861 380 impossibile
883 296 962 376 Deo,
984 301 1037 386 qui

119 385 226 450 amnia
250 398 358 470 potest.
380 384 444 450 Neo
466 386 559 451 etiam
581 399 688 453 contra
713 384 864 452 Ecclesiae
902 387 1037 453 traditio·

119 493 195 539 nem
218 485 264 538 est
285 474 414 539 terbum
431 474 555 540 Domini
577 473 707 540 dinentis
730 473 769 538 ad
792 474 969 558 discipulus,
983 477 1036 561 qui

120 560 163 627 de
183 560 243 626 han
265 563 402 628 doctrina
415 563 613 628 scandalizari
631 563 824 628 videbantur:
850 563 946 628 Verba
958 586 1037 650 quae

119 671 176 733 qn
198 653 316 717 inautus
338 673 407 717 rum
431 651 525 731 vobit,
548 652 677 736 spiritus
693 663 723 716 et
744 654 810 718 uita
825 653 1038 730 strutionum,

120 739 228 818 taut.
252 739 321 806 Nou
343 740 428 806 enim
450 761 506 825 per
539 742 599 806 hou
632 737 717 806 dedit
749 740 920 826 intelligere
953 743 1037 828 quod

121 849 194 893 vera
217 850 289 894 caro
312 851 367 895 tua
392 834 423 894 in
447 830 506 894 hoe
529 842 722 896 sacramento
753 830 967 897 manducanda
1003 832 1038 898 ii·

121 917 244 983 delibus
267 939 329 984 non
353 918 536 997 traderetur,
558 919 612 986 sed
636 919 707 1004 quia
731 939 792 984 non
810 919 938 986 traditur
951 942 1038 988 man-

121 1005 263 1072 dunanda
285 1006 458 1086 carnaliter,
482 1021 515 1072 ut
534 1008 658 1084 scilicet,
674 1008 752 1074 siout
775 1008 825 1074 alii
847 1008 906 1076 eibi
929 1030 1037 1075 earna-

122 1093 180 1172 ias,
204 1096 233 1161 in
258 1095 381 1183 propria
416 1096 520 1180 speuia
555 1096 721 1162 dilacerata
759 1111 943 1176 sumeretur,
979 1098 1034 1164 sed

121 1184 194 1268 quia
217 1185 353 1268 quodam
376 1185 524 1270 spirituali
547 1184 641 1250 modo
665 1186 795 1253 sumitur
817 1202 939 1272 praeter
962 1207 1034 1254 uun-

119 1272 318 1338 tuetudinem
341 1274 476 1339 aliorum
499 1273 640 1340 ciborum
664 1275 843 1341 carnalium.

433 1451 614 1518 CAPUT
649 1450 752 1518 txtx.

254 1628 302 1696 Eu
322 1631 411 1715 quali
430 1651 515 1714 purte
536 1642 567 1694 et
586 1630 658 1695 uino
680 1628 770 1695 debet
791 1633 898 1721 confini

423 1719 479 1784 icoc
501 1728 740 1785 sacramentum.

188 1893 267 1976 Quia
292 1915 376 1974 vero,
399 1895 575 1967 ut·diatum
591 1908 649 1974 est,
671 1916 708 1961 ex
733 1916 811 1982 pane
827 1911 857 1964 et
878 1898 951 1964 rinn
984 1899 1046 1966 ima

122 1998 352 2052 ramanentum
373 1984 546 2061 conficitur,
569 2006 695 2051 neeesse
718 2000 765 2051 est
787 2006 839 2051 eas
851 1986 1045 2055 conditiones

123 2074 239 2138 tartari
264 2075 294 2139 in
316 2094 397 2159 pane
421 2088 452 2139 at
467 2074 549 2153 tino,
572 2089 605 2140 ut
620 2094 660 2139 ex
683 2076 727 2140 eis
743 2074 802 2141 hue
815 2092 1042 2144 sacramentum

123 2162 235 2227 eoniiui
259 2163 363 2248 possit,
386 2183 466 2249 quae
488 2178 560 2229 suut
581 2164 620 2228 de
644 2164 762 2228 ratione
785 2165 926 2251 puniret
964 2168 1038 2234 vini.

124 2248 237 2317 Vinum
260 2265 363 2317 autem
388 2272 449 2317 non
473 2251 583 2318 dicitur
605 2252 661 2317 nisi
697 2252 798 2339 liqunr
819 2253 870 2339 qui
894 2275 934 2321 ex
971 2256 1037 2321 uvis

122 2339 316 2424 exprimitur,
340 2360 398 2405 neu
420 2342 507 2425 panis
530 2341 642 2406 dieitur
666 2342 790 2428 proprie
812 2342 872 2407 nisi
909 2344 960 2429 qui
998 2364 1037 2410 ex

122 2428 227 2511 granis
250 2430 338 2494 tritici
361 2428 532 2506 conticitum
544 2429 595 2494 iii
619 2450 692 2495 vero
704 2430 756 2515 qui
773 2430 916 2496 dicuntur
929 2452 1035 2517 panes,

124 2534 181 2599 pru
204 2516 325 2583 deiectu
348 2520 435 2605 panis
457 2519 575 2594 uitiosi,
608 2517 648 2584 nd
685 2517 752 2602 ejus
785 2518 1035 2605 supplementum

123 2603 156 2667 in
179 2624 271 2669 usum
295 2619 456 2681 uenerunt,
475 2620 506 2671 et
527 2606 667 2673 similiter
682 2606 731 2672 aiii
756 2606 891 2691 liquores
901 2610 932 2673 in
945 2626 1036 2675 usum

123 2689 196 2757 vini.
221 2692 308 2759 Unde
324 2714 382 2761 nee
403 2716 440 2759 ex
463 2695 524 2760 alin
546 2716 626 2781 'rane
648 2714 706 2760 neu
727 2714 764 2759 et
787 2696 846 2760 aiio
869 2698 940 2761 vinu
978 2698 1038 2765 hou

122 2797 350 2849 sacramentum
373 2784 481 2849 enniiei
507 2798 618 2871 posset,
642 2804 743 2868 neque
765 2785 858 2849 etiam
880 2786 905 2851 si
922 2787 992 2872 pani
1008 2799 1039 2851 et

123 2872 197 2935 rino
220 2885 302 2939 tanta
325 2872 442 2937 alienae
481 2874 627 2940 materiae
664 2872 809 2938 admixtio
832 2872 918 2940 fieret
956 2875 1040 2961 quod

122 2962 242 3042 speeies
264 2962 444 3027 reiteretur.
467 2961 499 3027 Si
523 2984 583 3049 qua
606 2981 680 3027 tero
704 2962 881 3048 huiusmodi
907 2966 976 3049 pani
1008 2980 1042 3029 et

124 3048 197 3113 rino
220 3050 362 3114 accidunt
384 3070 464 3134 quae
487 3070 549 3115 nnn
571 3063 644 3115 suut
667 3049 706 3114 de
730 3051 846 3116 ratione
885 3053 972 3135 panis
1013 3066 1043 3118 et

124 3136 198 3215 vini,
221 3137 417 3203 manifestum
441 3139 591 3224 estquod
617 3139 664 3204 his
687 3140 910 3225 praetermissis
944 3154 1045 3227 potest

123 3243 232 3291 rarum
256 3226 366 3293 confici
391 3242 628 3295 sacramentum.
652 3227 750 3307 Unde,
772 3248 842 3293 uum
877 3246 944 3294 esse
982 3229 1041 3295 ier-

123 3328 295 3380 nentatum
319 3318 367 3383 vei
393 3336 535 3403 azymum
558 3336 620 3381 nou
643 3318 680 3382 sit
717 3317 757 3382 de
795 3317 912 3383 ratione
946 3320 1042 3403 panis,

124 3403 191 3481 red,
215 3406 359 3470 utrolibet
381 3407 538 3483 existente,
560 3406 677 3488 speeies
700 3406 787 3492 panis
822 3405 966 3481 salvetur,
1004 3428 1046 3473 ex-

125 3492 270 3562 utrolibet
292 3514 372 3581 pane
387 3507 486 3583 potest
500 3493 610 3561 confici
627 3507 865 3575 sacramentum
878 3509 907 3561 et
913 3509 1043 3584 propter
