2484 3975
431 255 486 301 un.
511 255 549 301 ιι.
573 254 636 303 cte.
659 254 722 300 run
978 235 1021 301 69

110 346 148 391 ex
179 324 226 390 bis
263 344 342 411 quoe
372 323 436 409 jam
475 324 555 391 dicte
588 334 669 390 sunt.
703 321 827 387 Dictum
861 334 907 387 εει
938 325 1022 390 euim

111 414 193 500 quod
217 414 378 499 conceptio
400 413 578 500 sapientise,
601 432 682 499 quoe
713 425 759 477 εει
791 410 938 490 Verbum,
975 434 1024 479 se·

111 502 245 589 pientiae
268 503 326 569 sibi
351 502 483 569 vindicet
504 522 630 571 nomen.
664 500 796 567 Ulterius
817 514 921 565 nutem
953 523 1026 588 prn-

111 591 292 656 cedentibus
312 603 437 679 oppcret
460 590 543 675 quod
567 590 660 656 etiem
682 590 816 655 exterior
838 588 966 655 ellectus
988 611 1027 657 ex

109 680 313 765 conceptione
351 680 520 766 sapientise
557 680 742 767 proveniens
780 678 929 765 snpientia
967 678 1027 743 diei

110 781 211 855 potest
234 789 289 855 per
313 768 440 834 modum
464 788 526 856 quo
546 768 673 834 effectus
694 787 810 835 nomen
834 787 945 833 cousoe
968 767 1027 834 sibi

111 856 248 933 ussumlt3
274 856 489 923 diciturenim
526 858 673 945 sapientie
712 854 842 941 alicujus
861 874 929 919 esse
964 876 1027 921 non

112 945 213 1011 solum
237 944 268 1009 id
290 945 371 1031 quod
401 947 555 1031 sapienter
588 946 748 1030 excogitat,
785 943 839 1011 sed
869 944 961 1007 etiem
996 943 1027 1009 id

111 1033 196 1118 quod
220 1034 372 1119 supienter
396 1033 477 1112 lecit3
499 1054 536 1100 ex
559 1054 620 1121 quo
643 1034 793 1119 contingit
816 1046 849 1099 ut
870 1032 1027 1097 etinmetr·

113 1121 235 1207 plicatio
257 1121 377 1188 divinae
400 1124 567 1211 sapientiae
590 1142 745 1209 peropus
768 1122 798 1187 in
814 1120 906 1187 rebus
918 1122 1026 1188 creetis

113 1209 170 1275 Dei
193 1210 339 1296 sapientia
363 1210 491 1286 dicetur,
514 1211 683 1277 secundum
706 1210 790 1277 illud:
813 1211 883 1287 Ipse
913 1210 1029 1275 creooit

112 1298 213 1377 illem,
235 1300 348 1366 seilicet
370 1300 561 1387 cupientium,
583 1302 615 1365 in
635 1299 754 1384 Spiritu
778 1298 905 1371 Sancte·
926 1310 957 1363 ει
972 1320 1028 1385 ρο·

114 1401 178 1453 ειεε
202 1388 283 1453 dicit:
307 1398 337 1453 et
358 1388 469 1474 effodit
491 1390 584 1455 illum
605 1389 817 1473 superomnia
837 1408 935 1473 opero
960 1410 1029 1465 suo,

114 1476 216 1556 Eooli,
239 1477 269 1556 l,
293 1478 383 1543 9-10.
406 1478 456 1543 Sic
481 1478 573 1563 igitur
596 1490 627 1542 et
648 1476 679 1541 id
702 1477 785 1565 quod
808 1498 846 1544 ex
860 1476 961 1542 Verbo
984 1477 1030 1543 ei·

113 1564 215 1631 licitur·
237 1566 323 1631 verbi
348 1587 465 1632 nomen
490 1566 615 1653 occepit3
650 1586 722 1631 nem
748 1580 779 1631 et
805 1565 948 1633 innubis
981 1586 1031 1632 ex·

113 1655 232 1741 pressio
256 1655 410 1720 interioris
434 1655 519 1721 verbi
543 1676 599 1741 por
621 1674 729 1721 vocem
752 1654 862 1721 dicitur
892 1656 1033 1730 verbum.

113 1742 201 1828 qussi
224 1742 263 1807 sit
286 1743 417 1807 verbum
441 1744 537 1822 verbi,
566 1745 638 1830 quio
676 1757 723 1809 εει
760 1744 913 1809 interioris
947 1744 1032 1810 verbi

115 1830 315 1896 ostensivum.
337 1830 388 1897 Sic
412 1832 502 1917 igitur
526 1852 588 1897 nnn
611 1832 712 1898 solum
746 1831 841 1898 divini
863 1830 1035 1900 intellectus

117 1920 280 2006 conceptio
302 1918 413 1986 dicitur
435 1920 583 2000 Verbum,
606 1921 689 2008 quod
713 1936 759 1988 εει
796 1922 902 2000 Filius,
926 1922 980 1988 sed
1003 1943 1036 1988 e·

116 2008 191 2073 tiam
214 2009 374 2095 explicatio
397 2009 490 2076 divini
514 2024 682 2093 conceptus
704 2031 760 2097 per
775 2031 868 2097 opera
884 2013 1035 2077 exteriore

116 2096 256 2171 uerbum
271 2097 362 2164 Verbi
386 2099 571 2165 nominetur.
606 2099 642 2164 Et
678 2099 721 2164 sic
754 2113 875 2186 oportet
906 2101 1034 2186 intelligi

119 2184 203 2272 quod
226 2187 319 2252 Filius
342 2199 441 2274 portet
463 2189 566 2254 omnis
591 2187 686 2253 verbo
708 2188 825 2254 virtutis
847 2209 933 2266 sune,
955 2191 1036 2256 sieut

117 2286 148 2337 ει
163 2273 194 2338 id
217 2274 299 2361 quod
322 2276 443 2359 legitur:
479 2277 572 2362 Ipsis,
593 2277 723 2361 prendo,
744 2278 809 2353 uic,
823 2278 947 2360 ploeies,
968 2279 1033 2363 epi·

116 2363 196 2426 situs
217 2367 435 2445 procellarnm,
457 2386 535 2450 quoe
547 2365 664 2450 fuciunt
684 2365 810 2430 verbum
821 2369 895 2450 ejus,
907 2365 1031 2445 Psalm,

122 2451 197 2530 148,
219 2453 251 2530 8,
270 2454 340 2538 quio
364 2454 477 2519 seilicet
499 2473 554 2540 per
576 2455 701 2520 virtutes
733 2467 943 2520 creaturarum
977 2475 1030 2520 ex·

120 2539 272 2628 plicantur
293 2541 415 2608 divinae
429 2540 635 2627 conceptionis
657 2541 784 2608 effectus
806 2542 836 2606 in
860 2542 962 2608 rebus.

186 2628 263 2695 Cum
287 2651 359 2696 uero
382 2631 476 2706 Deus,
513 2629 710 2715 intelligendo
744 2632 889 2718 seipsum,
926 2634 1031 2699 omnin

121 2717 180 2782 olio
205 2719 363 2804 intelliget,
385 2733 418 2784 ut
440 2718 555 2784 dictum
578 2733 634 2797 εει,
656 2732 777 2803 oportet
799 2719 883 2806 quod
895 2719 1031 2788 Verbum

120 2806 152 2872 in
174 2806 240 2872 Deo
263 2822 456 2895 conceptum,
479 2828 516 2874 ex
539 2829 576 2873 eo
601 2807 686 2894 quod
717 2809 852 2894 seipsum
882 2809 1033 2895 intelligit,

122 2895 161 2961 εἰι
183 2897 274 2962 etiam
299 2898 426 2964 terbum
450 2918 546 2963 uuum
570 2910 601 2963 et
624 2897 706 2963 iden
742 2897 883 2962 omnium
919 2919 1034 2966 rerum.

123 2981 190 3050 Non
214 3000 315 3051 tomen
339 2986 449 3052 eodem
473 2985 567 3051 modo
591 2999 637 3051 εει
659 2984 795 3053 Verbum
817 2986 875 3052 Dei
908 3003 939 3052 ει
961 2987 1037 3055 ulio·

123 3093 192 3144 tum
215 3093 330 3153 rerum;
353 3096 424 3140 nam
448 3075 504 3139 Dei
527 3073 652 3160 quidem
676 3073 811 3140 Verbum
827 3087 873 3140 εει
898 3075 977 3141 sicut
999 3077 1038 3142 ab

122 3181 161 3228 eo
183 3162 364 3248 procedens,
387 3163 515 3228 alierum
542 3175 644 3228 antem
668 3183 771 3228 rerum
810 3184 872 3229 non
901 3163 979 3228 siout
1001 3185 1039 3230 er

122 3251 166 3315 eis
189 3251 370 3336 procedens
393 3253 455 3316 non
478 3250 560 3316 euim
583 3250 707 3316 Denso
746 3252 840 3317 rebus
879 3252 1039 3318 scientiam

121 3340 226 3415 eumin
248 3339 302 3404 sed
327 3340 423 3424 magis
448 3358 503 3425 per
524 3359 611 3404 suam
638 3339 800 3404 scientiam
830 3340 933 3417 resin
971 3361 1039 3407 esse

122 3426 275 3515 producit,
307 3440 341 3493 ut
373 3449 465 3514 supra
498 3442 656 3494 ostensum
690 3441 745 3494 εει.
780 3425 909 3515 Oportet
948 3428 1041 3514 igitur

87 3543 91 3549 ·
125 3514 209 3600 quod
232 3515 365 3585 Verbum
389 3517 445 3584 Dei
470 3517 610 3585 omnium
636 3537 716 3606 quoe
754 3516 831 3586 lucto
853 3528 941 3585 sunt
961 3520 1038 3586 rotie
