2484 3975
228 235 292 302 118
523 254 579 299 crs.
603 255 641 298 iv.
666 253 730 299 cta.
754 255 853 302 xxxiv.

227 322 315 390 itibus
338 342 404 389 esse
427 323 574 407 signatur,
598 323 668 388 licet
690 324 801 389 albedo
824 326 863 391 sit
886 335 969 390 extra
994 327 1150 393 rationem

228 414 435 493 humanitatis
458 425 488 475 et
511 412 582 478 ideo
606 412 691 478 nulio
715 413 810 478 modo
835 414 894 478 dici
925 427 1025 501 potest
1060 418 1150 502 quod

227 502 367 568 Socrates
389 501 428 567 sit
458 500 544 566 Plato
577 501 626 565 vei
660 501 785 588 aliquod
818 501 902 568 uliud
940 503 1150 588 singularium

227 591 366 676 ejusdem
389 589 438 656 rel
462 589 587 655 alterius
610 591 733 676 speciei.
756 590 788 654 Si
811 590 903 675 igitur
919 590 1055 658 Verbum
1070 615 1154 659 caro

124 727 125 733 ι
226 680 342 745 iactum
368 694 424 758 est,
447 678 478 742 id
501 691 547 743 εει
570 678 676 756 homo,
710 692 744 744 nt
777 678 967 765 Evangeiiste
1004 695 1151 758 testatur,

226 767 416 854 impossibiie
438 779 485 831 cst
507 767 591 853 quod
614 766 706 832 Verbi
733 767 791 833 Dei
824 783 855 833 et
893 767 975 832 iliius
1009 771 1150 836 hominis

225 860 286 924 sint
308 858 388 922 duae
411 875 561 942 personae
585 855 633 920 rei
666 855 747 921 duae
783 857 961 943 hypostases
999 859 1048 923 vei
1082 860 1149 924 dno

226 945 393 1033 supposita.

291 1033 409 1110 Adhuc,
432 1031 618 1096 Pronomina
643 1031 884 1098 demonstrativa
914 1033 952 1098 ad
979 1054 1148 1120 personum

226 1121 402 1187 referuntur
426 1119 473 1186 vel
503 1121 693 1207 hypostasim
731 1121 780 1186 rei
813 1124 1018 1209 suppositum
1052 1145 1149 1190 nemo

227 1213 310 1275 enirn
333 1211 458 1276 diceret:
480 1208 544 1294 Epo
568 1230 668 1288 curro,
691 1209 752 1274 aiio
786 1224 939 1289 currente,
974 1213 1030 1277 nisi
1065 1212 1149 1279 forte

226 1299 398 1384 figurative,
421 1311 526 1384 utpote
560 1298 644 1384 quod
678 1297 754 1363 adius
791 1298 860 1364 loco
894 1299 960 1384 ejus
997 1317 1149 1368 curreret,

227 1388 290 1454 Sed
313 1387 366 1452 iiie
389 1389 484 1454 homo
507 1387 559 1472 qui
583 1387 682 1450 dictus
708 1401 755 1452 εει
791 1387 880 1452 iesus
917 1388 989 1454 dicit
1026 1390 1066 1452 de
1103 1412 1147 1456 se:
1220 1430 1221 1469 3

226 1481 398 1562 Antequam
420 1475 580 1541 Abrohom
602 1479 698 1562 fieret,
720 1495 774 1560 epo
796 1497 875 1552 sitm,
890 1476 1010 1551 Jounn,
1036 1477 1069 1553 8,
1094 1479 1151 1557 tt&

228 1580 266 1629 ct:
291 1565 355 1651 b'pn
378 1577 408 1630 ct
430 1565 523 1629 Pater
547 1584 641 1628 nnrttn
665 1583 781 1641 suanus,
803 1565 925 1644 inann,
950 1566 1002 1642 10,
1040 1566 1094 1641 5ος
1119 1584 1150 1633 ει

227 1654 315 1742 plura
339 1653 398 1718 alia
421 1674 500 1740 quae
524 1651 686 1718 manifeste
708 1652 950 1719 eddirinitatem
968 1653 1059 1720 Verbi
1076 1672 1148 1742 per·

227 1746 332 1808 tinent.
357 1743 436 1828 Ergo
459 1741 657 1806 manifestum
691 1757 737 1808 cst
774 1741 858 1827 quod
896 1763 1027 1830 persona
1063 1745 1148 1810 iliius

224 1832 360 1984 ptilrnipps
382 1830 535 1918 loquentis
558 1843 588 1894 ει
615 1831 786 1918 hypostasis
823 1844 868 1895 est
906 1833 970 1918 ipsa
1008 1852 1143 1918 persona

251 1941 292 1985 ιιι
345 1941 382 1985 ει.

291 2010 439 2096 Amplius,
463 2009 504 2073 Ex
527 2008 736 2093 superioribus
758 2017 841 2095 patet
863 2008 947 2095 quod
963 2029 1064 2095 neque
1077 2032 1146 2076 cor-

225 2118 285 2185 pus
309 2098 419 2163 Christi
436 2097 475 2161 de
496 2097 581 2161 caeto
605 2096 773 2175 descendit,
796 2098 968 2163 seeundum
1001 2118 1144 2165 errorem

225 2187 388 2266 Valentini,
409 2205 512 2271 neque
535 2185 650 2261 nuirna,
672 2186 842 2251 secundum
867 2206 1004 2250 errorem
1035 2185 1147 2273 Orige-

227 2277 285 2353 uis3
310 2275 393 2341 unde
416 2288 508 2341 restat
530 2273 614 2359 quod
652 2274 691 2339 ad
728 2274 865 2340 Verbum
897 2273 954 2338 Dei
992 2276 1148 2360 pertineat

231 2366 314 2450 quod
343 2363 456 2429 dicitur
490 2362 699 2441 descendisse,
736 2383 799 2428 non
835 2376 921 2427 rnotu
955 2362 1056 2439 locali,
1090 2368 1148 2431 sed

229 2457 351 2519 ratione
378 2453 502 2517 unionis
526 2449 565 2513 ad
599 2450 778 2517 inferiorem
809 2464 962 2530 naturam,
991 2466 1023 2516 ut
1053 2473 1149 2541 supra
1218 2487 1219 2514 t

229 2543 344 2607 dictum
369 2554 422 2605 est.
449 2539 512 2605 Sed
535 2538 585 2604 itte
608 2540 713 2618 bomo,
736 2560 774 2605 ex
797 2540 1148 2626 personasuoloqoens,
1218 2559 1219 2576 ι

229 2632 301 2697 dicit
323 2651 356 2695 se
379 2628 574 2693 descendisse
596 2627 637 2693 de
659 2629 754 2693 cneio:
777 2628 841 2714 Epo
863 2633 1144 2713 compercussione,

229 2720 332 2807 quide
355 2719 440 2783 coelo
462 2718 616 2795 descendi,
638 2717 759 2793 ioann,
781 2717 812 2795 6,
826 2716 1019 2783 hhiVecesse
1030 2730 1077 2783 εει
1088 2718 1146 2805 igi-

155 2862 158 2867 .
227 2820 277 2871 tur
315 2826 478 2893 personam
512 2818 542 2871 et
577 2805 765 2892 hypostasim
792 2805 872 2871 illins
906 2806 1041 2871 hominis
1078 2828 1150 2874 esse
1217 2847 1218 2874 t

226 2915 391 2982 personam
415 2894 506 2960 Verbi
530 2894 598 2958 Dei.

294 2986 380 3061 item,
402 2981 596 3047 Manifestum
619 2994 666 3047 εει
688 2981 772 3067 quod
795 2982 962 3047 ascendere
978 2983 1007 3046 in
1023 2983 1147 3051 caetum

225 3074 345 3138 Christo
369 3070 487 3136 homini
512 3070 662 3150 convenit,
685 3071 749 3155 qui,
768 3071 940 3135 uidentibus
977 3073 1147 3153 Aposntn,

224 3164 361 3227 clocutus
384 3172 438 3239 est,
462 3174 494 3223 ut
518 3160 631 3223 dicitur
664 3161 727 3223 Αει.
751 3161 866 3246 Apost„
890 3161 920 3235 1,
943 3159 976 3223 9.
1009 3160 1149 3226 Descen·
1216 3209 1217 3236 2

225 3252 299 3315 dere
323 3263 425 3315 autern
450 3247 489 3311 de
511 3247 597 3312 caclo
620 3248 722 3313 Verhn
745 3248 801 3313 Dei
814 3251 965 3315 convenit.
978 3248 1037 3313 Sed
1050 3251 1148 3335 Apus

227 3340 305 3403 tolus
328 3338 410 3403 dicit:
437 3336 497 3415 Qui
518 3337 687 3414 descendit,
708 3338 774 3419 ipse
795 3346 839 3400 εει
863 3347 893 3399 ει
913 3338 966 3421 qui
995 3340 1148 3417 nscertdit,

227 3429 352 3514 Ephes,
375 3427 407 3505 d,
431 3426 482 3489 tu.
506 3424 572 3510 ipsu
596 3426 689 3508 igitur
711 3437 757 3489 est
779 3444 911 3510 persone
934 3438 964 3487 ει
974 3424 1150 3512 hypostasis

226 3516 312 3667 pilipp
330 3514 468 3617 ¹honrinis
492 3532 570 3597 quse
593 3525 638 3577 est
662 3531 793 3598 persona
816 3526 847 3577 ει
868 3512 1049 3601 Ιιγροειεειε
1073 3514 1150 3581 Ver·

249 3626 257 3667 ι
309 3622 348 3667 ει.
