2484 3975
207 215 273 281 606
476 265 480 278 ,
583 233 754 282 onusomon

207 307 280 370 titas
303 301 439 369 consistit
462 301 494 368 in
516 301 590 390 ipsis
613 303 850 371 indivisibilibus
873 303 1028 391 temporis,
1044 325 1126 392 quae

210 407 241 458 et
262 393 406 458 dicuntur
429 405 604 458 mensurata
628 413 706 471 eeee3
728 408 759 459 et
781 393 837 458 iste
859 409 1036 459 mensurato
1058 414 1127 459 esse

207 487 274 548 sine
297 481 532 567 interpolatione
555 495 627 548 sunt
649 483 791 549 instantio
827 501 908 570 quoe
945 484 1126 547 continuent

208 584 339 657 tempus3
364 582 394 636 et
417 571 493 634 bueo
517 570 591 636 nibil
616 571 698 637 uliud
721 583 793 637 sunt
815 573 873 636 nisi
896 571 1015 659 diverse
1028 585 1058 636 et
1079 571 1127 636 di·

207 679 293 724 veneo
317 659 393 724 totio
417 657 556 744 ejusdem
579 661 729 738 instantis,
752 659 836 746 quod
858 659 942 725 idem
970 675 1016 725 est
1039 660 1127 724 reoli·

207 761 255 814 ter
276 747 307 812 in
332 760 396 812 toto
421 761 559 833 tempore
582 768 715 835 sequens
738 748 864 826 mobile,
886 750 1129 833 inquantumest

207 836 289 902 idem
313 856 347 901 ιε
370 836 401 900 in
425 847 488 902 toto
512 849 608 902 motu.
632 836 709 903 linio
743 852 846 902 eutem
880 837 1058 921 adiungitur
1080 839 1129 902 in·

207 940 290 992 stans
313 925 390 998 nevi,
414 924 497 1011 quod
535 941 694 992 mensurat
728 926 843 992 mobile
879 927 1051 992 seeundum
1083 947 1129 1005 se,

207 1015 285 1080 sieut
308 1013 391 1078 uliud
415 1034 497 1080 nuno
520 1028 565 1080 εει
589 1035 734 1080 mensuro
772 1014 840 1100 ejus
876 1016 1058 1101 inquantum
1081 1034 1129 1080 es·

206 1104 302 1168 sentis
325 1102 392 1188 ejus
415 1104 576 1188 conjuncte
598 1117 646 1170 εει
661 1104 768 1170 motui.
784 1103 881 1182 Unde,
896 1139 940 1154 ·-
954 1105 1033 1169 sieut
1047 1103 1128 1170 bene

206 1192 345 1276 arguitur
367 1192 450 1277 quod
475 1192 550 1259 nihil
574 1207 676 1258 motus
698 1207 745 1258 est
782 1193 840 1258 nisi
874 1191 989 1257 mobile
1025 1199 1075 1270 sit,
1096 1206 1128 1259 et

208 1295 310 1346 temen
335 1279 450 1345 mobile
473 1301 534 1347 non
558 1295 604 1346 est
627 1281 741 1370 aliquid
765 1281 806 1347 de
827 1281 997 1347 substantio
1020 1280 1128 1346 sende

207 1369 339 1435 essentia
363 1383 475 1447 motus,
498 1369 557 1436 nisi
581 1368 659 1436 iorte
696 1372 774 1436 sieut
810 1370 982 1455 subjeetum
1016 1370 1127 1436 dieitur

207 1457 361 1543 pertinere
383 1457 422 1522 ed
456 1458 598 1525 occidens
631 1479 735 1539 suum,
764 1479 836 1525 oum
868 1458 957 1523 nodat
994 1460 1026 1523 in
1060 1458 1127 1544 ejus

123 1541 126 1548 ’
206 1547 397 1625 delinitione,
420 1548 474 1612 sed
498 1548 557 1614 hoo
579 1561 625 1613 εει
647 1549 718 1635 quio
740 1549 909 1614 oeoidentio
937 1547 1127 1614 deliniuntur

138 1685 146 1702 .
208 1656 264 1714 per
285 1636 510 1723 suppletionem
533 1635 743 1722 subjectorum
780 1657 860 1724 quoe
897 1635 1018 1724 possitus
1055 1651 1127 1702 sunt

207 1739 291 1791 extra
314 1727 460 1791 essentias
483 1745 602 1806 eorum,
625 1760 669 1776 -
690 1726 731 1791 itu
754 1725 835 1792 beno
872 1727 1010 1810 arguitur
1043 1726 1126 1812 quod

206 1815 283 1879 nihil
309 1815 454 1901 temporis
476 1816 515 1881 sit
537 1815 594 1880 nisi
618 1816 733 1881 instans
756 1815 805 1894 sit,
828 1834 885 1879 nee
915 1828 1019 1879 tamen
1055 1813 1125 1880 ideo

207 1904 346 1989 sequitur
369 1903 450 1984 quod
483 1903 559 1969 illud
593 1905 710 1969 instons
743 1903 782 1968 sit
819 1901 935 1990 aliquid
968 1905 1126 1989 temporie

206 2007 237 2058 et
260 1994 330 2057 ideo
354 1992 559 2081 Philosophus
581 1993 791 2072 subtilissime,
821 2012 893 2059 oum
918 1991 1008 2058 vellet
1024 2008 1127 2057 osteu-

206 2082 281 2147 dore
303 2080 379 2147 nihil
403 2084 550 2169 temporis
572 2102 641 2148 esse
663 2082 721 2149 nisi
742 2102 836 2159 nune,
859 2101 921 2147 non
935 2081 994 2146 hoo
1009 2081 1125 2146 directe

204 2171 353 2237 ounelusit
375 2171 458 2257 quod
481 2171 641 2237 intendere
664 2171 834 2248 uidebatur,
855 2170 910 2235 sed
923 2168 1126 2235 diteoteeon-

205 2260 295 2325 elusit
317 2280 399 2325 nuno
421 2274 451 2326 ot
472 2273 595 2348 tempus
617 2280 686 2326 esse
708 2260 801 2327 simul
836 2258 915 2325 sient
958 2258 1074 2324 mobile
1095 2275 1127 2324 et

206 2363 307 2413 motus
330 2360 401 2415 sunt
423 2350 526 2427 simul,
537 2363 568 2415 et
582 2364 701 2415 ooostet
712 2349 797 2435 quod
814 2360 933 2415 motum
944 2368 1013 2414 esse
1028 2349 1126 2436 ipsius

205 2438 328 2503 mobilis
349 2452 395 2503 est
416 2438 603 2504 oontinuntio
638 2439 733 2527 ipsius
771 2452 883 2514 motus,
920 2458 982 2504 non
1020 2452 1124 2504 eutem

204 2529 305 2613 ipsum
329 2524 454 2606 mobile;
476 2527 542 2606 sed,
565 2530 642 2593 siout
679 2526 795 2593 mobile
829 2546 891 2596 non
924 2540 1125 2613 separatura

205 2630 290 2681 moto
313 2636 379 2682 esse
403 2636 461 2682 neo
483 2636 500 2681 a
523 2629 621 2691 motu,
643 2615 698 2682 sed
721 2615 845 2701 semper
864 2627 936 2680 sunt
959 2616 1061 2694 simul,
1084 2618 1125 2683 ito

203 2705 296 2770 etiem
320 2705 418 2791 (εει)
441 2705 480 2770 de
503 2706 569 2791 ipso
592 2724 675 2771 nuno
696 2702 781 2791 quod
804 2704 868 2787 ipso
900 2702 1020 2768 diverso
1056 2724 1126 2772 esse
1228 2735 1229 2752 ι

162 2797 165 2806 “
205 2808 276 2860 ειιιιι
299 2794 450 2859 εεεειιιίεε
471 2794 537 2879 ejus
560 2793 736 2878 conjunctu
758 2812 822 2858 non
838 2792 909 2856 dieo
926 2792 1126 2859 diversoesse
1226 2795 1228 2863 J

204 2880 282 2967 ejus,
305 2883 376 2969 quio
400 2882 558 2948 diversitas
590 2901 652 2947 non
691 2882 811 2967 attingit
847 2882 1011 2946 essentium
1046 2882 1126 2955 oevi,
1226 2927 1227 2948 ι

205 2970 275 3037 lieet
296 2974 324 3037 ei
347 2972 563 3057 conjungetur,
596 2970 651 3037 sed
688 2971 807 3056 attingit
846 2988 930 3035 nunu
967 2972 1125 3056 temporis.

207 3058 294 3125 Unde
317 3061 393 3127 hoee
416 3060 536 3125 diverso
558 3078 639 3139 esse,
660 3059 689 3124 ei
711 3058 866 3145 adjuncto,
887 3072 977 3123 erunt
1009 3059 1125 3145 aliquid

206 3149 365 3304 temporis,
388 3163 418 3214 et
440 3166 504 3214 non
525 3147 628 3235 ipsum
649 3166 744 3227 nuno,
766 3146 991 3234 praeterquod
1021 3160 1126 3213 tomen

206 3237 270 3307 nihi
308 3239 454 3326 temporis
477 3249 532 3303 est.
557 3236 662 3324 ipsum
683 3256 757 3303 uem
779 3236 907 3312 instans,
928 3233 1013 3321 quod
1039 3237 1127 3303 inse

205 3327 351 3395 alteretur
373 3327 493 3393 diverso
517 3340 547 3391 et
570 3327 691 3393 disemo
713 3326 831 3391 ratione
845 3324 948 3410 quood
971 3344 1026 3390 suo
1048 3345 1126 3404 εεεε,

205 3429 253 3480 εει
274 3415 389 3502 aliquid
413 3416 572 3502 temporis,
598 3415 654 3482 sed
677 3434 740 3481 non
763 3428 894 3501 tempus.
921 3412 1009 3479 Unde
1023 3412 1128 3480 Philo-

206 3505 322 3589 sophus
345 3501 471 3585 ibidem,
493 3523 564 3569 cum
587 3505 672 3591 prins
695 3517 832 3572 ιοεεεεει
852 3502 955 3591 ipsum
969 3520 1054 3571 nuno
1068 3522 1125 3569 nu-
