2484 3975
476 247 513 291 na
537 245 721 294 cassaremus
987 221 1050 286 607

129 335 247 383 merum
273 314 394 381 mobilis
418 315 537 403 (super
560 317 618 382 boc
633 316 725 396 enim
748 311 850 376 stabat
889 330 1053 394 argomen-

130 421 194 472 tum
219 405 284 491 ejus
301 405 326 490 )‚
349 403 506 489 subjungit
528 426 610 473 noire
634 424 698 468 non
720 399 891 486 comparari
922 399 960 464 ad
985 419 1052 463 mo-

129 493 190 560 bile
213 497 289 559 sicut
314 513 490 572 numerum,
526 493 579 558 sed
619 493 696 558 sicut
734 492 881 555 unitatem
920 489 1053 555 numeri.
1114 534 1117 546 ,

68 599 69 603 ’
129 603 222 669 quam
245 595 364 648 constat
387 602 448 646 non
473 603 540 647 esse
564 600 741 656 nurnerum3
779 577 834 644 scd
858 577 925 662 ejus
963 576 1053 663 repli-

130 674 219 747 catio,
242 691 322 757 quae
346 683 391 735 cst
415 669 471 735 sibi
496 670 626 736 alterum
651 684 681 734 ct
719 667 849 734 alterum
889 683 967 742 esse,
1005 678 1053 730 est

130 779 287 826 numerus.
310 759 376 845 lpse
400 771 501 824 autem
526 759 683 846 replicatio
706 758 828 823 unitatis
852 766 972 820 nonest
988 755 1052 840 ipsa

131 849 240 927 unitas,
261 849 316 913 sed
340 847 479 912 accidens
502 849 579 933 ejus,
601 847 671 912 licet
693 847 758 934 ipsa
781 865 905 932 quoque
939 843 978 908 sit
1001 862 1055 907 ac·

129 938 242 1003 cidens.
268 938 386 1003 lnstans
410 955 495 1021 ergo,
518 937 601 1024 quod
625 951 671 1002 est
697 937 784 1022 quasi
823 933 924 998 unitas
958 931 1054 1018 ipsius

130 1027 219 1111 primi
243 1024 376 1099 mobilis,
399 1025 570 1092 seeundum
595 1024 830 1110 Philosophum,
858 1041 921 1086 non
937 1033 983 1084 est
1004 1020 1054 1084 in·

128 1127 211 1180 stans
234 1115 311 1190 aevi,
335 1116 405 1201 quia
431 1115 546 1181 instans
569 1114 636 1180 aevi
659 1127 705 1178 est
721 1111 804 1178 aliud
818 1109 1052 1199 peressentiam

129 1204 168 1268 ab
192 1204 374 1270 instantibus
398 1203 647 1271 continuantibus
670 1216 802 1289 tempus;
825 1201 864 1266 ab
881 1198 933 1264 illo
950 1211 1052 1263 tamen

130 1292 185 1356 ista
210 1292 387 1358 derivantur
410 1306 439 1358 et
463 1293 613 1360 oriuntur.
637 1290 698 1357 Sed
722 1294 821 1378 ipsum
845 1299 892 1354 est
914 1286 998 1352 idem
1021 1289 1052 1352 in

130 1383 261 1448 essentia
284 1402 349 1459 sua,
374 1385 404 1446 in
428 1401 486 1465 qua
513 1383 596 1448 nulla
619 1380 700 1448 cadit
727 1377 867 1446 alteratio
905 1377 984 1442 siout
1021 1376 1053 1440 in

129 1472 258 1536 essentia
284 1470 373 1556 primi
397 1469 530 1546 mobilis3
553 1492 610 1537 nee
634 1469 812 1535 alterabitur
836 1467 929 1532 etiam
946 1485 1053 1530 conse·

129 1573 260 1642 quanter
282 1559 320 1624 ad
344 1557 555 1624 alterationem
579 1559 670 1646 primi
693 1557 826 1631 mobilis,
860 1553 942 1641 quod
978 1552 1053 1619 altc-

130 1662 215 1713 ratur
237 1647 407 1714 secondum
430 1647 494 1724 obi;
518 1649 576 1714 boc
600 1662 646 1713 est
668 1649 784 1712 instans
806 1644 889 1732 quod
921 1662 977 1706 nos
1001 1662 1053 1707 ro-

128 1757 234 1802 camus
256 1756 377 1813 aerum,
400 1735 484 1822 quod
508 1751 554 1802 est
578 1737 762 1823 principium
786 1732 943 1820 temporis.
964 1731 1052 1796 Unde

131 1825 254 1892 boetius
277 1824 345 1912 (de
368 1823 516 1900 Conspi,
538 1824 557 1890 l.
581 1825 613 1904 5,
634 1846 666 1922 p.
689 1824 793 1908 libb

200 1981 344 2105 ilerraripm
361 1979 477 2052 caelique
495 1988 575 2048 sator,
593 1981 640 2053 qui
658 1988 762 2053 tempus
781 1979 814 2033 ab
832 1995 898 2040 acro

214 2068 242 2105 re
257 2069 289 2127 pu
310 2069 346 2121 es3

131 2178 201 2260 qnia
225 2174 264 2240 ab
287 2174 344 2239 isto
367 2174 489 2240 instanti
514 2172 652 2260 procedit
681 2188 803 2261 tempus
839 2177 917 2243 sieut
952 2193 1053 2244 motus

131 2284 147 2329 a
183 2263 300 2339 mobili,
335 2283 399 2329 non
431 2276 587 2350 tamquam
626 2261 666 2326 ab
702 2262 805 2349 aliquo
844 2267 890 2331 sui
920 2272 1054 2352 generis,

131 2352 185 2419 scd
208 2351 435 2439 exemplariter,
458 2356 535 2417 sicut
558 2350 688 2415 dicimus
716 2350 862 2417 inferiora
886 2356 1055 2442 procedure

132 2441 384 2529 asaperioribos.
401 2440 473 2505 ldeo
488 2438 640 2505 subtiliter
656 2440 894 2507 discernendum
911 2457 957 2509 est
974 2446 1054 2510 inter

132 2533 186 2597 ista
212 2531 274 2597 duo
297 2549 389 2607 nunc,
427 2530 497 2614 quia
536 2528 671 2614 primum
706 2550 788 2594 nunc
826 2544 872 2597 est
908 2552 1054 2600 mensura

132 2632 263 2694 tantum,
285 2617 455 2684 secundam
489 2637 562 2681 uero
585 2618 678 2681 etiam
712 2632 758 2683 est
786 2620 928 2687 accidens
962 2622 1055 2688 etad

132 2726 230 2793 genos
254 2707 400 2793 temporis
434 2706 599 2793 pertinens,
634 2705 703 2772 ideo
727 2706 837 2775 dicitur
873 2730 1055 2777 mensurare

133 2811 263 2884 tempos.
288 2794 374 2860 Unde
397 2794 603 2881 Philosophus
626 2794 822 2882 (cayster
838 2796 864 2883 )‚
893 2818 949 2885 per
971 2820 1056 2865 com·

132 2886 321 2973 parationem
335 2883 457 2949 mobilis
469 2883 507 2949 ad
524 2897 655 2960 motum,
667 2883 755 2950 docet
769 2887 927 2972 quomodo
937 2886 1056 2953 instans

131 2985 290 3041 mensurat
313 2985 444 3059 tempus,
465 2973 536 3059 quia
560 2972 675 3039 scilicet
698 2974 943 3062 unumquodque
967 2995 1055 3043 meu·

131 3075 254 3129 surator
276 3080 332 3149 per
354 3060 385 3127 id
408 3061 491 3148 quod
514 3074 560 3127 est
583 3061 685 3127 notius
708 3063 755 3129 sui
771 3063 904 3148 generis
921 3065 1002 3131 inter
1017 3085 1054 3131 ea

132 3166 234 3219 autem
259 3170 338 3239 quae
361 3150 400 3216 ad
423 3165 545 3237 tempus
569 3150 732 3237 pertinent,
757 3152 1056 3234 notimestinstans‚

131 3244 209 3309 sicut
230 3253 261 3307 et
282 3242 384 3327 ipsum
407 3238 522 3305 mobile
544 3240 646 3307 notius
669 3254 715 3307 est
737 3240 769 3305 in
803 3254 901 3320 motu,
934 3256 966 3307 et
999 3263 1055 3330 per

132 3332 231 3418 ipsum
255 3326 450 3415 cognoscitur
473 3328 538 3415 ipse
566 3343 678 3395 motus.
714 3328 770 3395 Ubi
794 3329 1054 3397 considerandum

131 3418 282 3507 estquod
305 3416 426 3485 duobus
449 3417 549 3483 modis
573 3416 687 3503 aliquid
711 3431 810 3505 potest
825 3438 894 3487 esse
909 3439 1055 3487 mensura

133 3508 267 3575 alterius:
293 3507 360 3575 Uno
383 3506 489 3589 modo,
512 3506 636 3593 quaudo
667 3506 733 3595 ipsa
767 3527 922 3591 mensura,
956 3509 1053 3577 semel
