2484 3975
231 198 295 264 564
607 217 780 266 oroscopus

227 293 303 354 visio
325 307 388 355 non
411 299 492 354 esset
512 287 570 355 nisi
594 309 655 354 uno
693 296 834 375 respectu
857 282 997 370 ejusdem
1034 282 1152 368 objecti

228 379 259 442 in
283 375 394 442 eodem
418 389 567 464 tempore.
590 376 739 442 Similiter
759 395 845 461 ergo,
866 374 893 441 si
915 371 1087 439 intellectus
1110 374 1152 438 sit

226 486 307 531 unus
340 464 492 546 omnium,
524 467 664 553 sequitur
684 463 768 553 quod
801 464 943 529 omnium
983 462 1147 526 hominum

226 553 310 621 idem
342 553 576 639 intelligentium
614 555 726 620 eodem
767 565 907 640 tempore
943 549 983 616 sit
1012 570 1072 616 uuo
1096 570 1150 615 oo-

228 644 271 708 tio
306 641 518 709 intellectualis
557 655 687 721 tanturm
723 655 755 709 et
791 642 956 729 praecipue
993 659 1065 705 oum
1102 641 1153 705 tti-

229 731 272 796 hil
306 751 414 797 eorum
448 732 620 799 seeundum
656 752 735 819 quoe
758 744 915 818 ponuntur
937 726 1152 795 hominesdil-

227 819 308 900 ierne
331 820 370 884 ab
392 820 535 900 intioem,
558 821 589 886 in
614 822 793 910 operatione
815 817 1015 885 intellectuali
1045 815 1149 882 diver·

227 907 372 975 sifioetur.
394 909 610 976 Phantasmuto
633 911 716 977 enim
739 909 938 997 praeambulo
953 906 1151 972 suutootioni

229 997 411 1078 intellectus,
432 999 510 1064 sieut
532 997 652 1066 colores
673 999 785 1065 actioni
808 999 901 1076 tisun
912 996 997 1061 unde
1018 1013 1075 1082 per
1098 1014 1151 1060 eo

228 1107 299 1152 rum
320 1086 527 1154 diversitatem
551 1108 614 1153 nou
636 1086 950 1154 ditemidorturnotio
966 1083 1151 1162 intellectus,

229 1175 362 1242 maxime
384 1177 475 1241 unius
498 1176 707 1261 intelligibilis
729 1174 901 1242 seeundum
926 1193 1007 1260 quoe
1045 1185 1150 1238 tumen

230 1277 348 1349 ponunt
370 1264 567 1330 diversificari
588 1267 748 1332 solentium
770 1265 862 1349 hujus
884 1285 902 1329 tt
923 1261 1050 1328 soieutitt
1073 1260 1151 1327 ulte-

230 1355 304 1430 rius,
326 1355 507 1439 inquantum
532 1353 581 1420 itio
604 1353 744 1440 inteiligit
777 1373 815 1418 ee
848 1372 981 1438 quotum
1019 1351 1151 1438 phanto-

229 1455 326 1506 tmntn
351 1441 453 1518 habet,
476 1456 507 1508 et
529 1443 580 1508 ille
601 1463 638 1509 eu
661 1461 795 1532 quorum
820 1441 1032 1528 phantasmata
1046 1440 1151 1506 hebet.

230 1529 302 1609 Sed,
323 1530 355 1594 in
377 1531 499 1598 duobus
522 1533 573 1618 qui
596 1532 680 1598 idem
702 1532 803 1598 sciunt
824 1545 855 1596 et
877 1528 1061 1613 intelligunt,
1084 1530 1150 1615 ipsa

230 1619 367 1706 operatio
390 1619 601 1686 intellectualis
613 1641 669 1707 per
680 1621 888 1687 diversitatem
899 1619 1150 1706 phantasmatum
1216 1670 1219 1675 >

230 1707 405 1774 nullatenus
428 1708 627 1774 diversificari
649 1723 759 1797 potest.

297 1797 404 1862 Adhuc
425 1812 530 1863 uutetn
552 1798 777 1864 ostendendum
799 1794 951 1882 estquod
973 1794 1052 1860 bueo
1067 1796 1150 1881 posi·

231 1885 273 1949 tio
295 1883 455 1950 manifeste
478 1899 605 1972 apponet
639 1907 816 1973 repugnans
849 1885 937 1951 dietis
970 1883 1150 1950 Aristotelis.

229 1973 307 2039 Cum
329 1973 413 2040 enim
435 1973 559 2041 dixisset
582 1973 646 2059 (de
667 1980 787 2056 Anime,
810 1976 842 2055 5,
864 1988 1066 2041 ieiunorum.
1090 1972 1149 2056 8),

229 2063 268 2128 de
290 2063 445 2129 intellectu
469 2064 618 2151 possibili,
642 2065 725 2152 quod
748 2080 795 2132 est
816 2075 974 2151 seperatus
996 2077 1027 2127 et
1063 2063 1150 2147 quod

227 2164 273 2217 est
296 2153 328 2219 in
351 2153 486 2239 potentie
509 2157 625 2233 omnio,
646 2153 805 2242 subjungit
837 2152 932 2240 quod,
975 2178 989 2207 ι
1011 2170 1085 2217 eum
1106 2153 1152 2216 sio

225 2241 345 2327 singulo
369 2240 421 2308 liet
444 2241 588 2328 (seilicet
610 2244 643 2308 in
675 2260 744 2311 outu
759 2262 782 2326 J,
817 2257 851 2308 ut
888 2243 1000 2317 sciens,
1035 2239 1151 2327 dieitur
1231 2267 1232 2284 t

226 2328 409 2409 intellectus,
430 2330 484 2417 qui
506 2331 678 2398 seeundum
701 2346 804 2398 uotum
826 2358 842 2391 ι
871 2329 950 2396 idest
972 2328 1032 2393 hoe
1055 2329 1153 2393 modo

226 2422 304 2485 siout
325 2419 450 2485 seientia
472 2432 519 2485 est
540 2436 627 2487 notus
648 2434 680 2486 et
700 2420 779 2487 siout
800 2420 900 2486 sciens
933 2418 1045 2482 dieitur
1079 2437 1151 2481 esse

226 2510 257 2572 iu
280 2521 349 2574 retu
382 2509 565 2594 inquantum
605 2509 699 2576 habet
732 2510 882 2586 hobitum3
916 2506 1000 2573 unde
1032 2506 1150 2571 subdiu

235 2625 248 2655 ι
271 2596 335 2663 lluo
356 2610 461 2662 tutem
484 2596 646 2663 confestim
669 2597 789 2678 oceidit,
810 2618 883 2665 eunt
908 2597 1003 2683 possit
1024 2596 1149 2681 operari
1230 2605 1231 2672 t

228 2704 284 2773 per
306 2686 453 2773 seipsum.
475 2685 526 2751 Est
548 2686 640 2771 igitur
662 2701 693 2751 et
715 2702 789 2753 tuno
827 2685 962 2774 potentin
996 2683 1149 2769 quodum·

229 2772 334 2854 niodo,
356 2794 419 2843 non
442 2788 546 2839 tomen
567 2774 709 2841 similiter
730 2788 822 2864 utque
843 2788 915 2841 oute
925 2772 1087 2840 addiscere
1097 2786 1151 2838 eut

228 2865 367 2929 invenire
389 2891 421 2929 ι.
444 2862 479 2928 Et
502 2876 607 2952 postea
630 2867 729 2951 (text
745 2884 859 2929 comm.
877 2863 918 2929 te
933 2864 1041 2949 ),ount
1053 2880 1150 2947 quoe·

223 2953 350 3033 sitisset:
381 2980 395 3011 r
417 2952 449 3017 Si
471 2951 644 3019 intellectus
665 2952 797 3040 simplex
819 2965 865 3017 est
887 2966 917 3019 et
951 2951 1149 3037 impossibilis

224 3054 254 3105 et
276 3042 352 3107 nulli
375 3040 491 3128 aliquid
513 3041 606 3107 habet
628 3060 805 3119 commune,
827 3042 905 3107 sieut
932 3041 1007 3106 dixit
1030 3042 1146 3105 Attene·

222 3150 324 3213 goras,
345 3129 503 3217 quomodo
526 3130 686 3216 intelliget,
707 3131 733 3196 si
759 3129 933 3215 intelligere
954 3129 1017 3215 poti
1029 3126 1146 3215 aliquid

222 3220 296 3283 est?
319 3246 350 3297 i,
372 3219 411 3284 od
444 3219 504 3285 hoo
536 3217 720 3286 solvendum
743 3220 910 3305 respondet
931 3219 1038 3283 dicens
1061 3217 1146 3304 quod

228 3334 242 3363 α
256 3307 399 3457 potentia
422 3306 655 3393 quodammodo
671 3321 716 3373 est
738 3306 940 3391 intelligibilia
962 3306 1146 3385 intellectus,

220 3413 253 3457 se
299 3407 368 3459 uotu
392 3395 467 3460 nihil
491 3408 658 3480 antequem
680 3395 838 3481 intelligite
878 3407 999 3481 oportet
1038 3408 1143 3461 autem

221 3482 260 3545 sit
281 3483 359 3547 sicut
386 3483 489 3548 tabula
512 3482 542 3549 iu
566 3502 628 3569 quo
642 3484 718 3549 nibil
732 3481 937 3570 estsoriptutn
962 3498 1044 3563 ootn3
1059 3486 1144 3571 quod
