2484 3975
467 238 522 284 uo.
548 239 587 286 rr.
613 237 676 286 can.
701 233 767 282 arx.
996 215 1061 284 tub

139 307 288 392 competit
311 319 476 392 antequam
511 308 550 373 ad
584 308 728 374 ultimum
763 303 856 371 linem
893 309 1063 391 perseniae

140 396 227 482 quod
258 395 383 482 quidem
407 415 469 462 uon
492 397 584 464 datur
607 395 725 462 bornini
754 395 783 459 in
808 394 905 478 gratia
928 413 1008 481 quae
1031 396 1064 464 in

139 486 339 549 sacramentis
362 484 528 562 confertur,
550 487 623 573 qaia
646 499 836 552 sacramenta
866 496 939 548 sunt
955 484 984 547 io
1009 485 1062 550 ad·

135 571 287 656 jororium
312 573 444 640 bominis
472 576 644 641 mcuradom
682 571 767 660 quod
790 585 848 658 ⁸est
883 573 913 636 in
951 573 998 638 ria
1022 574 1061 641 ad
1141 607 1143 612 ·

139 662 245 726 baem.
270 661 336 726 Non
361 663 512 747 igiturex
536 665 633 750 gratia
658 661 1062 750 insacramentispercepta

137 749 250 835 aliquis
272 751 481 836 impeccabilis
508 753 660 820 redditur.

206 839 354 921 amptius,
377 839 480 905 Omne
501 857 662 926 peccatum
686 859 723 906 cx
739 837 873 925 quadam
889 838 1061 921 ignorantia

136 927 296 1012 coniungis
330 929 413 994 unde
437 930 641 1015 Philosophus
675 929 747 995 dicit
761 925 884 1012 (toute,
909 925 940 1005 3,
962 948 988 994 c.
1015 927 1061 1006 l),

135 1014 221 1100 quod
244 1016 345 1081 omnis
367 1018 466 1083 malos
490 1032 535 1084 cst
559 1021 715 1104 ignorans
756 1030 786 1082 et
821 1016 850 1080 in
886 1015 1061 1082 Proverbiis

134 1103 257 1169 dicitnr:
281 1105 398 1170 Errant
429 1109 481 1190 qui
517 1121 687 1192 operantia
723 1105 852 1177 malurn,
891 1105 1060 1185 Proverb,

137 1193 192 1271 ld,
213 1194 265 1259 Ἡ.
289 1193 379 1260 Tunc
401 1197 493 1280 igitur
526 1196 627 1262 solnm
664 1196 760 1261 homo
794 1213 921 1259 securus
960 1208 1060 1281 potest

134 1301 204 1347 esse
227 1304 243 1346 a
266 1297 392 1368 peccato
408 1286 578 1350 secuudum
595 1285 796 1360 uoluntatem,
812 1283 936 1370 quando
951 1303 1061 1349 sccun-

135 1370 212 1435 dum
236 1371 423 1438 intellectum
455 1395 581 1439 securus
593 1387 639 1438 εει
655 1374 694 1438 ab
709 1371 881 1456 ignorantia
897 1387 927 1437 et
942 1391 1060 1438 errore.

135 1459 329 1525 Manifestum
354 1476 399 1526 est
422 1476 525 1527 aotam
563 1463 648 1548 quod
687 1462 782 1526 humo
820 1480 882 1524 non
921 1459 1060 1526 redditur

135 1549 284 1613 immunis
308 1553 347 1614 ab
369 1554 455 1616 omui
480 1551 653 1634 ignorantia
675 1563 706 1615 et
728 1569 835 1628 errore
858 1551 1059 1634 pergratiam

135 1637 170 1701 iu
191 1639 391 1702 sacramentis
414 1654 600 1724 perceptam
625 1642 684 1706 hoc
719 1638 802 1704 enim
839 1650 886 1702 est
924 1637 1059 1704 hominis

134 1725 308 1791 secundum
332 1728 520 1794 intellectum
556 1730 639 1794 iliam
675 1729 834 1796 veritatem
870 1725 1059 1812 inspicientis

134 1828 285 1898 quaeest
308 1816 459 1881 certitudo
482 1819 621 1883 omniurn
646 1818 820 1893 veritatum,
835 1833 915 1897 quaa
931 1815 1058 1901 quidem

136 1901 285 1989 inspectio
309 1918 354 1968 est
377 1905 503 1970 ultimus
527 1907 661 1972 bominis
684 1905 765 1979 tinia,
782 1917 815 1968 ut
837 1919 994 1969 ostensum
1013 1919 1058 1971 εει

131 1994 150 2077 (
163 1990 185 2057 i.
208 1992 239 2069 5,
261 2013 289 2058 c.
312 1991 348 2057 st
365 1994 389 2078 i.
414 1994 481 2060 Non
504 1996 597 2080 igitur
620 2016 676 2082 per
693 1995 836 2081 xgratiam
850 2007 1058 2061 sacramento·

134 2100 206 2145 rum
230 2080 325 2147 iromo
348 2082 555 2167 impeccabilis
584 2086 731 2150 redditur.

203 2168 290 2247 itam,
313 2170 358 2234 ad
382 2171 593 2239 alterationem
617 2173 751 2239 bominis
773 2190 853 2257 quae
880 2185 926 2237 εει
948 2192 1058 2239 secun·

133 2256 211 2322 dum
233 2258 381 2323 maiitiam
403 2274 434 2324 ct
446 2262 599 2341 virtutem,
611 2262 744 2327 multum
757 2276 903 2346 operatur
919 2260 1057 2329 alteratio

133 2364 217 2431 quae
240 2359 286 2411 est
307 2348 478 2413 secundum
503 2352 626 2415 animae
660 2351 829 2438 passiones,
864 2370 934 2415 nam
959 2370 997 2415 er
1020 2371 1059 2417 eo

134 2434 220 2520 quod
243 2436 363 2500 ratione
385 2439 543 2521 passiones
567 2440 689 2505 animae
720 2438 925 2516 refrenantur,
964 2439 1059 2505 homo

134 2524 290 2588 virtuosus
311 2525 444 2590 ellicitur
465 2540 496 2591 ct
518 2528 549 2591 in
580 2530 691 2592 virtute
728 2542 937 2601 conservatum
961 2546 998 2592 er
1021 2548 1073 2615 eo,¹

134 2631 209 2676 vero
232 2612 315 2698 quod
341 2616 418 2678 ratio
439 2616 579 2700 sequitur
601 2618 771 2702 passiones,
802 2616 897 2680 bomo
920 2614 1060 2684 redditur

135 2700 272 2766 vitiosus.
297 2702 453 2783 Quamdiu
477 2704 568 2787 igitur
590 2704 687 2769 bomo
709 2716 755 2769 est
768 2701 934 2769 alterabilis
951 2724 1060 2772 secun·

133 2788 211 2853 dum
236 2790 358 2855 animae
381 2794 548 2877 passiones,
571 2809 616 2858 cst
639 2795 731 2859 etiam
759 2792 926 2858 alterabilis
949 2814 1059 2860 recuu-

134 2876 211 2943 dum
235 2879 342 2944 vitium
365 2894 396 2945 et
420 2882 574 2947 virtutem.
598 2881 743 2947 literatio
782 2896 885 2946 autem
911 2898 1060 2968 quaeest

134 2967 307 3035 secundum
331 2969 453 3035 animae
476 2972 634 3051 passiones
657 2990 718 3035 nou
733 2970 848 3036 tollitur
860 2992 915 3057 per
929 2971 1059 3053 gratiam

134 3054 168 3118 io
203 3058 401 3121 sacramentis
435 3059 602 3137 collatam,
640 3058 694 3123 sed
727 3072 833 3124 manet
867 3060 897 3122 iu
934 3058 1062 3126 homine

135 3144 285 3228 quamdiu
308 3145 410 3210 anima
435 3147 569 3233 passibili
593 3148 714 3233 corpori
739 3146 1060 3215 unitur.llauiiestum

133 3244 182 3296 est
204 3232 295 3316 igitur
316 3234 400 3317 quod
425 3256 479 3319 per
500 3250 765 3301 sacramentorum
798 3238 928 3323 gratiam
965 3236 1062 3305 homo

134 3320 346 3407 impeccabilis
378 3345 439 3388 non
464 3324 612 3389 redditur.

143 3468 147 3478 ,
203 3407 377 3487 Praeterea,
403 3411 605 3497 Superiluum
642 3412 764 3480 videtur
801 3432 855 3479 eos
889 3412 1061 3481 admonere

133 3514 177 3563 ne
198 3513 328 3585 peccent
350 3500 401 3589 qui
425 3520 554 3587 peccare
577 3522 641 3568 nou
654 3516 792 3591 possunt·
808 3500 881 3580 Sed,
897 3522 953 3589 per
965 3522 1063 3569 eran.
