2484 3975
425 233 480 279 uu.
514 234 551 278 tr.
577 234 639 281 etr.
664 232 721 280 rot.
967 213 1033 280 535

116 362 118 367 .
177 302 268 386 Quod
293 314 408 372 autem.
432 302 533 365 atatim
559 316 626 386 past
649 315 794 378 mortem,
816 300 938 365 animae
961 323 1034 367 ean-

114 407 282 479 aequantur
306 410 438 477 poenam
463 391 509 455 vel
534 391 718 476 praemium,
735 391 759 453 si
777 391 1033 475 impedimentum

113 503 174 549 non
192 484 240 558 sit,
257 480 486 545 auetoritatibus
500 478 677 563 scripturae
690 479 899 543 confirmator.
916 479 1035 545 Dicitur

113 573 195 637 enim
220 570 258 633 de
282 568 381 633 malis:
405 566 529 633 Ducant
553 572 585 631 in
610 568 696 633 banio
732 568 799 631 dier
835 588 918 644 eaor,
951 581 981 634 et
1001 569 1034 632 in

109 673 223 746 prinae
246 659 288 723 ad
304 658 425 741 inferna
448 657 646 731 descendunt,
669 656 739 734 lob,
761 657 814 734 dl,
830 656 880 731 l53
896 671 935 721 et:
948 659 1034 720 Mor·

113 762 182 815 tutta
206 759 250 811 eet
273 757 302 811 et
325 748 421 822 diaes,
444 757 473 810 et
496 747 635 828 reprttttta
658 758 703 809 ert
724 747 758 809 in
780 746 912 829 inferno,
948 744 1034 823 Lon,

115 838 166 915 ta,
188 837 241 903 Ὦ.
266 834 405 898 lniernns
428 849 530 898 autern
555 848 606 898 est'
625 835 709 897 loeus
733 835 784 899 ubi
820 837 942 898 animae
976 855 1030 919 pu·

112 929 248 992 aluntur.
273 924 419 987 Similiter
442 924 533 986 etiarn
559 938 588 987 et
611 923 755 987 debonis
778 937 872 1009 pater
896 938 927 988 ut
950 922 1034 987 enim

113 1016 245 1081 liabetur
269 1013 352 1089 Lau,
376 1012 432 1084 95,
455 1012 508 1088 45,
531 1011 684 1075 Dominus
714 1014 745 1075 in
780 1032 871 1076 eruce
895 1010 1033 1096 pendens

110 1104 221 1170 latroni
237 1101 319 1166 dixit:
339 1101 438 1165 Hodie
449 1120 568 1164 ineram
584 1103 646 1165 eris
660 1102 692 1164 iu
706 1100 870 1165 Paradira.
901 1100 960 1164 Per
983 1121 1034 1185 pa·

111 1192 249 1258 radisum
271 1204 373 1255 autem
397 1189 575 1272 intelligitur
613 1190 785 1275 praemium
819 1188 904 1276 quod
927 1208 1035 1274 repro·

112 1282 243 1347 mittitur
266 1278 364 1355 bonis,
387 1278 556 1342 seeundum
582 1277 667 1341 illud:
691 1278 825 1343 Vincenti
840 1277 922 1343 dabo
944 1277 1035 1343 edere

111 1372 151 1434 de
176 1369 257 1454 lipno
279 1368 372 1445 vitae,
395 1366 477 1451 quod
500 1377 546 1429 ert
559 1368 590 1429 in
602 1368 756 1450 paradiso
772 1368 832 1432 Dei
846 1368 918 1446 rnei,
930 1366 1036 1453 ripun,

139 1509 147 1537 ⁵
178 1545 291 1611 Diount
314 1558 416 1608 nutem
441 1542 565 1628 quidam
590 1542 673 1628 quod
698 1563 753 1630 per
776 1544 954 1629 paradisum
971 1564 1035 1610 uon
1103 1539 1105 1542 ’

113 1634 292 1719 intelligitur
317 1633 422 1697 ultima
440 1632 648 1699 remuneratio
674 1633 834 1719 quaeerit
869 1634 900 1697 in
931 1631 1034 1714 caelis,

114 1724 289 1789 seeundum
327 1721 427 1785 illud:
468 1719 606 1785 Gaudete
640 1731 670 1785 et
707 1721 854 1797 raritate,
889 1722 1035 1806 piraniana

111 1832 227 1878 marea
249 1822 351 1876 ttertra
376 1810 502 1893 rapiare
525 1820 570 1874 eat
592 1811 625 1873 in
647 1811 753 1888 raetia,
775 1808 892 1886 Manli„
915 1810 946 1887 ὅ,
981 1810 1054 1904 12,

112 1902 168 1967 red
192 1900 332 1986 aliqualis
358 1899 566 1963 remuneratio
591 1900 752 1984 quaeerit
776 1899 807 1961 in
846 1913 938 1976 terra3
960 1917 1034 1965 nam

112 1992 273 2079 paradisos
296 1989 381 2055 loeus
404 1984 530 2072 quidam
556 2001 696 2052 terrenus
720 2006 788 2054 ease
826 1989 957 2066 ridetur,
994 2010 1035 2056 ex

112 2082 173 2144 ltoa
196 2079 277 2164 quod
302 2078 413 2142 elicitur
434 2076 517 2162 quod
537 2077 738 2160 plantaverat
775 2073 926 2142 Dominae
948 2077 1035 2144 Deua

107 2168 297 2253 paradisum
319 2165 530 2248 uoluptatira
564 2167 734 2248 principio,
770 2167 802 2230 in
836 2187 895 2251 quo
929 2168 1036 2251 parant

110 2258 265 2322 ltomt'netrt
290 2275 379 2341 quent
403 2254 603 2337 formauerat,
628 2251 716 2331 Gen,
739 2255 771 2332 2,
793 2255 824 2320 8.
917 2273 924 2286 “

179 2345 240 2410 Sed
264 2344 288 2408 ai
311 2344 379 2429 qnia
402 2354 484 2406 reete
508 2342 601 2407 verba
627 2341 739 2408 Sacrae
761 2343 938 2428 Scripturae
961 2363 1035 2408 eon-

110 2435 238 2510 aideret‚
263 2431 399 2497 inveniet
422 2429 506 2514 quod
532 2432 595 2517 ipsa
621 2430 723 2496 linaiis
758 2433 919 2497 retributio
956 2452 1037 2518 quae

111 2525 144 2590 in
169 2523 261 2587 anelis
286 2521 475 2608 promittitur
498 2517 618 2584 Sanctis
641 2520 743 2584 statim
761 2533 829 2606 post
847 2521 1036 2586 inuetitum
1106 2521 1109 2526 ’

111 2614 214 2678 datur.
238 2609 401 2696 Apostolos
425 2607 520 2683 enim,
543 2627 614 2672 eum
638 2607 678 2671 de
701 2607 788 2672 linali
804 2608 901 2692 gloria
918 2608 1039 2674 loeutus

112 2700 231 2777 luisset,
254 2701 361 2763 (linens
385 2695 468 2783 quod
491 2695 526 2760 id
549 2696 632 2780 quoa
654 2697 686 2760 in
707 2697 869 2780 praesenti
890 2709 936 2762 eat
971 2718 1040 2762 mo·

111 2804 310 2856 meritaneutn
333 2797 362 2850 et
388 2788 451 2850 leae
476 2783 685 2850 tribulationie
707 2797 846 2863 metrae,
867 2807 1042 2870 supramo-

112 2879 190 2944 dtnn
202 2878 235 2942 in
249 2876 438 2942 subtimitate
450 2885 613 2939 aeternum
626 2873 747 2958 pieriae
758 2875 881 2958 pondua
892 2887 1041 2959 operatur

111 2970 147 3033 in
171 2965 269 3042 nobie,
290 2985 352 3028 non
375 2961 653 3046 contemplantibus
675 2961 763 3028 nobie
796 2983 873 3047 quae
896 2965 1043 3029 uidentur

111 3057 170 3124 red
192 3075 270 3140 quoe
293 3074 353 3118 nan
378 3052 535 3130 ridentum
558 3071 638 3136 quae
661 3053 743 3121 enim
762 3054 907 3117 uidentur
924 3064 1040 3138 tempo·

111 3144 200 3211 ratia
222 3153 303 3221 runa
325 3162 404 3227 quae
419 3151 522 3205 autent
547 3159 610 3203 nan
630 3140 934 3218 uidentur‚·aeterna
958 3153 1042 3218 rant,

112 3235 136 3300 2
168 3233 254 3310 Con,
276 3232 308 3311 lt,
333 3229 448 3308 17-18,
471 3249 551 3315 qnae
577 3227 774 3294 manifestum
797 3242 844 3294 est
881 3230 920 3294 de
954 3230 1040 3295 finali

113 3323 214 3408 gloria
238 3321 309 3398 diei,
331 3339 410 3405 quae
437 3331 485 3384 est
507 3318 538 3381 in
566 3317 671 3396 atalia,
709 3354 753 3365 -
791 3330 825 3382 ut
863 3318 1038 3384 ostenderet

115 3409 242 3498 quando
266 3422 295 3474 et
319 3407 452 3494 qualiter
476 3408 551 3472 liaeo
575 3405 672 3490 gloria
696 3407 856 3484 habeatur,
872 3408 1039 3492 subjunxit:

119 3500 241 3567 Scimus
263 3499 343 3564 ruint
365 3497 522 3583 proniani,
545 3493 572 3562 ri
595 3498 750 3562 terrestria
788 3497 899 3564 domur
930 3505 1042 3564 nestra
