2484 3975
453 229 509 276 nra.
534 231 572 278 rr.
596 231 662 277 cnr.
689 229 746 278 xer.
1004 211 1068 278 179

40 375 48 387 ,
147 298 308 368 individuo
331 299 389 366 sub
419 299 470 364 illa
505 301 607 386 specie
643 310 789 366 contento
826 298 965 385 reperiri;
989 301 1069 367 sieut

145 392 252 456 album
275 403 305 454 et
341 389 483 455 vestitum
508 390 538 453 in
562 389 688 456 Socrate
712 388 760 453 vel
783 388 920 464 Platone,
948 404 1001 455 aut
1021 391 1068 454 tli-

145 481 226 565 gitus
264 492 367 546 sextus
404 477 451 544 vel
488 477 604 565 aliquid
641 477 829 563 hujusmodi.
869 477 955 542 Unde
988 479 1067 544 nibil

146 569 292 654 probibet
315 567 415 653 aliqua
440 565 519 632 uniri
544 567 573 632 in
599 566 758 631 individuo
780 585 860 652 quae
878 586 939 630 non
957 568 1068 632 uniun-

146 671 196 722 tut·
219 658 249 721 in
274 678 334 730 uua
357 655 531 740 integritate
553 655 677 740 speeiei3
700 657 779 720 sieut
802 656 936 719 humanu
957 670 1068 721 natura

146 757 177 809 et
199 745 311 812 albedo
334 758 364 809 et
387 745 504 808 musica
529 744 558 807 iu
585 743 722 819 Socrate,
746 757 777 809 et
792 743 969 830 hujusmodi
987 765 1067 830 quae

146 833 291 900 dicuutur
314 853 381 898 esse
405 853 501 898 unum
524 831 673 918 subjecto.
708 833 753 908 Et,
776 835 848 918 quia
872 831 1067 900 individuum

147 924 177 988 in
201 943 315 1009 genere
338 921 523 986 substantiae
547 919 658 986 dicitur
681 921 864 1008 hypostasis,
880 921 912 985 in
928 921 1068 987 substau-

147 1012 196 1077 tiis
219 1026 323 1076 autem
347 1009 545 1074 rationalibus
569 1009 681 1075 dicitur
710 1015 803 1074 etiam
827 1031 969 1096 persona,
992 1031 1068 1076 con·

149 1103 307 1165 uenienter
329 1098 432 1164 omnia
463 1096 641 1183 hujusmodi
663 1097 808 1163 dicuutur
842 1099 922 1163 uniri
956 1118 1066 1165 secun·

148 1188 223 1254 dum
246 1187 432 1276 hypostasim
457 1185 504 1252 vel
528 1187 619 1251 etiam
643 1188 811 1252 secundnm
825 1208 998 1273 personam.
1015 1189 1067 1254 ste

149 1279 241 1364 igitur
263 1291 344 1364 patet
367 1274 451 1361 quod
475 1275 550 1339 nibil
585 1275 729 1361 prohibet
762 1277 864 1362 aliqua
888 1297 950 1341 non
984 1278 1068 1343 unita

149 1387 217 1432 esse
250 1363 421 1432 secundum
457 1376 610 1441 naturam,
647 1364 725 1429 uniri
760 1379 863 1430 autem
897 1367 1070 1432 seeundum

149 1455 339 1543 hypostasim
364 1452 412 1516 vel
436 1471 612 1538 personam.

215 1542 380 1608 Audientes
402 1555 506 1605 autem
530 1539 675 1605 haeretiei
700 1540 731 1603 in
765 1538 886 1605 Cbristo
921 1543 1070 1608 unionem

149 1632 205 1697 Dei
229 1646 259 1696 et
283 1629 417 1696 bominis
440 1649 507 1693 esse
530 1627 654 1705 laetam,
676 1630 836 1693 eorrtrariis
860 1631 914 1695 viis
937 1633 1070 1697 incesse·

150 1735 221 1786 runt
240 1719 281 1784 ad
315 1721 373 1784 hoe
411 1716 661 1804 expendendum,
687 1718 912 1804 praetermisso
945 1722 1068 1786 tramite

150 1809 293 1875 ueritatis.

216 1895 313 1984 Aliqui
338 1894 421 1959 enim
455 1893 535 1959 banc
570 1894 717 1958 unionem
755 1894 994 1962 aestimaverunt
1025 1897 1067 1962 ad
1137 1923 1141 1930 ·

151 1988 279 2054 modum
303 2005 413 2050 eorum
444 2003 524 2069 quae
548 1984 694 2053 uniuntur
718 1984 749 2049 iu
783 2006 877 2051 unam
912 2001 1067 2065 naturam3

150 2080 228 2143 sicut
251 2075 339 2140 brius
370 2085 400 2138 et
431 2072 624 2157 Apollinaris,
651 2086 800 2158 ponentes
822 2075 906 2161 qnod
931 2075 1068 2143 Verbum

150 2178 217 2231 erat
239 2163 359 2250 corpori
396 2161 506 2227 Christi
530 2182 585 2249 pro
608 2164 710 2225 atrima
733 2165 797 2228 sive
821 2185 877 2250 pro
900 2180 1014 2243 nierue3
1037 2169 1069 2231 e't

150 2257 228 2320 sicut
251 2252 411 2338 Eutyches,
433 2251 486 2336 qui
510 2250 610 2335 posuit
633 2264 704 2313 ante
726 2252 968 2319 incarnationem
991 2256 1069 2321 duas

151 2360 285 2417 naturas,
310 2342 377 2414 Dei,
412 2354 442 2403 et
466 2338 611 2416 bominis,
636 2352 704 2425 post
727 2340 970 2407 incarnationem
994 2364 1068 2409 vero

150 2453 255 2497 unam.
276 2428 339 2495 Sed
362 2447 472 2491 eorum
495 2425 612 2495 dictum
640 2429 767 2493 omnino
790 2430 1069 2517 impossibilitatem

150 2521 295 2585 continet.
318 2514 510 2581 Manifestum
533 2529 580 2579 est
609 2516 693 2580 enim
729 2531 869 2585 naturam
906 2519 997 2586 Verbi
1029 2520 1070 2587 ab

152 2622 278 2675 aeterno
301 2606 332 2671 in
355 2626 409 2669 sua
434 2603 605 2687 integritate
629 2602 880 2690 perfectissimam
909 2629 989 2688 esse,
1012 2630 1071 2675 nee

153 2698 282 2763 omnino
304 2693 460 2779 eorrumpi
483 2693 670 2759 autmutari
695 2714 794 2779 posse3
824 2697 906 2762 unde
929 2699 1070 2786 impossi-

153 2786 215 2853 bile
237 2799 283 2851 est
306 2782 420 2869 aliquid
445 2782 650 2847 extrinsecum
673 2802 690 2846 a
714 2797 822 2848 natura
837 2785 948 2865 divina,
965 2800 1071 2875 utpote

153 2888 295 2941 naturam
318 2873 487 2938 humanam
523 2870 570 2934 vel
604 2870 740 2955 aliquam
773 2888 893 2960 partem
926 2876 1004 2961 ejus,
1038 2879 1070 2942 in

153 2970 302 3030 unitatem
325 2974 452 3026 naturae
476 2959 503 3022 ei
527 2958 683 3023 advenire.

219 3053 275 3117 Alii
299 3070 381 3126 vero,
406 3048 496 3133 hujus
526 3047 685 3133 positionis
718 3046 994 3135 impossibilitatem
1030 3059 1072 3117 ri-

153 3138 273 3214 dentes,
297 3140 328 3205 in
352 3139 433 3203 riam
460 3136 646 3200 contrariam
679 3136 878 3204 diverterunt.
915 3142 953 3206 Ea
988 3143 1072 3207 enim

112 3300 120 3317 s
153 3251 233 3317 quae
257 3228 382 3295 habenti
405 3224 539 3310 aliquam
562 3237 704 3289 naturam
721 3225 888 3294 adveniunt
900 3250 958 3295 nec
969 3245 1073 3296 tumen

154 3321 309 3407 pertinent
332 3316 371 3381 ad
395 3313 601 3397 integritatem
637 3326 765 3379 naturae
799 3315 878 3382 illius
913 3319 960 3383 rel
995 3321 1074 3384 acei-

154 3408 257 3473 dentia
281 3426 348 3472 esse
372 3405 523 3479 videntur,
545 3414 579 3467 ut
613 3400 726 3467 albedo
748 3418 778 3469 et
811 3406 939 3484 musica,
955 3407 1003 3472 vel
1025 3428 1075 3473 ao·

154 3496 347 3565 eidentalitcr
381 3514 415 3560 se
450 3490 564 3559 babere
601 3490 641 3557 ad
674 3491 788 3579 ipsum,
820 3496 899 3563 sicut
931 3496 1075 3577 annulus,
