2484 3975
216 192 282 259 480
602 215 774 262 unuscuauu

216 303 283 349 esse
307 285 464 388 proprium
488 286 544 351 sibi
569 306 625 372 ρετ
649 291 779 352 lurnaam
803 305 900 351 suam.
936 281 1015 366 Quia
1049 285 1148 370 igitur

215 375 343 438 materia
367 377 473 461 recipit
496 395 564 441 esse
582 377 825 443 determinatum
850 385 967 438 actuale
1003 394 1057 461 per
1083 374 1149 438 lor·

215 480 310 540 mam,
333 476 362 527 ει
385 485 448 528 noa
471 483 672 542 econverso,
695 463 772 529 nibil
807 463 950 548 probibet
987 483 1055 527 esre
1090 463 1147 526 ali-

215 570 309 635 quam
332 549 464 617 lonnam
488 571 569 639 quae
592 553 718 640 recipiat
743 571 811 626 esse
835 553 864 614 in
888 552 1001 637 seipsa,
1025 571 1087 614 non
1112 552 1146 616 in

215 638 320 725 aliquo
343 641 492 726 subject03
515 661 577 705 non
600 661 684 706 cutm
695 661 786 706 causa
803 640 955 724 dependet
967 639 1005 704 ab
1022 639 1147 739 ellectu,

215 726 271 791 sed
295 729 396 814 potius
418 749 436 793 ε
458 747 617 794 conuerso
642 730 708 832 lpsa
747 731 838 814 igitur
873 727 972 792 lorma
1006 727 1050 792 sic
1090 748 1147 812 per

215 834 249 879 εε
270 817 440 883 subsistens
462 837 531 882 esse
554 819 728 920 participat
739 819 771 882 in
794 817 905 903 seipsa,
926 817 1003 880 sicut
1043 815 1146 880 lorma

194 905 412 977 ¹materialis
405 928 434 970 m
458 906 606 990 subjecto.
630 907 696 972 Si
689 905 793 993 igitur,
816 927 871 992 ρετ
896 909 954 970 boc
977 905 1147 990 quoddico
1231 919 1232 934 ¹

215 1012 277 1056 nort
291 1015 356 1072 ens,
378 1007 574 1060 removeatur
594 995 696 1061 solum
720 1015 787 1061 esse
811 999 840 1058 in
866 1010 945 1072 actu,
966 993 1147 1080 ipsalorma

216 1084 387 1147 secundum
411 1105 445 1148 se
468 1083 659 1150 considerata
683 1099 731 1148 est
755 1105 815 1148 non
833 1103 898 1160 ens,
914 1083 968 1148 sed
993 1103 1060 1146 esse
1074 1104 1147 1166 par-

216 1170 354 1254 ticipans.
378 1172 409 1236 Si
453 1190 554 1238 autem
588 1193 648 1238 nott
665 1193 718 1236 ena
755 1185 911 1236 removeat
944 1191 1006 1236 non
1042 1173 1146 1236 solum

216 1260 320 1345 ipsum
344 1281 411 1325 esse
433 1262 465 1325 in
488 1274 568 1338 actu,
591 1260 647 1325 sed
670 1262 761 1326 etiam
785 1275 888 1325 actum
916 1280 971 1324 seu
1009 1258 1146 1324 sormam

216 1367 389 1434 perquam
413 1349 528 1436 aliquid
552 1351 711 1436 participat
749 1369 826 1426 esse,
858 1353 902 1412 sic
934 1351 1063 1412 materia
1100 1365 1148 1413 est

215 1455 280 1501 non
298 1457 363 1516 ens,
387 1437 484 1504 lorma
507 1459 581 1503 vero
604 1439 772 1503 subsistens
794 1457 857 1502 uon
874 1451 919 1502 est
932 1458 994 1501 non
1012 1440 1147 1514 ens,setl

216 1539 262 1590 est
286 1541 371 1591 actus
394 1529 446 1613 qui
470 1542 515 1593 est
548 1527 648 1592 lorma
683 1529 889 1630 participative
925 1526 1022 1590 ultimi
1058 1540 1147 1591 actus

216 1615 269 1700 qui
292 1631 438 1683 estesse
461 1617 547 1692 Patet
580 1618 673 1701 igitur
706 1617 737 1680 in
771 1637 833 1703 quo
867 1614 966 1682 differt
1006 1619 1146 1701 potentia

216 1718 365 1805 quaeest
389 1707 420 1770 in
444 1706 620 1771 substantiis
642 1705 850 1791 spiritualibus
873 1725 890 1768 a
915 1706 1146 1790 potentiaquae

216 1807 262 1857 εει
284 1792 316 1856 in
336 1795 477 1860 materia.
501 1794 578 1859 Nam
603 1795 736 1880 potentia
759 1792 947 1859 substantiae
976 1794 1146 1879 spiritualis

216 1882 383 1948 attenditur
406 1885 508 1949 solum
532 1883 704 1948 seeundum
727 1884 867 1948 ordinem
890 1882 985 1968 ipsius
1000 1881 1040 1946 ad
1064 1902 1145 1959 esse;

215 1971 351 2056 potentia
375 1994 448 2038 vero
474 1974 623 2038 materiae
645 1972 817 2038 seeundum
854 1974 996 2039 ordinem
1033 1984 1066 2035 ει
1104 1970 1144 2035 ad

216 2059 348 2125 formam
372 2063 463 2127 etad
486 2082 563 2127 esse.
587 2061 619 2125 Si
642 2063 710 2147 quis
734 2075 837 2127 eutem
876 2076 1042 2145 utrumque
1077 2080 1145 2124 ma·
1231 2068 1232 2073 ’

216 2148 324 2213 teriam
348 2170 418 2215 esse
440 2152 532 2230 dieat,
556 2150 753 2215 manilestum
777 2164 823 2215 cst
857 2150 939 2299 quod
974 2148 1145 2235 aequivoce

215 2238 379 2303 materiam
405 2240 585 2305 nominabit.

283 2326 416 2409 Quintae
439 2349 512 2393 vero
535 2327 661 2393 rationis
683 2324 826 2395 solutio'
815 2346 880 2411 Jam
904 2346 941 2391 ex
975 2324 1063 2391 dietis
1086 2346 1144 2429 ap-

216 2429 312 2500 paret.
337 2415 416 2498 Quia
440 2419 523 2482 enim
546 2417 715 2483 substantia
738 2415 903 2517 spiritualis
941 2435 1008 2479 esse
1047 2418 1146 2500 parti·

215 2516 277 2589 ρει,
300 2523 362 2569 non
376 2505 557 2571 seeundum
581 2526 656 2570 suae
679 2506 908 2571 communitatis
946 2502 1143 2583 infinitatem,
1229 2550 1230 2553 ,

214 2592 293 2657 sicut
315 2608 360 2658 εει
383 2596 414 2659 in
428 2596 528 2682 primo
545 2593 706 2682 principio,
722 2594 777 2660 sed
792 2594 963 2659 secundum
980 2592 1143 2678 proprium

214 2682 344 2747 modum
369 2703 446 2749 suae
468 2684 630 2764 essentiae,
654 2683 850 2759 manifestum
874 2696 920 2747 εει
954 2680 1036 2766 quod
1073 2700 1145 2746 essa

214 2766 281 2869 ejus
304 2790 367 2835 nou
390 2785 436 2836 est
457 2771 623 2847 inlinitum,
660 2771 715 2835 sed
749 2770 880 2837 linitum.
919 2770 998 2851 Quia
1037 2783 1144 2835 tamen

212 2857 278 2943 ipsa
302 2856 401 2924 lorma
423 2880 487 2924 non
509 2875 556 2925 est
579 2858 755 2947 participata
778 2862 809 2925 in
834 2862 972 2933 materia,
1006 2878 1045 2922 ex
1082 2860 1145 2925 bac

212 2958 300 3046 parte
324 2968 388 3011 non
412 2949 518 3013 finitur
540 2969 597 3037 ρετ
619 2950 747 3014 modum
770 2970 833 3037 quo
857 2947 1004 3013 liniuntur
1020 2945 1143 3014 lormae

211 3038 244 3098 in
268 3038 395 3101 materia
418 3028 593 3103 existentes.

278 3123 358 3189 Sic
351 3125 442 3209 igitur
466 3140 595 3212 apparet
616 3125 730 3211 gradus
764 3124 890 3212 quidam
926 3123 1115 3189 infinitatis
1105 3142 1143 3191 tn

212 3210 313 3277 rebus.
337 3212 414 3277 Nam
439 3216 612 3279 materiales
647 3216 832 3280 substantiae
872 3214 976 3280 linitae
1009 3214 1141 3299 quidem

210 3315 282 3365 sunt
306 3298 479 3402 dupliciter,
501 3305 616 3368 seilicet
638 3323 675 3367 ex
698 3318 783 3389 ρετιε
808 3302 951 3403 formae,
986 3322 1066 3389 quae
1105 3302 1141 3368 iu

209 3391 336 3452 materia
359 3390 514 3477 recipitur,
538 3404 627 3457 etex
650 3408 735 3475 parte
759 3391 856 3478 ipsius
878 3391 1046 3479 essequod
1064 3410 1141 3489 par-

210 3476 335 3560 tieipant
356 3479 528 3543 secundum
541 3482 699 3567 proprium
716 3483 855 3561 modum,
878 3486 965 3567 quasi
995 3480 1142 3567 superius
