2484 3975
215 179 282 246 550
591 195 763 245 oruscucuu

211 269 277 336 diis
304 266 389 333 llanc
410 279 513 332 antem
536 268 731 353 positionem,
753 280 902 354 quantum
923 257 974 335 ‘ad
1008 268 1134 356 aliquid,

211 357 305 445 aliqui
329 354 481 424 Ecclesiae
492 355 641 422 Doctores
652 373 832 443 sequuntur.
849 357 1036 442 Augustinus
1051 359 1134 424 enim

211 446 316 534 (Sap.
340 444 450 510 (lenes.
473 443 513 508 ad
536 444 614 523 litt,
636 465 703 532 cap.
727 446 778 528 3>
803 445 923 511 uidetur
959 447 1063 512 dicere
1086 446 1136 512 vel

211 535 271 602 aul)
295 533 390 599 dubio
413 533 588 619 relinquere
610 534 695 620 quod
733 533 901 600 daemones
937 555 1027 600 aerea
1064 550 1137 602 sunt

211 622 365 701 animalia,
388 623 535 709 qnoniam
551 641 716 709 corporum
729 642 892 688 aereorum
909 637 1017 688 natura
1034 625 1138 709 uigent

211 724 426 867 inniti
447 711 926 886 :attittfflqliiltffln
953 713 1137 867 titillo

212 909 306 977 quam
329 888 368 954 ad
392 887 569 975 patiendum
592 901 638 952 ert
660 902 776 974 aptum,
798 889 913 954 scilicet
937 911 999 966 aen
1023 904 1054 954 et
1078 891 1138 955 hoc

212 979 295 1044 idem
320 977 459 1064 pluribus
481 975 547 1040 aliis
582 976 656 1042 locis
691 975 772 1042 dicit.
810 977 871 1042 Sed
908 991 938 1043 et
970 978 1136 1064 Dionysius

212 1068 335 1133 videtur
356 1067 387 1131 in
410 1064 614 1132 daemonibus
636 1084 753 1152 ponere
775 1086 811 1131 ea
834 1087 913 1152 quae
946 1067 985 1131 ad
1007 1067 1136 1134 sensibi-

213 1156 275 1221 lem
298 1155 433 1219 animam
457 1155 620 1241 pertinent;
655 1153 728 1219 dicit
764 1154 847 1220 enim
886 1155 970 1241 quod
999 1169 1083 1221 «est
1105 1157 1135 1220 in

214 1242 419 1309 daemonibus
442 1241 571 1317 malum,
583 1242 669 1308 luror
680 1243 905 1322 irrationabilis,
920 1243 1048 1310 alemena
1063 1265 1136 1310 coa·

213 1331 401 1420 cupiscentia
423 1346 455 1396 et
478 1332 637 1418 phantasia
662 1346 839 1417 proterva·
869 1333 938 1419 (de
954 1332 1054 1399 Divin.
1078 1333 1137 1399 tio
1234 1381 1235 1384 ,

214 1423 315 1498 min,
338 1440 364 1486 c.
388 1420 447 1505 A);
470 1419 666 1486 manileatum
690 1436 736 1485 est
757 1435 861 1486 autem
890 1422 1083 1507 phantasiam
1107 1432 1137 1484 et

214 1508 494 1596 concupiscentiam
518 1522 548 1573 et
571 1511 648 1574 iram
672 1509 737 1573 site
777 1508 913 1576 lusorem
947 1531 1009 1576 non
1031 1509 1070 1576 nti
1094 1513 1139 1576 in·

112 1610 115 1615 ⁴
214 1597 381 1676 tellectum,
403 1597 458 1663 scd
481 1597 520 1661 ati
543 1599 705 1662 sensitivae
733 1614 851 1684 partem
890 1602 1012 1663 animae
1047 1600 1137 1686 perti·-

214 1705 300 1754 nere.
323 1686 384 1752 Sed
407 1699 438 1751 et
459 1700 609 1771 qnantum
634 1686 673 1751 ad
695 1685 809 1765 locum,
849 1687 974 1772 quidam
998 1708 1069 1752 cum
1094 1689 1138 1752 eis

214 1789 447 1853 consenserunt,
469 1789 610 1861 putantes
633 1774 800 1838 daemones
823 1795 887 1840 nnn
907 1776 1054 1841 caelestes
1090 1775 1138 1842 rel

214 1864 455 1950 supercaelestes
483 1863 615 1948 Angelos
638 1863 742 1940 luisse,
766 1877 797 1928 ut
822 1865 1006 1948 Augustinus
1033 1879 1137 1931 narrat

216 1952 320 2040 (Sap.
342 1951 454 2019 Genea.
477 1952 516 2017 ati
539 1951 616 2032 litt,
640 1972 667 2019 c.
690 1952 749 2039 5);
772 1953 826 2019 aeti
861 1968 892 2018 et
928 1952 1137 2021 Damascenua

214 2042 246 2105 in
268 2061 325 2106 suo
347 2041 426 2107 libro
449 2041 617 2107 damnones
639 2040 713 2107 dicit
732 2062 770 2107 ex
797 2042 844 2107 iris
874 2043 1019 2126 angelicis
1043 2047 1135 2109 virtu·

214 2130 296 2195 tibus
319 2128 411 2197 inisse
434 2150 513 2217 quae
535 2131 670 2196 terrestri
696 2130 796 2196 ordini
835 2145 1007 2217 praeerant:
1029 2131 1085 2197 sed
1109 2144 1139 2197 et

147 2219 152 2225 ’
213 2219 377 2305 Apostolus
399 2220 537 2285 nominat
573 2218 731 2285 diabolum
767 2220 940 2305 principem
971 2221 1140 2305 potestatis
1232 2282 1233 2307 p

215 2309 411 2393 ocrialmjua
434 2316 448 2391 (
459 2306 591 2391 Epiron,
614 2308 647 2385 ἓ,
669 2308 726 2393 ⁰2).
1232 2308 1233 2335 ³

282 2397 345 2465 Sed
369 2397 500 2463 occurrit
524 2397 574 2461 hic
610 2396 694 2462 aliud
731 2395 976 2463 consideratione
998 2396 1138 2482 dignum.

216 2485 293 2550 Cum
317 2485 400 2551 enim
425 2485 590 2572 unicuique
625 2483 738 2572 speciei
775 2485 814 2549 sit
851 2484 994 2551 attributa
1030 2501 1139 2555 natura

214 2574 385 2640 secundum
408 2573 654 2641 convenientiam
676 2592 751 2638 suae
772 2572 901 2653 inrmae,
925 2594 987 2640 non
1017 2573 1139 2641 videtur

215 2682 284 2728 case
306 2663 451 2750 possibile
488 2662 625 2749 quadiu
650 2674 711 2728 tota
734 2661 836 2748 aliqua
862 2664 965 2750 specie
987 2662 1025 2728 sit
1049 2677 1139 2729 natu·

214 2750 288 2817 ralis
310 2752 465 2818 inclinatio
488 2752 528 2817 ati
551 2752 581 2817 id
604 2750 688 2837 quod
711 2763 756 2815 est
781 2750 896 2816 malum
920 2751 1000 2817 illius
1022 2751 1136 2838 speciei

216 2840 387 2906 seeundum
412 2842 562 2908 rationem
578 2839 721 2927 propriae
743 2836 872 2916 formam
885 2840 964 2905 sicut
986 2860 1048 2905 non
1072 2858 1138 2906 om·

215 2926 306 2994 nibus
329 2930 507 3001 hominibus
529 2930 608 2995 inest
631 2927 777 2994 naturalis
792 2925 948 2994 inclinatio
963 2928 1002 2995 nd
1026 2929 1138 2995 immo·

215 3018 387 3083 derantiam
408 3018 675 3104 concupiscentiae
696 3016 761 3083 site
782 3016 857 3082 irae.
880 3016 930 3083 Sic
958 3018 1053 3102 igitur
1074 3038 1137 3084 non

214 3119 261 3172 est
284 3106 429 3192 possibile
464 3126 573 3171 omnes
612 3106 780 3172 daemones
815 3105 931 3173 habere
964 3105 1136 3175 naturalem

216 3193 507 3261 inclinationemad
531 3193 681 3261 fallaciam
704 3207 736 3260 ct
757 3194 797 3260 ad
819 3194 877 3261 alia
902 3192 992 3273 mala,
1018 3196 1137 3263 etiamsi

218 3303 326 3349 omnes
348 3298 450 3351 essent
473 3282 565 3349 unius
585 3284 710 3371 speciei;
733 3284 830 3349 multo
867 3302 942 3369 crgo
975 3283 1089 3361 mitius,
1110 3284 1136 3351 ai

215 3372 328 3456 singuli
350 3386 452 3439 essent
474 3375 506 3437 in
528 3372 656 3457 singulis
678 3372 1017 3459 speciebussquarnuis,
1039 3374 1137 3439 sisint

214 3460 369 3545 corporei,
389 3460 466 3525 nihil
488 3462 639 3548 impedire
668 3460 807 3527 videatur
843 3460 946 3549 plures
982 3461 1041 3529 aub
1075 3481 1136 3529 una
