2484 3975
229 227 292 293 tts
530 250 585 294 tra.
611 251 646 295 rr.
673 250 736 298 etr.
759 251 837 297 xrrv.

228 317 315 382 bovis
349 327 494 403 exparte
519 320 651 396 termini,
674 321 846 385 secundum
871 317 955 406 quod
986 318 1046 386 hae
1066 319 1154 387 duae

225 406 361 491 origines
384 407 589 473 terminantur
618 409 656 473 ad
693 425 818 474 naturas
851 407 964 493 speciei
999 408 1152 489 diversam

227 513 265 558 ex
288 507 374 580 parte
397 507 500 561 autem
526 497 676 584 principii,
700 512 732 562 ut
754 499 779 563 si
803 517 1026 581 supponamus,
1047 498 1079 562 in
1095 518 1149 563 ea-

225 581 297 648 dem
321 583 423 668 speeie
448 585 599 660 animalis,
623 587 775 672 quaedam
798 586 939 670 generari
962 606 1000 650 ex
1033 587 1149 652 virtute

224 672 320 736 activa
344 671 417 736 solis
442 686 573 749 tantum,
607 676 759 761 quaedam
800 688 904 738 autem
944 674 1035 739 simui
1072 695 1147 742 oum

223 760 281 826 hac
305 779 341 824 ex
366 761 476 827 virtute
500 762 594 826 activa
633 765 770 830 seminis:
798 783 835 828 ex
860 778 946 848 parte
972 782 1045 828 vero
1067 764 1147 830 sub-

220 847 315 934 jecti,
349 848 452 916 differt
489 851 647 935 generatio
682 852 774 937 hujus
810 853 881 937 equi
914 865 945 917 et
981 852 1061 917 iiiios
1093 873 1147 918 se·
1226 848 1227 854 '

224 938 360 1003 eundum
399 939 482 1021 quod
516 953 623 1004 natura
659 943 771 1024 speciei
796 942 827 1005 in
866 941 985 1006 diversa
1014 942 1144 1009 materia

221 1027 377 1110 recipitur.
406 1027 487 1092 Haec
514 1041 616 1092 autern
649 1029 812 1102 distinctio,
836 1050 916 1115 quae
936 1042 982 1094 est
1000 1048 1037 1094 ex
1053 1044 1143 1116 parte

221 1114 361 1200 subjecti,
386 1116 416 1180 in
457 1117 566 1188 divinis
601 1120 740 1204 personis
781 1119 883 1184 iocum
922 1117 1038 1183 habere
1073 1137 1140 1184 non

220 1217 332 1290 potest,
355 1225 426 1270 oum
449 1205 509 1269 sint
532 1210 659 1272 omnino
682 1207 909 1285 immateriaies;
946 1206 1086 1271 similiter
1109 1227 1142 1270 e-

220 1294 293 1357 tiam
318 1313 354 1358 ex
379 1306 464 1380 parte
489 1295 624 1372 termini,
648 1309 681 1360 ut
706 1297 745 1361 ita
770 1296 858 1361 iieeat
881 1295 977 1381 ioqui,
1000 1314 1063 1359 non
1085 1316 1143 1382 po

219 1394 277 1446 test
300 1401 368 1446 esse
403 1384 635 1468 processionum
671 1384 834 1462 distinctio,
873 1385 944 1469 quia
979 1403 1074 1448 unam
1108 1397 1143 1450 et

218 1471 520 1536 eamdemdivinam
545 1486 686 1538 naturam
711 1493 803 1559 quam
828 1473 936 1558 accipit
969 1472 1063 1536 Filius
1086 1493 1143 1538 na-

218 1558 344 1637 scendo,
366 1561 473 1647 accipit
497 1561 628 1646 Spiritus
651 1562 781 1627 Sanctus
804 1561 1011 1646 procedendo.
1034 1560 1138 1626 tretia
1226 1588 1227 1601 ¹

218 1648 322 1733 quitur
345 1649 436 1731 igitur
458 1650 541 1735 quod
565 1652 725 1737 utriusque
747 1651 873 1734 originis
896 1649 1050 1714 distinctio
1071 1669 1139 1714 non

219 1749 319 1822 potest
341 1757 409 1801 esse
433 1738 488 1802 nisi
513 1759 549 1803 ex
573 1754 659 1824 parte
686 1740 834 1823 principii.
859 1737 1051 1802 Manifestum
1090 1751 1139 1803 est

219 1838 323 1889 autern
348 1826 430 1911 quod
444 1827 628 1913 principium
645 1828 771 1911 originis
786 1828 853 1892 Filii
870 1839 916 1890 est
932 1826 1023 1891 Pater
1038 1825 1134 1891 solus.

218 1912 249 1979 Si
274 1913 365 1998 igitur
388 1916 589 2001 processionis
613 1916 743 2003 Spiritus
767 1917 869 1982 Sancti
897 1915 1080 2002 principium
1098 1915 1140 1980 sit
1225 1989 1226 1992 Ἴ

217 2003 302 2069 solus
326 2003 427 2082 Pater,
450 2025 512 2069 non
537 2006 594 2070 erit
619 2007 677 2070 aiia
703 2008 857 2092 processio
881 2005 1011 2092 Spiritus
1034 2003 1141 2069 Sancti
1225 2025 1226 2092 j

218 2094 451 2177 ageneratione
473 2094 551 2169 Filii,
573 2109 603 2159 et
627 2097 670 2160 sio
694 2116 751 2160 nec
775 2096 904 2180 Spiritus
937 2093 1067 2159 Sanetus
1089 2093 1138 2158 di·

216 2182 344 2246 stinctus
368 2202 385 2245 a
408 2181 495 2247 Filio.
517 2184 561 2248 Ad
587 2184 646 2249 iroc
670 2185 760 2268 igitur
784 2185 866 2268 quod
889 2183 949 2247 sint
965 2181 1043 2246 aiiae
1066 2202 1140 2267 pro-

215 2271 370 2335 cessiones
394 2283 424 2335 et
452 2272 501 2335 aiii
538 2273 751 2357 procedentes,
785 2291 911 2336 necesse
948 2284 995 2334 est
1032 2270 1139 2335 dicere

215 2360 298 2443 quod
322 2360 451 2445 Spiritus
474 2360 603 2425 Sanetus
625 2382 688 2426 non
711 2362 749 2426 sit
771 2382 788 2425 a
811 2360 878 2425 soio
912 2358 1013 2438 Patre,
1036 2358 1092 2423 sed
1114 2380 1135 2424 a

218 2444 308 2512 Patre
332 2460 362 2512 et
384 2448 470 2512 Filio.

280 2536 312 2599 Si
335 2538 403 2621 quis
426 2556 499 2602 vero
538 2537 649 2602 iterum
673 2537 755 2602 dieat
777 2536 860 2623 quod
884 2536 1029 2601 differunt
1062 2556 1137 2622 pro-

180 2664 181 2679 i
214 2625 369 2689 cessiones
392 2625 563 2690 secundum
596 2628 791 2712 principium,
822 2627 1004 2710 inquantum
1041 2622 1137 2691 Pater

214 2712 357 2797 producit
379 2714 489 2779 Filium
515 2735 569 2800 per
592 2716 719 2780 modum
744 2714 925 2791 intellectus,
942 2726 975 2776 ut
990 2712 1134 2792 verbum,

216 2801 363 2887 Spiritum
392 2816 494 2867 autem
529 2807 678 2871 Sanctum
702 2824 757 2889 per
791 2803 918 2867 modum
958 2800 1134 2880 voluntatis,
1224 2831 1225 2844 ¹

213 2890 301 2977 quasi
327 2912 476 2965 amorem,
511 2892 681 2959 secundum
706 2894 764 2955 hoe
787 2891 940 2977 oportebit
963 2890 1133 2975 diciquod
1224 2943 1226 2950 .

212 2979 385 3043 secundum
420 2978 621 3045 differentiam
654 2980 815 3044 voluntatis
838 2995 868 3044 et
902 2978 1073 3043 intellectus
1097 2979 1130 3044 iu

211 3066 278 3132 Deo
301 3067 392 3132 Patre
422 3068 649 3153 distinguantur
671 3070 751 3133 duae
775 3069 989 3155 processiones
1012 3078 1043 3131 et
1064 3066 1131 3132 duo

207 3156 419 3242 procedentes.
455 3160 517 3224 Sed
552 3159 691 3223 voiuntas
724 3171 754 3222 et
788 3157 959 3222 intellectus
981 3154 1024 3243 ‘in
1059 3154 1130 3221 Deo

207 3246 298 3309 Patre
321 3266 384 3309 non
408 3246 639 3329 distinguuntur
658 3246 829 3312 secundum
854 3266 931 3319 rem,
954 3243 1008 3307 sed
1024 3243 1128 3308 solum

207 3334 378 3398 secundum
402 3336 563 3411 rationem,
588 3348 620 3400 ut
647 3354 803 3399 ostensum
828 3349 874 3399 est
897 3333 943 3419 (1.
970 3334 999 3407 1,
1022 3351 1048 3395 c.
1083 3331 1129 3398 111

208 3422 344 3505 0175).
369 3423 516 3508 Sequitur
540 3420 631 3507 igitur
655 3424 737 3509 quod
762 3424 842 3487 duae
868 3421 1080 3507 processiones
1096 3435 1128 3486 et

209 3509 272 3577 duo
296 3510 497 3597 procedentes
520 3510 661 3577 differant
690 3511 790 3577 soiutn
814 3512 941 3579 ratione.
975 3510 1017 3575 Ea
1052 3527 1128 3574 tero
