2484 3975
214 226 280 292 202
502 243 558 288 tro.
581 243 620 289 rr.
646 243 708 288 cnr.
733 243 758 288 n.
784 242 818 288 ar
842 243 878 288 ur.

214 334 323 381 eornm
346 313 398 400 qni
422 312 525 377 diviua
548 312 666 376 visione
690 310 843 390 fruuntur,
866 313 1057 396 inquanera
1071 310 1154 378 bea·

214 403 313 469 titudo
335 401 483 478 consistit,
506 413 541 465 ut
562 414 644 486 patet
667 421 703 464 ex
729 401 775 465 his
798 421 878 486 quae
913 412 985 465 sunt
1018 415 1152 468 ostensa

215 490 249 576 (i.
271 493 303 570 ὅ,
324 511 351 556 e.
375 491 417 556 37
441 503 472 554 et
499 490 613 576 seqq).
637 489 720 554 Nihil
744 502 846 554 autem
871 509 888 552 a
912 488 973 554 due
1007 509 1065 555 suo
1088 489 1151 556 de·

213 581 275 647 doit
298 580 357 644 nisi
387 592 512 666 propter
534 578 659 663 aliquod
686 592 854 664 peccatum.
882 577 913 642 Si
939 576 1031 661 igitur
1055 579 1151 665 pueri
1228 645 1229 658 p

217 667 359 735 nondum
385 667 526 755 baptizati
551 668 590 731 ad
616 687 749 752 regnum
788 666 845 731 Dei
883 667 1045 751 pervenire
1081 688 1152 732 uon
1228 693 1229 742 3

217 769 358 846 possunt,
381 770 502 843 oportet
524 755 627 820 dicere
650 776 718 821 esse
742 756 772 818 in
797 755 841 820 eis
877 754 1002 840 aliquod
1036 775 1152 840 pecca·

216 862 293 912 tum.
317 845 368 911 Sic
390 845 494 930 igitur,
516 844 689 910 secundum
714 844 885 909 catholicae
910 843 980 908 fidei
1006 842 1153 909 traditio·

215 955 300 1011 nem,
323 934 492 999 tenendam
528 945 575 998 eat
612 933 755 998 homines
790 935 873 999 nasci
911 952 982 998 curn
1017 946 1152 1019 peccato

214 1023 366 1109 originali.
709 1073 711 1080 .

550 1108 727 1176 CAPUT
762 1109 809 1176 Li.

342 1284 534 1370 Odjeett'oaca
556 1296 667 1350 contro
687 1295 847 1369 peccatam
869 1284 1030 1371 oripirtale.

282 1462 361 1528 Sunt
386 1475 491 1526 autem
514 1462 667 1547 quaedam
692 1461 793 1528 adhuc
817 1481 896 1549 quae
932 1460 1052 1527 veritati
1089 1463 1150 1528 ad-

219 1553 333 1618 versari
357 1551 508 1615 videntur.
1026 1621 1030 1634 Ὺ

284 1640 448 1706 Peccatum
472 1639 555 1704 enim
580 1639 671 1706 unias
695 1637 761 1703 aliis
799 1660 862 1704 nou
901 1639 1068 1724 imputatur
1104 1640 1150 1705 ad

216 1729 352 1815 eulpam:
387 1728 471 1793 uude
494 1728 604 1792 dicitur
628 1727 711 1814 quod
744 1730 827 1814 filine
861 1749 922 1792 non
954 1739 1063 1810 portat
1084 1729 1151 1794 ini-

217 1819 365 1904 quitatem
387 1817 500 1900 putrt'r,
524 1816 644 1893 Ezech„
669 1816 719 1894 18,
745 1817 796 1894 19;
819 1831 849 1882 et
872 1815 963 1901 hujus
985 1816 1063 1882 ratio
1100 1832 1151 1882 eat

220 1908 292 1993 qnia
325 1927 387 1970 nou
411 1905 574 1970 laudamur
597 1925 699 1991 neque
724 1905 933 1994 vituperamur
956 1905 1013 1970 nisi
1036 1925 1075 1971 ex
1098 1905 1152 1972 his

220 1996 354 2083 quaein
378 1995 468 2061 uobis
492 2010 573 2059 sunt.
597 1994 678 2058 Haec
701 2011 805 2061 antem
830 2008 901 2061 suut
924 2014 1005 2081 quae
1040 2008 1150 2061 nostra
1227 2026 1228 2033 ¹

218 2084 375 2150 noluntate
397 2083 629 2148 committimus.
653 2082 720 2148 Non
746 2085 839 2169 igitur
861 2097 1021 2169 peccatura
1051 2084 1149 2171 primi

218 2173 352 2238 hominis
376 2173 429 2236 toti
454 2173 591 2237 humano
614 2174 720 2256 generi
744 2174 921 2259 imputatur.

283 2261 315 2327 Si
339 2280 413 2325 vero
437 2260 607 2346 quisdicat
631 2262 724 2347 quod,
749 2282 811 2326 uno
835 2272 993 2347 peccante,
1031 2280 1145 2327 omnes

219 2363 427 2437 peccaverunt
450 2350 480 2413 in
505 2348 582 2435 ipso,
607 2363 639 2413 ut
675 2349 837 2436 Apostolus
874 2349 977 2415 dicere
1011 2348 1149 2428 videtur,

201 2440 319 2521 Rom..
342 2438 373 2516 5,
399 2437 451 2516 ta,
474 2451 504 2502 et
527 2438 571 2503 sie
594 2439 646 2503 uni
671 2458 734 2503 uon
773 2439 943 2525 imputatur
980 2452 1145 2523 peccatum

220 2528 361 2603 alterins,
381 2526 437 2591 sed
461 2547 553 2592 suurn
577 2540 752 2613 peccatum,
775 2527 950 2604 boemiam,
966 2526 1146 2603 ntvidetur‚

219 2631 301 2683 stare
324 2637 387 2680 nou
411 2628 521 2701 potest:
544 2617 615 2702 qnia
642 2615 684 2680 illi
708 2616 760 2701 qui
784 2636 821 2681 ex
843 2618 940 2679 Adam
963 2615 1025 2679 uati
1060 2630 1146 2695 suut,

219 2704 345 2791 quaudo
367 2704 465 2768 Adam
490 2704 679 2789 peccantia
703 2724 741 2769 eo
757 2704 895 2769 noudum
908 2718 996 2767 eraut
1012 2703 1043 2767 in
1059 2718 1143 2781 actu,

218 2792 273 2860 aed
297 2795 410 2887 virtute
434 2805 563 2870 tautum,
585 2793 665 2857 sicut
686 2792 718 2856 in
743 2794 842 2877 prima
869 2792 998 2876 originm
1015 2811 1145 2878 peceare

218 2896 336 2957 autem,
370 2900 441 2945 cnm
477 2882 515 2944 sit
545 2900 650 2964 agere,
674 2901 735 2945 non
759 2882 905 2965 competit
929 2881 985 2945 nisi
1009 2882 1146 2945 existen-

220 2972 241 3034 ti
266 2971 297 3036 in
321 2982 401 3045 aetu3
425 2988 488 3032 uon
511 2968 604 3053 igitur
629 2968 659 3033 in
684 2968 781 3033 Adam
805 2989 914 3033 omnes
938 2970 1144 3053 peccavimus.

285 3059 318 3123 Si
341 3072 445 3122 autern
470 3058 510 3122 ita
545 3058 667 3123 dicatur
704 3078 760 3122 nos
798 3060 828 3121 iu
868 3057 964 3127 Adam
1000 3076 1145 3143 peccasse

219 3149 306 3231 quasi
328 3144 518 3231 originaliter
540 3145 581 3212 ab
602 3166 643 3211 eo
666 3146 698 3211 ia
722 3167 778 3211 nos
801 3160 959 3232 peccatum
984 3146 1146 3232 proveniat

217 3235 313 3301 simul
335 3256 407 3299 eunt
432 3248 552 3312 nature,
576 3235 637 3300 hoo
659 3236 752 3300 etiarn
776 3234 970 3321 impossibile
1011 3233 1142 3299 videtur.
1225 3230 1226 3249 .

220 3324 368 3389 Accidens
391 3323 485 3397 enim,
508 3343 579 3388 oum
603 3322 644 3387 de
666 3322 805 3408 subjecto
828 3322 866 3387 ad
889 3322 1062 3407 subjectum
1079 3342 1145 3389 nou

220 3426 364 3488 trauseat,
386 3431 448 3475 uon
474 3424 574 3498 potest
598 3412 726 3491 traduci,
751 3413 807 3477 nisi
830 3410 1003 3495 subjectum
1040 3411 1145 3477 tradu-

220 3514 319 3566 catur.
342 3498 521 3585 Subiectum
553 3514 658 3566 autem
692 3502 808 3587 pcccati
846 3503 949 3567 anima
986 3498 1145 3597 ratioqalia
