2484 3975
210 218 276 285 378
577 239 764 285 orssanmrro

209 308 342 385 Deletae,
366 320 399 373 ut
421 306 500 374 baec
521 324 704 393 argumenta
728 309 790 373 duo
821 322 1017 391 exaggercnu
1055 329 1133 394 quo·

208 417 279 462 rum
303 396 376 470 vim,
399 396 425 461 si
449 418 509 483 qua
535 411 592 477 est,
631 419 687 484 pro
722 398 801 463 virili
840 410 934 478 agunt
968 396 1134 465 Christiani
1240 424 1241 427 ¹

208 484 379 571 Scriptores
401 484 581 564 doctissimi,
604 500 636 551 ut
659 486 773 553 elidant
796 507 832 551 ac
863 484 1039 572 profligent.
1074 488 1134 557 La-

207 574 300 640 bores
323 594 433 639 eorum
456 596 492 640 ac
520 576 779 662 praestantissima
803 575 883 641 edita
905 596 999 661 opera
1039 596 1134 643 nemo

205 663 278 727 satis
301 662 576 740 commendaverim
606 664 662 729 sed
686 666 717 729 in
742 666 821 735 hauc
844 683 978 729 messem
995 668 1134 751 auspica-

207 753 326 817 tissimo
346 751 412 836 jam
441 751 551 819 falcem
577 774 665 819 suam
689 752 814 819 miserat
837 754 982 838 Aquinas

274 841 356 923 Quia
373 840 457 907 enim
487 842 695 909 hlabumetem
720 843 849 929 ejusque
872 841 1053 925 religionem
1078 843 1134 909 ob·

206 930 321 995 trudis?
344 930 400 995 llic
422 932 483 998 alia
506 931 553 995 ria
578 932 738 1017 processit,
750 932 847 1016 inqrrit
859 930 1003 1015 Aquinas,
1020 932 1133 999 eodem
1240 952 1241 959 ¹

204 1016 236 1083 in
258 1019 339 1084 libro
363 1019 463 1104 primo
486 1019 662 1105 eodemque
685 1019 784 1106 capite
799 1032 894 1085 sexto:
925 1018 1132 1087 «Carrralium

203 1133 218 1163 r
249 1107 438 1193 voluptatum
463 1110 632 1194 promissis,
649 1108 687 1174 ad
710 1129 840 1194 quarum
856 1107 1045 1173 desiderium
1062 1130 1131 1177 car·

203 1222 218 1252 »
251 1196 583 1281 naliscoueupiscentia
596 1198 728 1281 instigat,
743 1197 872 1282 populos
884 1195 988 1262 illexit.
1002 1196 1131 1263 Praece·

202 1284 216 1353 r
250 1299 300 1373 pta
308 1286 400 1350 etiam
407 1284 530 1350 tradidit
542 1286 700 1371 promissis
714 1283 1048 1371 conformia,uoluptati
1063 1307 1132 1353 car·
1240 1310 1241 1353 3

203 1399 217 1430 s
248 1373 309 1439 nali
333 1372 470 1437 habenas
494 1374 645 1453 relaxans,
669 1375 827 1460 quihusiu
859 1388 1004 1459 promptu
1032 1388 1078 1439 est
1112 1397 1131 1455 a
1240 1394 1241 1403 ³

204 1487 218 1519 s
248 1461 423 1527 carnalibus
447 1462 624 1529 hominihus
648 1463 778 1529 obediri.
803 1463 996 1528 Documenta
1035 1465 1130 1531 etiam
1240 1464 1241 1521 l

204 1577 218 1606 »
249 1551 383 1617 veritatis
406 1570 469 1615 nou
494 1551 603 1630 attulit,
627 1553 684 1617 nisi
708 1572 788 1637 quae
811 1552 850 1617 de
886 1550 967 1617 lacili
1002 1572 1019 1616 a
1053 1573 1133 1639 quo·

205 1666 219 1697 r
249 1639 324 1706 libet
348 1639 545 1706 mediocriter
567 1642 716 1725 sapiente,
739 1641 870 1705 naturali
909 1641 1046 1725 iugenio,
1079 1664 1131 1707 co·
1240 1636 1241 1685 ³

203 1754 217 1786 ι
248 1728 355 1813 gnossi
391 1730 519 1813 possint;
553 1731 627 1813 quin
663 1732 762 1816 potius
802 1750 872 1795 vera
911 1749 991 1816 quae
1024 1728 1132 1797 docuit

202 1843 217 1874 s
248 1819 352 1883 multis
375 1816 487 1883 sabulis
509 1830 540 1881 et
563 1818 732 1885 falsissimis
767 1818 913 1885 doctrinis
952 1818 1129 1885 iminiscuit.

201 1932 216 1963 ι
247 1905 340 1990 Signa
364 1906 458 1972 etiam
482 1927 545 1972 non
568 1907 708 1973 adhibuit
732 1906 1008 1994 supernaturaliter
1048 1906 1128 1975 facta

200 2022 214 2052 r·
245 1996 358 2081 quibus
380 1995 482 2060 solum
505 1995 628 2061 divinae
653 1998 843 2085 inspirationi
868 1997 1054 2062 conveniens
1069 2011 1129 2064 tes-
1240 2039 1241 2048 κ

201 2111 218 2140 ι
246 2085 409 2148 timonium
432 2084 608 2163 adhibetur,
632 2085 708 2152 dum
729 2087 868 2174 operatio
893 2085 1029 2158 visibilis,
1046 2106 1129 2170 quae

200 2199 216 2232 ι
245 2193 308 2238 nou
331 2185 520 2259 potestesse
554 2175 610 2239 nisi
650 2174 762 2252 diviua,
798 2175 930 2240 ostendit
964 2173 1126 2240 doctorem

201 2289 215 2320 a
247 2263 380 2326 veritatis
402 2261 599 2329 invisibiliter
623 2264 817 2350 inspiratum;
839 2263 895 2330 sed
918 2263 993 2328 dixit
1023 2283 1056 2326 se
1096 2265 1128 2328 in

202 2378 218 2408 s
247 2371 406 2416 armorum
432 2352 567 2437 potentia
592 2353 732 2429 missum;
756 2373 837 2439 quae
862 2355 949 2438 signa
973 2351 1065 2416 etiarn
1082 2351 1127 2416 la·
1240 2397 1241 2430 f

202 2466 216 2498 s
248 2439 387 2507 tronibus
409 2454 440 2507 et
464 2442 600 2524 tyrannis
625 2462 687 2506 non
711 2443 832 2508 desunt.
867 2442 899 2508 Ei
933 2440 1026 2505 etiam
1062 2460 1127 2508 non
1240 2445 1241 2490 ἶ

202 2555 216 2585 »
247 2528 341 2612 aliqui
364 2529 518 2614 sapientes
542 2530 572 2593 in
597 2529 691 2595 rebus
714 2531 835 2608 divinis,
874 2544 904 2595 et
938 2529 977 2594 de
1016 2529 1126 2594 divinis

201 2645 215 2674 ι
245 2631 276 2683 et
292 2617 436 2682 humanis
458 2618 613 2684 exercitati
637 2639 653 2682 a
678 2620 827 2705 principio
850 2617 1125 2695 credideruut‚sed

201 2734 215 2764 ι
247 2706 391 2771 homiues
413 2707 556 2779 bestiales
588 2708 618 2771 in
653 2707 781 2772 desertis
818 2721 986 2784 morantes,
1023 2707 1125 2782 omnis

86 2814 90 2818 ·
201 2823 215 2852 κ
245 2795 403 2861 doctrinae
426 2793 549 2860 divinae
585 2815 710 2879 prorsus
747 2796 856 2880 ignari,
896 2815 952 2882 per
988 2813 1123 2880 quorum

201 2911 215 2941 s
245 2882 474 2948 multitudinem
499 2884 574 2949 alios
597 2883 766 2949 armorum·
792 2885 934 2950 violentia
965 2882 995 2946 in
1034 2902 1124 2948 suam

201 2999 215 3031 s
245 2969 346 3054 legem
371 2973 481 3054 coegit.
505 2971 594 3043 Nulla
618 2974 710 3050 etiam
735 2973 836 3038 diviua
875 2971 999 3038 oracula
1038 2991 1126 3055 prae-

201 3087 215 3119 »
245 3059 422 3128 cedentium
439 3059 665 3146 Prophetarum
679 3063 706 3127 ci
725 3063 933 3127 testimonium
951 3059 1124 3146 perhibent,

201 3177 214 3208 s
244 3150 319 3232 quio
344 3149 446 3234 potius
471 3151 558 3234 quasi
582 3152 686 3224 omnia
711 3151 826 3218 Veteris
850 3165 878 3214 et
902 3149 978 3215 Nori
1017 3147 1124 3214 Testa·

200 3267 214 3296 s
246 3237 341 3302 menti
365 3237 550 3304 documenta
574 3237 714 3306 sabulosa
750 3241 927 3306 narratione
965 3237 1124 3322 depravat,

199 3354 215 3384 »
246 3338 278 3389 ut
302 3339 385 3411 patet
408 3326 475 3411 ejus
497 3328 599 3412 legem
612 3329 795 3414 inspicienti.
821 3328 908 3394 Unde
931 3338 1030 3394 astuto
1047 3345 1124 3390 cou-

200 3443 214 3473 s
244 3413 312 3477 silio
336 3414 430 3480 libros
452 3413 570 3485 Veteris
592 3432 623 3482 et
650 3417 726 3482 Nori
750 3417 937 3482 Testamenti
973 3415 1036 3480 suis
1070 3433 1123 3478 se·

200 3529 216 3564 s
245 3503 393 3588 quacibus
417 3525 479 3570 non
504 3505 628 3592 reliquit
650 3505 811 3590 legendus,
835 3527 873 3572 ne
895 3525 952 3594 per
974 3523 1028 3572 cos
1063 3499 1122 3570 lal-
