2484 3975
203 196 270 265 Ι511
503 216 559 263 tta.
584 218 621 264 rr.
646 216 709 264 can.
735 216 850 265 tutu.

204 306 306 353 tamen
331 282 555 373 impassibilitas
576 308 641 352 non
663 289 799 354 excludit
821 287 860 351 ab
884 286 927 350 eis
943 284 1123 372 passionem

203 396 282 463 quae
304 391 349 439 est
370 376 409 441 de
434 377 550 440 ratione
571 390 839 456 sensus3‘uteutur
861 376 945 440 enim
976 374 1125 439 sensibus

202 466 241 530 ad
264 464 499 537 delectationem
523 464 695 531 secundum
717 466 768 531 illa
792 484 872 553 quae
894 463 993 528 statui
1020 464 1125 527 iocor«

204 554 355 641 ruptionis
378 562 646 639 non'repugnant.
684 554 729 619 Ad
768 556 847 621 hanc
884 552 977 638 igitur
1013 570 1126 617 eorum

204 640 481 729 impassibilitatem
503 642 728 709 ostendendam
751 641 915 731 Apostolus
953 639 1036 706 dicit:
1069 638 1126 706 Se·

95 788 96 791 ,
205 733 341 796 nriuutur
364 733 623 817 incorruptione,
646 743 751 818 turpet
780 733 815 798 iu
836 730 1076 814 incorruptione,
1103 730 1119 795 1

206 820 287 899 Ωον,
312 820 363 898 lb’,
386 820 438 885 11.

273 910 398 989 Rursus,
421 908 529 973 Anima
563 909 630 975 Deo
667 906 773 975 fruens
807 908 863 997 ipsi
903 904 1125 993 perfectissime

207 998 385 1063 adhaerebit
409 1010 439 1062 et
461 996 527 1081 ejus
550 996 718 1064 bonitatem
742 998 931 1086 participabit
972 996 1002 1059 in
1038 1014 1124 1059 sum·

206 1106 257 1152 mo
280 1086 451 1151 secuudum
475 1087 604 1151 modum
626 1108 732 1153 suum.
755 1088 806 1153 Sic
828 1090 920 1171 igitur
942 1098 973 1148 et
1010 1103 1125 1169 corpus

207 1174 340 1261 perfecte
364 1175 512 1239 subdetur
535 1178 658 1242 animae
681 1190 710 1240 et
733 1175 800 1261 ejus
826 1176 1028 1263 proprietates
1052 1192 1123 1257 par·

208 1265 352 1351 tieipabit,
374 1278 521 1351 quantum
545 1266 689 1351 possibile
711 1280 768 1342 est,
781 1266 811 1330 in
828 1264 1043 1351 perspicuitate
1054 1282 1126 1325 scn-

206 1372 319 1430 suum,
349 1355 388 1417 'in
426 1354 619 1425 ordinatione
656 1356 796 1440 corporei
832 1352 983 1440 appetitus
1021 1363 1052 1413 et
1089 1351 1125 1415 in

207 1442 386 1507 omnimoda
410 1441 596 1527 perfectione
621 1457 760 1520 naturam
784 1457 868 1506 tauto
892 1442 975 1505 enirn
1006 1438 1123 1523 aliquid

208 1530 369 1618 perfectius
390 1531 490 1595 estin
514 1546 621 1595 tratura
645 1546 760 1617 quanto
782 1532 848 1615 ejus
872 1529 998 1593 materia
1024 1526 1125 1613 perfe-

209 1622 285 1684 ctius
308 1620 447 1685 subditur
471 1620 597 1695 formam
611 1634 643 1683 et
656 1635 781 1706 propter
795 1624 853 1685 boc
865 1619 937 1683 dicit
949 1616 1124 1703 Apostolus:

208 1707 388 1773 ¹Seruinutur
409 1728 520 1793 corpus
542 1712 687 1787 unioculo,
709 1721 814 1794 surpct
827 1728 938 1791 corpus
947 1706 1124 1789 spirituale,

211 1799 224 1862 1
265 1797 344 1877 Cor„
369 1798 420 1877 15,
443 1799 497 1863 lt.
520 1796 682 1885 Spirituale
715 1798 841 1883 quidem
875 1816 986 1881 corpus
1020 1814 1124 1859 resur·

208 1888 306 1971 genus
329 1888 397 1961 erit,
421 1908 483 1951 non
507 1890 578 1973 quia
601 1887 641 1955 sit
663 1888 798 1973 spiritus,
821 1900 853 1950 ut
875 1885 1003 1971 quidam
1041 1882 1125 1949 male

207 1975 433 2054 intellexerunt,
456 1977 522 2042 sive
537 1995 591 2062 per
603 1975 744 2062 spiritum
757 1976 944 2060 intelligatur
956 1971 1124 2059 spiritualis

206 2065 385 2140 substantia,
407 2066 470 2131 sire
494 2085 547 2130 aer
569 2080 619 2132 aut
644 2079 762 2143 centua,
784 2065 838 2130 sed
861 2067 932 2150 quia
963 2064 1021 2134 erit
1058 2082 1124 2126 om·

207 2157 280 2221 uino
302 2154 474 2240 subjectum
497 2155 626 2240 spiritui;
649 2155 727 2221 sicut
750 2169 779 2218 et
803 2174 885 2218 nuuc
907 2153 1018 2216 dicitur
1054 2169 1125 2214 cor·

208 2265 264 2332 pus
288 2243 430 2320 animale,
451 2263 516 2307 nou
537 2243 610 2328 qnia
633 2245 672 2308 sit
693 2241 819 2319 animal,
841 2241 895 2307 sed
920 2241 991 2326 quia
1006 2238 1124 2304 anima·

207 2336 286 2400 libus
309 2333 501 2419 passionibus
525 2332 661 2416 subjacet
687 2347 716 2395 et
740 2333 884 2401 alimonia
909 2329 1034 2412 indiget.

272 2421 360 2486 Patet
380 2422 473 2506 igitur
505 2440 542 2485 ex
575 2419 739 2507 praedictis
772 2420 867 2506 quod,
905 2420 984 2483 sicut
1020 2415 1124 2482 anima

209 2508 340 2574 hominis
365 2510 533 2575 elevabitur
555 2511 593 2573 ad
617 2509 747 2594 gloriam
759 2511 921 2595 spirituum
933 2504 1127 2583 caelestium,

209 2611 241 2660 ut
264 2599 364 2664 Deum
387 2619 441 2684 per
463 2599 628 2664 essentiam
651 2598 863 2675 uideat-sieut
885 2610 930 2660 est
964 2609 1124 2660 ostensum

210 2687 260 2772 (l.
285 2689 316 2762 5,
340 2709 365 2752 ct
392 2688 427 2753 bl
447 2687 473 2774 ),
511 2688 551 2751 ita
586 2685 652 2772 ejus
686 2707 798 2772 corpus
835 2685 1051 2751 sublimabitur
1083 2682 1125 2749 ad

209 2778 409 2862 proprietates
433 2775 611 2846 caelestium
635 2795 815 2861 corporum,
838 2776 867 2839 in
892 2787 1041 2860 quantum
1066 2775 1126 2838 erit

147 2925 150 2930 ,
211 2864 339 2940 clarum,
363 2864 559 2951 impassibile,
583 2864 698 2950 absque
736 2863 911 2928 difficultate
948 2877 979 2926 et
1016 2860 1124 2925 labore

211 2954 334 3036 mobile,
359 2969 388 3018 et
410 2953 629 3040 perfectissime
652 2973 706 3017 sua
740 2951 839 3027 forma
875 2949 1056 3038 perfectum
1092 2964 1123 3014 et

205 3044 251 3106 sic
274 3059 399 3130 propter
422 3045 481 3108 lroc
504 3041 665 3128 Apostolus
687 3040 760 3106 dicit
789 3053 1015 3125 resurgentium
1054 3057 1122 3101 eor·

208 3151 282 3215 pora
307 3153 376 3196 csse
394 3132 547 3210 caelestia,
571 3151 633 3197 non
654 3145 805 3216 quantum
827 3129 865 3194 ad
890 3142 1042 3204 naturam,
1064 3125 1122 3192 sed

208 3237 355 3304 quantum
379 3221 417 3284 ad
450 3221 595 3305 gloriam.
630 3218 728 3297 Unde,
765 3239 836 3282 curn
875 3218 999 3291 dixisset
1030 3215 1120 3303 ¹quod

199 3325 274 3371 suut
299 3327 431 3394 corporo
453 3309 598 3374 euelrrdu
636 3322 667 3372 et
699 3320 770 3372 sum
794 3308 953 3372 terrestria
975 3323 1121 3386 corporo,

205 3395 362 3482 subjungit
383 3397 467 3482 quod
491 3399 557 3462 ulio
579 3409 632 3466 est
647 3397 825 3461 coelestium
846 3395 957 3480 pluria,
980 3394 1117 3457 uliuter-

205 3488 398 3565 restrium—*l
432 3485 517 3566 (ζον,
543 3484 594 3564 td,
618 3485 670 3551 to.
694 3485 779 3550 Sicut
799 3499 915 3562 ¹autem
950 3482 1047 3569 gloria
1086 3482 1118 3546 in
