2484 3975
417 227 474 274 ern
498 230 536 274 ιν.
560 227 625 274 etr.
650 205 729 276 rrrt't.
971 206 1039 275 *249

421 386 597 454 CAPUT
632 385 741 473 txttt.‚

156 564 278 632 Solotio
312 565 561 648 praemissorum
598 564 831 652 difficultatum,
869 575 900 630 rt
938 567 1040 649 primo

198 653 305 740 quood
327 657 555 720 oonnmionern
576 658 672 739 ponit
693 655 729 720 itt
749 673 859 754 eorpus
885 653 1010 720 Christi.

176 831 259 898 Licet
280 845 385 897 autem
407 830 512 898 divina
535 832 631 898 virtus
653 830 819 898 sublimius
842 846 873 898 at
892 833 1041 900 seoretius

109 921 141 985 in
165 921 227 987 hoo
249 933 443 986 sacramento
465 935 612 1008 operetur
635 941 730 1008 quam
752 919 794 986 ab
816 919 945 988 homine
968 941 1041 1010 per-

107 1009 190 1096 quiri
214 1009 320 1096 possit,
341 1029 382 1074 ne
407 1023 511 1075 tamen
535 1011 674 1076 doctrina
699 1007 853 1076 Ecclesiae
876 1010 956 1077 cirea
980 1011 1040 1077 hoo

109 1112 338 1164 monumentum
365 1097 544 1165 infidelibus
580 1097 779 1186 impossibiiis
802 1099 954 1177 videatur,
986 1121 1040 1166 oo·
1166 1119 1169 1124 ·

110 1186 256 1340 oppidum
273 1201 320 1252 est
341 1187 380 1254 ad
404 1187 464 1254 hoo
498 1187 583 1276 qood
605 1189 709 1255 omnis
735 1187 965 1275 impossibilitas
987 1209 1040 1254 ex-

110 1296 161 1341 ou
185 1288 262 1340 atur.

177 1361 280 1430 Prima
302 1362 397 1448 igitur
433 1365 567 1432 occurrit
601 1364 820 1440 consideratio,
854 1383 911 1450 per
944 1387 1039 1453 quem

109 1452 239 1518 modom
261 1459 370 1519 rernm
401 1452 513 1519 Christi
547 1475 663 1541 eorpus
686 1475 753 1520 asse
774 1454 834 1521 sub
857 1453 916 1519 hoo
939 1473 1042 1522 saere-

107 1554 218 1608 mento
257 1541 391 1628 incipiat.
429 1542 622 1626 impossibiie
655 1557 759 1610 autern
782 1556 828 1608 est
861 1543 945 1630 quod
980 1545 1041 1610 hoe

109 1629 163 1697 iiot
186 1651 242 1718 per
264 1644 385 1696 motum
409 1630 540 1698 tamtam
563 1633 704 1720 eorporis
730 1631 853 1699 corint
876 1644 942 1698 turn
966 1634 1037 1720 quia

41 1736 43 1741 ’
111 1734 295 1806 moueretur
316 1719 401 1805 qtrod
424 1721 455 1785 in
485 1721 573 1786 racio
596 1741 666 1786 ease
701 1721 866 1799 desineret,
900 1721 1039 1804 quando·

108 1828 246 1895 eumque
268 1808 328 1874 hoo
352 1809 454 1893 agitor
479 1823 727 1888 -sarrarttentomr
763 1823 828 1876 turn
866 1811 938 1894 quio
975 1831 1039 1878 non

111 1911 216 1984 posset
236 1896 330 1962 simol
352 1896 412 1963 hoe
433 1913 663 1966 sacramentnm
688 1900 737 1986 agi
761 1899 818 1964 nisi
835 1899 866 1965 in
880 1919 943 1964 uno
960 1899 1040 1979 loeo,

110 2006 184 2053 eom
208 2006 289 2052 onus
311 2000 414 2052 motos
436 1985 541 2054 iooaiis
564 1989 687 2055 nonnisi
710 1989 748 2055 ad
762 2008 858 2054 onum
872 1990 1039 2057 terminum

111 2074 247 2152 finiatur,
271 2089 336 2142 turn
359 2076 454 2141 etiam
477 2076 549 2161 quio
574 2092 676 2143 motus
701 2078 806 2145 localis
829 2078 1040 2147 instantaneus

111 2183 268 2230 essenon
292 2164 480 2249 potest,sed
511 2180 652 2253 tempore
688 2168 816 2252 indiget,
849 2169 1040 2236 consecratio
1172 2236 1174 2243 Α

110 2266 216 2317 autem
240 2251 405 2356 pertinitttr·
422 2254 454 2319 io
486 2254 598 2320 ultimo
619 2256 744 2358 instanti
769 2255 948 2342 prolationis
971 2278 1042 2324 ter·

111 2341 237 2517 23:33·
250 2340 459 2496 ciiiiiiii
477 2343 1044 2522 tettaitt‘it‘tnttttttttt

111 2517 174 2584 hoo
196 2518 280 2604 qood
303 2520 472 2585 substantia
508 2522 598 2607 panis
620 2523 811 2588 oontaatitur
833 2522 865 2587 in
900 2521 1056 2605 substan·¹

112 2608 189 2673 tiam
211 2608 351 2694 eorporis
372 2608 487 2675 Christi
513 2622 546 2675 et
580 2609 739 2677 substante
762 2610 825 2676 tini
848 2615 879 2676 in
901 2610 1043 2679 substan-

113 2696 189 2761 tiam
212 2696 371 2781 sangoinis
393 2696 471 2782 ejus.

180 2784 223 2850 Ea
246 2785 307 2851 hoo
327 2800 433 2851 aotam
455 2800 583 2873 apparet
609 2786 718 2863 ialsarn
753 2806 822 2854 esse
863 2787 1043 2874 opinionem
1143 2834 1154 2841 -

112 2886 177 2939 tant
199 2892 310 2939 eornm
347 2876 401 2959 qni
439 2873 546 2939 dioont
584 2876 790 2943 substantiam
826 2879 916 2965 panis
950 2878 1044 2946 simul

109 2981 183 3027 eom
205 2961 377 3029 substantia
399 2964 542 3050 eorporis
572 2964 685 3030 Christi
710 2964 740 3030 in
764 2965 825 3032 hoo
847 2980 1043 3035 santamento

108 3050 243 3116 existere
264 3070 359 3137 quam
382 3052 476 3117 etiam
499 3072 609 3118 eornm
633 3054 685 3140 qui
702 3067 824 3140 ponunt
840 3053 1043 3123 substantiam

112 3138 204 3226 panis
226 3140 257 3205 in
281 3140 413 3207 nihilum
448 3141 546 3225 redigi
571 3141 619 3207 vel
644 3144 676 3209 in
711 3144 846 3229 primam
882 3143 1044 3212 materiam

111 3227 225 3293 resolvi
254 3229 314 3315 (t).
339 3229 383 3294 nd
400 3244 568 3315 utromque
580 3230 665 3295 enirn
678 3232 818 3317 temnitur
830 3231 914 3319 quod
930 3252 1045 3320 eorpus

113 3315 227 3386 Ciristi
249 3316 281 3383 in
303 3318 365 3385 hoo
386 3334 582 3385 saeromeoto
603 3338 672 3385 arse
700 3320 837 3407 incipere
860 3340 923 3387 non
949 3323 1045 3411 possit

169 3496 211 3580 it)
227 3509 269 3565 cr.
286 3509 426 3585 temtator.
444 3511 571 3580 &amn
590 3514 609 3569 t.
627 3511 656 3585 t,
673 3514 735 3569 ant.
761 3512 805 3575 tt.
