2484 3975
210 212 253 276 ul
533 231 590 277 mn.
613 231 653 277 τν.
678 231 741 278 cur.
765 230 804 277 rr.
959 265 964 273 .

209 298 263 378 81,
287 299 415 379 1,1τυυυ
437 299 494 366 Dei
518 300 630 366 Filium
653 313 685 366 el
716 302 819 367 Deum
858 319 932 388 prce
968 299 1035 367 eliis
1066 300 1128 367 dici
1237 287 1238 312 ¹

208 390 378 476 oportebat,
401 401 506 477 utpote
528 388 714 455 nobiliorem
734 391 827 478 (inter
858 402 977 456 celerer
1009 402 1128 456 orestu-

207 498 268 555 rns,
292 479 322 543 in
347 491 466 543 tuntum
489 478 573 564 quod
596 498 652 564 per
674 498 746 545 eum
772 478 855 545 Deus
877 478 968 546 Peter
1001 497 1127 545 omnem

209 565 300 632 aliurn
325 566 497 635 condiderit
519 581 705 633 creaturum.

273 654 358 720 Hunc
380 668 484 720 nutem
508 656 692 741 positionem
731 656 916 723 confirmare
954 654 1130 721 nitebantur

207 762 315 811 sacrus
335 743 511 831 Scripturas
534 742 739 810 documentis.
762 743 844 812 Dicit
865 744 1066 823 enimFilius,
1088 743 1129 809 ud
1237 781 1238 804 τ

207 831 330 898 Putrem
355 832 495 918 loquens:
519 831 604 897 Haec
626 842 672 896 eet
692 834 758 899 eim
795 846 932 910 oemmro,
952 844 989 898 ul
1020 852 1130 917 eopnc·

207 932 296 987 scunt
320 932 357 998 te,
381 922 482 987 solum
505 919 604 986 Deum
627 941 745 997 cerum,
765 922 865 1001 loen,
890 923 943 999 17,
972 922 1004 987 5.
1037 920 1129 986 Solus

206 1031 281 1096 ergo
304 1010 395 1075 Pater
415 1009 502 1075 Deus
526 1028 615 1075 verus
638 1023 695 1074 est.
718 1009 797 1076 Cum
819 1030 895 1097 ergo
936 1011 1031 1076 Filius
1064 1029 1128 1075 oon

205 1100 244 1164 rit
267 1098 367 1177 Pater,
390 1098 485 1163 Filius
509 1097 594 1163 Deus
618 1118 710 1163 verus
733 1118 800 1165 esso
824 1120 887 1164 non
910 1113 1023 1185 potest.

273 1188 360 1263 item,
382 1186 545 1273 Apostolus
568 1186 650 1253 dicit:
665 1186 969 1253 &inserendorum
984 1190 1051 1253 sine
1060 1207 1128 1253 mu·

207 1278 287 1354 milo,
311 1274 699 1360 irreprehensibiliorem
727 1278 761 1341 in
798 1276 965 1343 aduentum
1003 1276 1128 1342 Domini

205 1365 304 1431 nostri
324 1365 397 1429 lesu
422 1364 547 1441 Christi
570 1384 661 1448 quun
682 1367 748 1430 enit
771 1364 960 1451 temporibus
988 1365 1130 1437 ocmndet

207 1454 313 1519 bencus
335 1464 365 1517 ct
386 1454 470 1518 sulus
491 1464 611 1536 potens,
634 1452 699 1519 ileo
732 1475 871 1539 repnum,
909 1466 938 1519 el
976 1454 1128 1520 Dominus

205 1542 441 1620 dominantium,
463 1542 516 1626 qui
538 1543 623 1607 soluo
650 1541 742 1607 babet
777 1545 1060 1620 immortalitatem,
1095 1554 1126 1607 el

206 1635 303 1698 lucem
325 1630 446 1695 babilae
466 1630 719 1707 inaccessibilem,
743 1632 756 1695 1
785 1631 877 1710 Tim,
900 1633 932 1711 6,
956 1632 1066 1697 11-16.
1090 1631 1126 1697 ln

205 1722 317 1809 quibus
340 1719 442 1785 verbis
465 1719 637 1784 ostenditur
669 1720 822 1787 distinctio
845 1721 903 1786 Dei
942 1720 1039 1787 Putris
1076 1741 1127 1787 cs·
1182 1721 1187 1729 ’

206 1808 359 1877 tendentis
385 1807 423 1874 ed
447 1806 603 1874 Christum
627 1821 797 1876 ostensum.
814 1810 905 1876 Solus
928 1830 1004 1893 ergo
1037 1808 1125 1875 Deus

206 1899 297 1964 Peter
320 1896 485 1963 ostendens
509 1909 554 1963 cst
577 1909 696 1982 potens,
720 1897 784 1963 Rex
818 1919 928 1983 regum
963 1911 995 1963 et
1015 1897 1126 1963 Domi·

204 2009 265 2052 nus
288 1985 526 2064 dominantium,
549 1999 580 2051 et
607 1985 693 2052 solus
732 1988 825 2054 hebet
860 1986 1124 2054 immortalitatem
1236 2040 1237 2043 η

205 2092 235 2143 et
258 2077 359 2142 lucem
383 2075 499 2140 habitet
521 2075 774 2142 inaccessibilem.
798 2076 889 2143 Solus
923 2096 999 2162 ergo
1033 2077 1126 2144 Putet·

204 2166 290 2232 Deus
312 2184 404 2229 verus
427 2178 485 2237 est:
508 2184 571 2229 non
594 2184 670 2249 ergo
693 2164 798 2231 Filius.

152 2301 155 2306 -
272 2254 444 2329 Praeterea,
466 2252 619 2318 Dominus
643 2253 726 2318 dicit:
751 2254 846 2321 Pater
866 2255 970 2339 major
998 2275 1046 2320 me
1068 2265 1126 2330 ert,

203 2346 303 2420 loen,
329 2343 381 2419 le,
404 2340 458 2415 u&
481 2353 512 2406 et
539 2342 702 2426 Apostolus
726 2341 798 2408 dicit
820 2341 932 2409 Filium
950 2343 1030 2408 Petri
1055 2362 1125 2407 esse

205 2432 390 2518 subjectum:
419 2431 494 2495 Cum
517 2429 655 2514 subjecto
677 2430 794 2516 fuerint
814 2431 866 2495 illi
882 2459 885 2464 ·
901 2433 1016 2510 onrnin,
1054 2441 1128 2496 lunc

203 2522 321 2605 etipse
343 2520 443 2586 Filius
464 2517 616 2602 subjectus
639 2521 700 2584 erit
715 2521 756 2597 οἱ,
786 2519 903 2585 scilicet
941 2520 1033 2598 Petri,
1071 2521 1125 2602 qrti

204 2610 332 2694 subjecit
346 2608 407 2674 sibi
428 2609 542 2685 omitia,
568 2608 582 2672 1
610 2607 693 2683 Cor..
717 2609 769 2686 lb,
794 2608 846 2674 28.
870 2608 902 2674 st
925 2621 1028 2676 eutem
1044 2622 1127 2674 esset

205 2718 266 2765 unu
289 2711 399 2763 nutura
423 2697 520 2762 Putris
542 2710 572 2762 et
595 2697 674 2774 Filii,
697 2711 779 2764 esset
799 2698 895 2762 etiam
919 2719 979 2762 une
1003 2698 1124 2782 magni·

204 2787 279 2853 ludo
302 2800 415 2851 etune
440 2783 593 2870 majestas:
617 2804 680 2850 non
714 2787 798 2851 enim
822 2784 915 2851 Filius
945 2798 1026 2852 esset
1064 2785 1124 2851 mi·

203 2895 263 2941 nor
286 2873 376 2939 Patre
398 2891 455 2938 nec
470 2873 553 2938 Petri
576 2873 745 2957 subjectus.
768 2873 962 2960 Relinquitur
984 2894 1061 2959 ergo
1083 2893 1124 2940 ex

203 2964 368 3050 Scripturis
391 2960 475 3047 quod
499 2960 594 3027 Filius
607 2982 671 3027 non
686 2961 725 3026 sit
746 2961 887 3048 ejusdem
911 2978 1124 3029 nutursecum

204 3054 303 3128 Putre,
326 3065 360 3116 ut
381 3048 559 3114 credebant.

269 3139 386 3216 Adhuc,
409 3136 523 3202 Neturu
548 3137 646 3203 Putris
668 3157 733 3204 non
764 3139 876 3225 petitur
910 3137 1123 3222 indigentium.
1235 3200 1236 3203 ,

203 3229 237 3296 ln
260 3229 336 3295 Filio
359 3239 462 3295 eutem
487 3225 653 3312 indigentia
679 3227 843 3304 inuenitur3
855 3228 1025 3295 ostenditur
1038 3228 1124 3292 enim

202 3341 240 3399 ex
262 3317 431 3402 Scripturis
454 3315 571 3401 quode
596 3315 687 3379 Patre
711 3315 829 3403 recipit3
854 3317 994 3402 recipere
1016 3329 1138 3381 nutem·

154 3439 160 3454 ·
203 3405 366 3491 indigentis
391 3418 446 3482 est3
470 3403 700 3468 diciturenim:
742 3404 853 3469 Omnia
888 3405 965 3469 mibi
1004 3404 1124 3469 trudito

204 3506 275 3562 mnt
296 3514 317 3558 u
336 3492 432 3584 'Putre
455 3511 533 3571 meo,
554 3489 671 3570 March,
696 3491 748 3571 11,
772 3493 826 3572 273
841 3505 881 3559 ct:
903 3493 999 3560 Peter
1020 3493 1125 3578 dilipit
