2484 3975
458 238 515 283 mn
538 237 576 283 ir
600 236 664 283 ear.
687 238 788 284 cxxix.
1011 220 1077 286 993

154 304 397 382 Praeterea,
419 305 612 372 Manifestum
626 321 682 383 est,
707 327 744 373 es
758 306 804 370 liis
818 326 898 391 quae
915 305 1078 395 Apostolus

152 394 322 462 Corinthiis
345 395 428 473 dicit,
450 395 533 482 quod
557 397 725 480 praemissa
750 395 843 460 rerba
866 395 906 461 de
939 417 1080 465 resurre-

153 486 257 551 ctione
279 485 431 571 corporali
455 498 527 550 sunt
550 484 759 568 intelligenda
783 484 861 551 Nam
885 500 955 571 post
981 508 1079 572 pauca

150 574 267 640 subdit:
295 574 472 639 Scmiuctur
500 594 612 659 corpus
646 574 794 650 animale,
830 586 937 659 turpet
968 596 1079 661 corpus

69 697 72 702 ·
153 664 331 746 spirituale,
357 663 370 728 l
399 662 480 741 Con,
505 663 556 741 15,
580 662 635 733 tt.
660 662 713 727 ubi
740 661 903 727 manifeste
940 664 1080 747 eorporis

149 753 413 819 resurrectionem
438 753 543 837 langiu
566 766 598 817 et
620 749 819 837 postmodum
844 750 958 817 subdit:
979 754 1078 838 Opor-

156 852 199 905 tet
220 843 421 925 corruptibile
444 842 499 906 boc
520 841 650 905 iuduere
659 841 933 925 incorruptionem,
955 853 1079 907 etmor·

157 929 219 996 talc
242 933 299 995 boc
322 931 449 996 inducre
486 931 767 1007 immortalitatem,
804 928 893 1008 thid„
927 931 979 995 ts.
1015 932 1079 999 lloc

152 1032 258 1085 autem
282 1019 480 1106 corruptibile
502 1032 533 1082 ct
556 1018 687 1084 mortale
720 1031 767 1083 est
802 1039 926 1107 cmpos.
959 1018 1078 1107 Corpus

157 1108 249 1193 igitur
272 1122 317 1173 est
340 1108 423 1194 qrrod
447 1122 596 1192 resurget.

223 1198 340 1273 Adbuc,
364 1198 515 1262 Dominus
539 1210 704 1281 utramque
727 1196 984 1263 resurrectionem
1008 1218 1078 1283 pro-

153 1286 258 1363 mittis
281 1286 354 1351 dicit
377 1288 470 1351 enim:
494 1286 602 1363 Amen,
636 1306 728 1350 umert
764 1285 835 1350 dico
871 1286 967 1363 cobis,
1003 1290 1079 1371 qttia

154 1377 239 1440 cecil
261 1376 349 1451 bora,
373 1388 403 1440 ct
423 1396 504 1440 uurtc
526 1386 581 1451 cst,
604 1375 728 1459 qttaurlo
752 1378 866 1440 mortui
887 1375 1079 1442 audieutoo-

154 1484 221 1529 cem
246 1465 321 1529 Filii
344 1464 412 1541 θεὶς
435 1475 464 1529 et
486 1464 538 1549 qui
559 1464 728 1539 acedieriut
764 1464 875 1541 uiuent,
902 1464 1024 1541 loann„
1048 1466 1080 1543 5,

153 1552 209 1629 9&
233 1553 316 1639 quod
342 1553 381 1618 ad
405 1552 665 1619 resurrectionem
690 1551 882 1653 spiritualem
904 1554 1080 1619 animarum

153 1642 312 1727 pertinere
338 1642 468 1718 videtur,
491 1661 571 1725 quae
606 1655 680 1706 tune
711 1640 778 1726 jam
813 1641 879 1707 lieri
917 1641 1083 1728 incipiebat

153 1731 230 1796 dum
254 1731 348 1815 aliqui
379 1752 433 1819 per
471 1729 566 1795 [idem
608 1730 731 1796 Christo
770 1728 991 1795 adhaerebant:
1028 1732 1084 1797 sed

152 1818 353 1905 postmodum
394 1819 588 1904 corporalem
638 1819 897 1885 resurrectionem
942 1819 1086 1904 exprimit

154 1908 271 1974 dicens:
303 1908 387 1973 Venit
411 1910 524 1973 liora
511 1930 543 1971 m
567 1928 629 1991 quc
642 1928 748 1973 omnes
764 1911 816 1991 qui
832 1908 865 1971 iu
880 1912 1085 1973 monumentis

154 2010 236 2076 suut,
258 1999 386 2064 cttdicut
411 2019 514 2063 uocem
537 1997 612 2061 Filii
638 1999 705 2074 Der,
722 1997 1082 2077 turbuientissimum

155 2101 202 2152 est
225 2089 308 2152 enim
334 2087 418 2172 quod
443 2088 564 2152 animae
588 2087 619 2151 in
655 2088 863 2152 monumentis
901 2108 965 2153 non
1000 2101 1082 2165 sunt,

155 2176 363 2264 sedcorpora.
383 2175 573 2242 praedicitur
599 2195 675 2261 ergo
703 2175 754 2242 bic
779 2197 945 2263 corporum
975 2197 1081 2242 resur·

155 2265 261 2331 rectio.

55 2419 60 2424 .
221 2355 371 2441 Expresse
393 2353 485 2419 etiam
509 2372 675 2440 corporum
698 2354 883 2420 resurrectio
922 2374 1077 2438 praeono-

155 2442 248 2507 tiatur
271 2463 288 2506 a
311 2443 380 2522 lob;
403 2442 514 2507 dicitur
547 2444 643 2508 enim:
669 2442 738 2508 Scio
773 2444 855 2527 quod
890 2442 1077 2526 Redemptor

154 2551 241 2598 meus
263 2533 347 2611 uicit,
370 2544 400 2598 ct
420 2533 453 2595 iu
475 2531 642 2596 nouissimo
664 2531 777 2596 diocle
801 2543 886 2596 terro
918 2543 1075 2597 surrectu-

153 2641 209 2686 rus
232 2641 311 2694 stim,
334 2633 364 2686 et
384 2640 494 2686 rursus
516 2619 734 2684 circumdabor
768 2621 850 2702 pelle
872 2641 952 2695 meu,
991 2633 1021 2685 et
1042 2622 1076 2686 iu

154 2729 248 2775 carne
270 2731 340 2776 mea
361 2709 469 2775 videbo
494 2709 592 2774 mum
614 2729 727 2785 mcum,
749 2709 818 2787 lob,
855 2710 906 2787 19,
929 2709 1040 2775 ἳΰθθ.
1079 2769 1081 2775 ,

220 2797 515 2865 conscendentem
554 2797 648 2863 etiam
683 2801 939 2864 resurrectionem
976 2801 1078 2865 earnis

155 2886 291 2954 suturam
330 2888 457 2952 evidens
491 2888 568 2952 ratio
602 2887 797 2973 suffragatur,
831 2889 998 2974 suppositis
1031 2889 1079 2955 bis

155 2995 235 3062 quae
258 2976 289 3040 in
313 2976 525 3063 superioribus
548 2989 619 3042 sunt
643 2989 775 3041 ostense.

220 3063 386 3138 Ostensnm
411 3077 456 3128 est
479 3066 562 3129 enim
586 3065 637 3149 (Ι.
665 3066 697 3142 2,
721 3085 748 3130 c.
771 3064 985 3144 retentans
1025 3066 1082 3131 lto·

155 3152 275 3220 minum
299 3153 489 3220 immortales
511 3175 589 3230 esse;
614 3168 777 3220 remanent
801 3155 892 3237 igitur
925 3167 994 3238 post
1015 3175 1084 3220 cor·

154 3263 242 3330 pora,
266 3263 282 3307 a
305 3242 488 3328 corporibus
512 3242 680 3308 absolutae.
704 3241 897 3308 Manifestum
927 3257 973 3307 est
989 3243 1082 3310 etlam

155 3332 263 3398 erbis
288 3330 1082 3417 quaedictasuntll.2‚c.83e184)‚quorl

155 3421 259 3486 anima
282 3423 403 3507 corpori
429 3421 607 3486 naturaliter
620 3422 735 3499 unitum
746 3436 792 3485 cst
808 3421 891 3485 enim
908 3421 1081 3487 secundum

154 3529 243 3578 suam
267 3511 432 3578 essentiam
455 3511 592 3601 corporis
618 3509 728 3594 forma3
762 3523 807 3577 est
846 3509 938 3597 igitur
970 3524 1079 3576 contra
