2484 3975
339 249 376 296 on
399 249 512 296 nonunt
534 249 619 296 unam
636 247 829 296 tnnaontoaus
977 231 1042 298 593

121 332 229 405 potest.
255 318 337 386 lleus
359 333 463 388 autem
485 318 562 388 nihil
583 317 765 384 diversitatis
798 317 831 384 in
852 332 1038 389 sua‘oatura

123 409 223 484 liabeo
248 407 317 473 ideo
340 407 477 474 Verbum
499 428 591 474 suum
608 421 655 473 est
677 408 771 484 Deus,
794 408 889 473 virtus
914 422 944 472 et
966 411 1040 475 sub·

118 499 228 563 stantia
253 517 332 563 vero.
357 497 442 564 Deus
464 509 578 576 autem,
601 496 672 582 quia
694 496 798 562 omnia
822 496 913 562 unico
928 497 1039 565 intuitu

120 587 211 663 videt,
234 588 404 652 unoverbo
426 587 529 652 omnia
553 585 636 662 dioit3
659 605 715 650 nos
739 584 918 650 ueromulta
943 588 1037 654 verba

117 675 267 742 habemus
283 689 407 762 propter
420 674 632 762 impotentiam
644 673 815 740 intellectus
831 674 926 740 nostri
942 675 973 740 in
990 677 1035 741 in-

118 763 293 849 telligendo.
317 763 352 830 m
375 763 486 830 horum
521 763 674 851 quaedam
711 762 851 828 oriuntur
885 783 923 828 ex
959 763 1035 843 aliis,

117 852 196 917 sieut
218 852 347 918 verbum
370 850 574 918 conclusionis
607 871 646 917 ex
684 851 850 938 principum
883 851 1037 939 quaedam

118 959 191 1005 vero
214 961 287 1018 non,
309 941 387 1006 siout
410 941 440 1006 io
464 941 556 1006 rebus
579 960 659 1027 quae
682 961 743 1005 noo
771 939 884 1006 habeut
920 961 1033 1006 eonne-

119 1031 241 1096 aionem
264 1028 468 1105 adinvicem,
492 1042 525 1096 ut
561 1042 644 1118 patet
666 1030 705 1094 de
739 1027 840 1116 lapide
874 1039 905 1094 et
940 1029 1036 1115 ligum

119 1117 270 1203 quaedam
309 1119 411 1185 statim
449 1117 619 1186 offeruntur
658 1118 849 1204 intelligenti,
882 1121 1036 1204 quaedam

119 1207 211 1272 etiam
234 1227 306 1274 oum
329 1206 450 1294 majori,
472 1208 624 1294 quaedam
647 1229 719 1274 eum
732 1208 863 1274 breviori
887 1206 1037 1274 discursu.

120 1293 191 1360 ldeo
216 1295 308 1362 verba
332 1311 435 1364 nostro
458 1297 610 1385 quaedam
633 1296 713 1384 plus,
751 1296 902 1384 quaedum
938 1299 1039 1364 minus

119 1384 233 1449 habent
255 1384 294 1449 de
317 1386 503 1470 cognitione,
526 1399 556 1453 et
579 1387 731 1472 quaedam
743 1386 832 1451 eitius
845 1399 875 1451 et
887 1386 1039 1473 quaedam

118 1473 233 1538 tardius
257 1472 539 1554 taruanensem
563 1477 642 1541 seire
672 1474 878 1561 quarumdam
916 1475 1038 1541 conclu·
1107 1497 1112 1505 ·

116 1560 239 1626 sionum
262 1562 377 1628 tardius
400 1575 430 1628 et
454 1561 614 1643 dillieillus,
638 1563 843 1650 quarumdam
868 1583 942 1630 tero
966 1563 1038 1629 laei-

117 1650 175 1715 lius
198 1664 228 1714 et
251 1651 338 1717 citius
361 1651 537 1738 aequiritur.
594 1691 596 1697 =

183 1739 217 1804 Et
240 1741 315 1805 lateo
337 1739 376 1805 de
400 1739 493 1809 verbo
516 1741 595 1808 diota
618 1738 778 1807 sufficiant
874 1775 881 1830 .'
