2484 3975
367 241 403 285 un
429 241 550 286 curuare
566 238 758 284 rnrnttscrus
958 219 1017 285 551

96 305 213 393 aliquid
235 321 280 373 est
302 309 434 395 primum
459 310 643 396 principium
665 327 728 394 qtro
750 306 961 392 intelligimus,
983 330 1017 372 o·

98 409 200 484 portet
221 395 296 462 illud
319 416 388 463 esse
409 398 540 463 lormam
564 399 714 484 corporis3
736 396 808 481 quia
845 397 912 483 ipse
934 396 1018 483 prius

98 484 302 552 manifestavit
324 487 407 574 quod
431 487 506 553 illud
528 507 591 573 quo
615 486 716 572 primo
737 483 853 570 aliquid
875 497 1021 571 operatur

100 586 145 640 est
167 573 277 652 iormm
300 589 330 640 et
352 589 435 664 patet
445 577 503 642 hcc
515 595 572 662 per
587 573 809 659 operationem,
827 573 899 659 quia
911 593 1022 639 uuum·

100 662 245 750 quodque
267 665 328 747 agit
351 667 532 752 inquantum
554 677 601 728 est
624 676 703 727 actu.
716 661 767 728 list
790 674 894 726 autem
908 681 1019 729 nnum-

99 749 244 838 quodque
267 767 335 818 actu
359 773 414 841 per
436 751 579 830 iormnm3
602 750 685 816 unde
716 762 836 838 oportet
860 749 935 816 illud
956 771 1020 838 quo

99 841 200 927 primo
223 839 337 926 aliquid
360 842 423 928 agit
446 862 512 908 esse
535 840 678 908 sormam.

165 927 196 993 Si
221 944 326 995 autem
348 930 432 997 dicas
464 930 549 1018 quod
584 927 773 1016 principium
810 925 902 1012 hujus
936 939 1020 992 actus

99 1018 151 1102 qui
175 1031 221 1083 est
252 1018 432 1106 intelligere,
467 1019 549 1105 quod
588 1016 786 1082 nominamus
820 1015 1020 1094 intellectum,

98 1125 163 1172 non
186 1107 224 1172 sit
246 1106 357 1187 iorma,
380 1121 499 1196 oportet
522 1103 844 1172 teiurenirsnsodum
866 1104 1020 1191 quoactio

99 1193 183 1260 illius
206 1195 345 1348 principii
367 1196 407 1262 sit
429 1198 507 1263 actio
530 1197 623 1281 hujus
646 1193 791 1270 bernium
814 1193 897 1280 quod
920 1192 1020 1259 direr-

97 1283 220 1348 simode
242 1284 294 1370 qui

47 1405 50 1412 =
98 1372 214 1438 scilicet
246 1375 429 1453 Auerrlroes,
466 1393 588 1461 ponens·
624 1371 801 1456 hujusmodi
837 1371 1021 1457 principium

98 1459 301 1546 intelligendi,
322 1461 405 1547 quod
429 1461 541 1528 dicitur
562 1459 735 1527 intellectus
772 1459 935 1546 possibilis,
957 1480 1021 1526 non

98 1567 169 1614 esse
190 1551 326 1616 unimam
348 1571 406 1616 nec
435 1565 553 1637 partem
588 1550 710 1615 animae
742 1547 800 1613 nisi
843 1550 1022 1635 aequivoce,

101 1637 157 1701 sed
181 1639 281 1724 potins
303 1639 386 1725 quod
419 1641 460 1705 sit
481 1639 650 1705 substantia¹
680 1635 834 1722 quaedam
871 1650 1021 1723 separata,

103 1724 179 1791 dixit
201 1726 285 1812 quod
322 1727 401 1793 illius
436 1726 605 1812 intelligere
639 1725 829 1790 substantiae
861 1739 1022 1810 separatae

102 1827 148 1880 est
171 1815 341 1900 intelligere
363 1818 424 1881 mei
447 1817 495 1882 vel
516 1816 608 1891 illius;
631 1816 812 1898 inquantum
846 1812 1025 1879 intellectae

99 1901 152 1969 ille
175 1905 326 1991 possibilis
349 1904 509 1992 copulatur
531 1905 607 1970 mihi
631 1903 679 1968 uel
713 1902 766 1968 tibi
800 1921 856 1989 per
892 1902 1021 1990 phanta-

99 2006 198 2057 smata
220 2010 392 2080 quaesunt
414 1996 445 2059 in
470 2015 520 2059 mc
543 1993 591 2059 vel
614 1994 645 2057 in
670 2007 708 2056 te.
746 1990 838 2073 Quod
875 1994 918 2057 sic
955 1990 1023 2059 fieri

99 2081 230 2147 dicebat:
254 2083 377 2171 Species
400 2085 483 2148 enim
507 2081 715 2165 intelligibilis,
753 2100 833 2166 quae
856 2079 890 2145 fit
925 2102 1020 2146 unum

99 2189 171 2235 curn
195 2171 348 2237 intellectu
370 2171 517 2259 possibili,
539 2190 610 2235 cum
624 2169 772 2235 sitiorma
788 2182 819 2234 et
841 2182 927 2233 aetus
943 2170 1021 2253 ejus,
1078 2194 1083 2205 ·

101 2257 194 2325 habet
216 2259 278 2326 duo
300 2259 447 2346 subjecta,
469 2278 566 2326 unum
590 2260 655 2345 ipsa
693 2258 916 2343 phantasmata,
938 2259 1021 2323 aliud

99 2346 291 2414 intellectum
315 2348 504 2436 possibilem.
525 2349 577 2414 Sic
598 2368 674 2431 crgo
695 2346 865 2411 intellectus
893 2346 1021 2431 possibi-

100 2436 137 2502 lis
160 2438 358 2503 continuatur
379 2438 468 2504 nobis
491 2458 547 2525 per
563 2436 797 2502 lormamsnam
815 2433 1022 2499 mediantibus

101 2524 374 2611 phantasmatibus3
396 2541 426 2591 et
448 2528 502 2605 sic,
544 2525 619 2590 dum
657 2523 829 2589 intellectus
868 2524 1021 2610 possibilis

101 2614 252 2698 iutelligit,
277 2616 327 2679 nio
348 2614 443 2680 horno
465 2613 614 2699 intelligit.

146 2701 236 2785 Quod
249 2717 350 2769 autem
364 2703 423 2769 lroc
434 2703 509 2769 nihil
524 2703 573 2781 sit,
586 2712 668 2787 patet
684 2699 851 2787 tripliciter.
862 2734 907 2747 —
918 2699 1030 2765 Primo·

99 2791 236 2875 quidem,
258 2792 340 2878 quod
364 2793 406 2857 sic
429 2793 617 2857 continuatio
640 2789 812 2855 intellectus
850 2787 889 2853 ad
920 2789 1022 2854 laomi-

99 2898 171 2947 nent
195 2901 256 2945 non
280 2894 360 2945 esset
381 2881 552 2946 secundum
590 2880 721 2965 primam
756 2876 821 2960 ejus
851 2880 1023 2960 generatio·

98 2988 181 3041 nem,
206 2982 238 3033 at
260 2968 492 3055 Theophrastus
533 2968 604 3033 dicit
642 2979 672 3030 et
710 2965 887 3031 Aristoteles
924 2966 1024 3029 innuit

98 3056 256 3143 (Pityaia,
279 3056 339 3143 i),
362 3059 413 3122 ubi
452 3057 524 3123 dicit
562 3055 646 3143 quod
685 3053 835 3121 terminus
873 3054 1023 3119 naturalis

96 3147 349 3212 considerationis
371 3146 410 3211 de
433 3145 540 3229 formis
563 3157 609 3210 est
633 3144 671 3207 ad
696 3142 829 3207 formam
850 3141 1021 3207 secundum

100 3252 192 3319 quam
217 3235 312 3303 homo
336 3235 374 3300 ab
398 3236 524 3299 homine
546 3246 712 3318 generatur
735 3244 764 3295 et
789 3251 806 3295 a
845 3230 920 3306 sole3
955 3249 1024 3294 ma·

100 3320 243 3389 nil'estum
267 3338 312 3389 est
334 3336 437 3389 autem
471 3322 553 3408 quod
580 3321 728 3385 terminus
763 3317 1024 3383 considerationis

101 3411 248 3476 naturalia
270 3426 316 3477 est
340 3411 519 3477 intellectus.
553 3407 732 3475 Secundum
768 3419 869 3471 autern
906 3406 1025 3471 dictum

100 3498 272 3578 drerrhois,
296 3500 466 3565 intellectus
502 3520 565 3565 nou
588 3497 785 3563 continuatur
819 3496 936 3559 homini
973 3516 1024 3563 se·

99 3587 236 3655 cundum
259 3609 346 3656 suam
370 3589 613 3675 generationem,
636 3580 692 3651 sed
725 3583 897 3650 secundum
926 3604 1017 3672 sepa·

317 1305 367 1350 arn
390 1285 490 1351 conati
513 1299 584 1350 sunt
606 1283 722 1361 dicere,
759 1302 893 1369 quorum
930 1302 1020 1358 unua,
1137 1284 1143 1294 “
