2484 3975
186 213 251 280 tttttt
561 229 731 276 oruscoaua
833 237 840 244 ·

102 323 107 334 ¹
184 303 324 367 uniretur
346 298 373 364 ei
397 312 429 366 ut
452 311 563 373 motor,
597 299 651 365 sed
677 299 775 383 magis
815 299 899 386 quod
933 301 1132 368 intellectus·

185 390 368 474 intelligeret
391 402 420 454 et
444 387 583 453 Socrates
605 388 838 472 intelligeretur,
862 403 915 454 out
931 389 1106 476 lortequod

185 479 355 545 intellectus
377 476 576 562 intelligendo
599 489 737 543 moveret
746 476 903 543 Socratem
918 493 950 546 et
965 479 1108 546 Socrates

185 580 373 634 moreretur.

251 655 408 739 Contingit
431 667 534 719 tamen
558 653 745 740 quandoque
766 654 941 741 quodnetio
956 656 1109 722 mouentis

186 745 355 812 traducitur
378 747 408 808 in
433 763 498 808 rem
523 755 650 816 motam,
673 759 746 830 puta
767 764 838 808 eum
863 745 964 830 ipsum
987 759 1112 810 motum·

185 847 289 899 ruoret
312 853 348 897 ex
372 852 411 897 eo
433 833 515 916 qood
539 845 692 907 movetur,
714 845 747 897 ut
762 830 944 898 calefactum
958 832 1110 900 ealeleeic'

185 923 293 988 Posset
316 941 391 1005 erpo
426 921 535 1006 aliquis
558 921 601 984 sie
624 919 727 986 dicere
749 919 832 1007 quod
857 937 976 987 motum
999 925 1038 988 ab
1061 923 1110 986 iu·

185 1010 307 1076 telleetu
331 1009 409 1097 (qui
434 1007 631 1093 intelligendo
653 1009 791 1097 movet),
814 1030 851 1076 ex
867 1011 927 1077 ltoc
942 1013 1007 1097 ipso
1022 1011 1109 1096 quod

186 1116 337 1175 mouetur,
362 1097 512 1180 intelligit.
536 1133 578 1146 -
603 1097 678 1164 lluie
701 1113 804 1164 autem
827 1099 910 1164 dieto
932 1099 1110 1168 Aristoteles

186 1189 297 1254 resistit
320 1187 351 1251 in
374 1185 511 1251 secundo
527 1185 566 1251 de
583 1186 702 1262 Anima,
719 1187 801 1252 unde
817 1189 999 1275 principium
1015 1187 1111 1273 hujus

185 1278 311 1344 rationis
345 1276 579 1359 assutupsimus.
614 1275 692 1340 Cum
715 1277 797 1341 enim
822 1276 947 1342 dixisset
968 1277 1051 1364 quod
1075 1276 1110 1342 id

188 1385 250 1452 quo
274 1365 373 1451 primo
396 1365 509 1428 scimus
532 1377 562 1428 et
589 1383 736 1429 satiamur
768 1378 814 1430 est
851 1365 961 1442 lomna,
993 1366 1111 1431 seilicet

188 1455 314 1522 scientia
340 1467 370 1518 et
392 1454 515 1524 sunites,
538 1452 709 1537 subjungit:
739 1481 753 1514 t
787 1453 937 1520 Videntur
969 1455 1053 1518 enlm
1075 1456 1112 1519 itt

189 1544 322 1631 patiente
347 1555 377 1606 et
400 1541 548 1628 dispositu
566 1542 741 1607 activorum
765 1543 865 1608 inesse
881 1559 966 1610 aetas
980 1569 1012 1619 ις
1024 1543 1112 1630 quod

189 1652 347 1720 exponens
370 1629 559 1697 Themistius
587 1629 670 1712 dicit:
686 1636 690 1642 ’
704 1630 794 1719 llam,
815 1632 871 1696 etsi
894 1633 934 1698 ab
966 1633 1032 1696 aliis
1055 1630 1112 1697 ali·

188 1722 313 1808 quando
336 1720 460 1786 scientia
484 1734 513 1785 et
543 1719 656 1784 sanitas
688 1734 745 1797 est,
768 1733 881 1804 putas
915 1722 1045 1786 docente
1077 1735 1111 1786 et

190 1811 321 1887 medico,
344 1826 447 1874 tamen
471 1809 501 1874 in
525 1809 660 1894 patiente
686 1821 717 1873 et
750 1809 898 1895 disposito
932 1809 1112 1875 iacientium

189 1900 352 1964 inexistere
375 1909 459 1962 octus
494 1896 684 1962 ostendimus
712 1898 796 1982 prius
819 1899 850 1962 io
874 1899 922 1964 ltis
955 1919 1035 1985 qaae
1069 1898 1112 1964 de

190 2002 298 2054 natura
322 2016 352 2052 s.
377 1986 427 2051 Est
449 2007 523 2073 ergo
548 1985 675 2051 intentio
697 1986 864 2053 Aristotelis
892 2002 924 2054 et
953 1986 1113 2053 evidenter

190 2091 237 2143 est
260 2097 366 2143 rerum
392 2074 486 2160 quod,
510 2074 634 2163 quando
662 2090 780 2141 motum
816 2092 918 2143 moret
950 2090 981 2142 et
1017 2076 1113 2141 hebet

191 2166 342 2233 actionem
360 2165 520 2243 merentis,
537 2174 657 2251 oportet
672 2164 754 2250 quod
771 2165 842 2231 insit
856 2168 884 2230 ei
900 2177 985 2230 uetus
1000 2166 1112 2250 aliquis

191 2278 208 2319 a
234 2267 387 2328 movente,
410 2254 462 2339 qui
486 2251 662 2337 hujusmodi
685 2255 837 2319 actionem
862 2254 1113 2328 haberentue

191 2359 238 2410 est
260 2344 441 2430 principium
465 2361 527 2427 quo
551 2343 622 2426 egit,
646 2356 676 2405 et
698 2357 743 2407 est
765 2358 852 2407 aetus
874 2358 904 2406 et
920 2342 1019 2408 forma
1033 2342 1114 2427 ejus3

192 2434 280 2512 sieut,
303 2434 327 2497 si
352 2429 465 2517 aliquid
490 2444 535 2495 est
550 2429 742 2503 calefactum,
757 2430 896 2497 catenen
911 2452 965 2518 per
976 2431 1114 2496 calorem

103 2534 105 2539 ’
192 2524 244 2609 qui
268 2525 346 2588 inest
370 2522 397 2585 ei
421 2539 437 2583 e
462 2518 668 2584 calefaciente.
699 2518 797 2584 Detur
819 2539 894 2603 ergo
917 2519 1000 2606 quod
1022 2519 1114 2583 iutel-

194 2612 290 2677 leetus
314 2621 434 2675 moreat
458 2608 593 2673 animant
616 2606 749 2672 Socratis
780 2608 827 2673 rel
861 2607 1041 2673 illustrando
1064 2608 1115 2674 rel

192 2719 391 2787 quocumque
422 2695 526 2773 modu,
551 2697 609 2760 ltoc
631 2695 715 2780 quod
749 2710 795 2762 est
817 2697 957 2761 relictum
991 2698 1030 2763 ab
1053 2698 1115 2761 im·

194 2791 351 2873 pressione
382 2784 553 2851 intellectus
576 2783 606 2848 in
643 2784 769 2849 Socrate
802 2798 848 2850 est
882 2786 1017 2872 primum
1050 2806 1115 2871 quo

194 2878 334 2943 Socrates
359 2873 508 2957 iutelligit.
533 2873 566 2938 ld
605 2888 710 2938 autem
744 2894 807 2960 quo
839 2872 981 2940 Socrates
1015 2874 1117 2959 primo

195 2964 345 3050 intelligit,
367 2965 445 3028 sicut
467 2982 559 3027 sensu
583 2964 685 3039 sentit,
701 2961 878 3027 Aristoteles
893 2962 1035 3049 probarit
1047 2982 1118 3027 esse

195 3056 226 3121 in
250 3054 384 3141 potentia
407 3051 521 3129 omnia,
543 3062 574 3115 et
597 3071 654 3137 per
676 3050 735 3115 hoe
756 3064 820 3115 nou
843 3050 960 3117 habere
974 3050 1118 3116 ueturaiu

195 3144 444 3218 determinatam,
467 3140 524 3203 nisi
550 3141 630 3204 hanc
651 3138 735 3223 quod
757 3140 796 3203 sit
824 3139 987 3226 possibilis,
1009 3153 1040 3205 et
1062 3159 1119 3226 per

195 3251 389 3317 consequens
418 3226 501 3313 quod
540 3248 602 3294 nou
627 3229 791 3293 misceatur
824 3229 957 3314 corpori,
990 3229 1045 3305 ted
1079 3227 1119 3293 sit

195 3332 363 3403 separatus.
388 3317 465 3380 Dato
499 3336 573 3398 ergo
607 3316 691 3401 quud
723 3316 763 3381 sit
799 3316 911 3403 aliquis
947 3317 1117 3383 intellectus
1159 3340 1166 3350 ·

195 3420 353 3490 separatus
373 3424 498 3469 movens
532 3404 705 3481 Socratem,
736 3417 839 3469 tamen
863 3404 965 3470 adltuc
998 3416 1118 3492 oportet

195 3491 279 3577 quod
303 3492 354 3556 ille
381 3490 552 3557 intellectus
588 3492 761 3581 passibilis,
783 3493 822 3558 de
845 3512 907 3581 quo
941 3492 1117 3560 Aristoteles
