2484 3975
210 198 275 263 llb
581 216 753 265 unuscuaun

207 287 309 374 ipsum
333 284 505 351 secundum
530 308 564 353 se
587 290 707 375 penitus
724 298 802 353 esset
819 285 990 352 immixtum
1008 300 1039 354 et
1055 287 1138 353 nibil

206 396 278 441 cum
301 391 410 441 natura
434 378 586 463 corporali
609 378 728 443 babens
764 395 941 440 commune.
979 378 1040 444 Sed
1064 379 1138 462 ejus

206 466 322 552 opinio,
345 468 401 530 etsi
424 466 455 530 in
480 468 606 531 veritate
630 467 704 531 alias
719 465 921 553 praecesserit
936 467 1134 551 qaaesolum

205 554 399 619 materialem
425 567 566 619 naturam
597 555 762 641 ponebant,
797 553 951 618 invenitur
986 568 1135 621 tamena

205 642 331 708 veritate
354 642 488 709 deficere
510 645 541 709 in
565 644 698 709 duobus.
734 643 839 707 Primo
872 643 1009 728 quidem,
1047 648 1140 731 quia,

100 725 105 738 “
205 742 239 796 ut
262 752 299 797 er
327 731 395 817 ejus
420 732 570 818 positione
593 747 732 819 apparet,
754 753 817 797 non
842 732 943 817 posuit
958 732 1016 797 nisi
1032 754 1134 798 unum

204 819 394 885 intellectum
416 836 604 907 separatum,
628 822 680 907 qui
703 822 786 887 bunc
815 820 945 885 modum
975 822 1136 900 effecerat,

204 910 371 975 commixta
393 910 627 1012 distinguendo,
639 931 710 975 cum
723 923 826 974 autem
844 910 911 974 beo
927 912 1135 975 attribuamus
1233 988 1234 995 ἵ

205 998 345 1063 muudi'
339 1000 572 1073 institutionem,
594 1000 766 1065 secuudum
791 1000 859 1075 boc,
885 1012 915 1062 et
931 998 970 1063 de
986 1000 1135 1067 substan·

205 1087 254 1151 tiis
276 1087 521 1174 incorporalibus
544 1109 621 1175 quas
645 1088 776 1173 Angelos
798 1088 941 1161 dicimus
966 1102 1134 1173 quaesunt

204 1173 284 1240 inlra
308 1176 409 1241 Deum
432 1191 463 1241 et
484 1198 577 1264 sopra
601 1191 725 1242 naturas
749 1196 914 1262 corporeas
927 1196 963 1241 ca
981 1178 1048 1278 ejus
1063 1179 1133 1278 opi-

204 1264 298 1329 nione
321 1265 397 1329 nibil
421 1266 555 1331 babere
559 1268 738 1353 poterimus.
763 1264 917 1343 Secunde,
941 1267 1012 1367 quia
1037 1266 1133 1331 etiam

204 1352 284 1417 circa
309 1352 499 1420 intellectum
523 1376 616 1441 quem
642 1376 737 1420 unum
767 1354 909 1457 ponebat
945 1356 1135 1433 immixtum,

204 1441 235 1507 in
259 1441 318 1505 boc
341 1444 462 1508 videtur
484 1444 617 1509 delicere
640 1444 724 1531 qood
747 1443 813 1545 ejus
852 1443 995 1508 virtutem
1030 1460 1060 1509 et
1084 1444 1133 1509 di·

203 1530 351 1614 gnitatem
374 1553 437 1597 uon
460 1532 647 1598 sufficienter
669 1535 865 1633 expressis
853 1551 924 1597 cum
958 1534 1043 1597 enim
1066 1536 1133 1597 exi-

201 1623 341 1684 stimaret
364 1621 554 1687 intellectum
577 1643 675 1725 quem
696 1623 797 1708 posuit
819 1633 995 1723 separatum
1009 1642 1071 1687 non
1100 1636 1135 1687 ut

202 1707 377 1774 uniuersale
399 1712 523 1776 ersendi
546 1712 743 1798 principium,
757 1709 925 1775 sedsolum
944 1711 1133 1811 principium

202 1796 421 1900 distinctivum,
442 1820 506 1865 non
542 1800 676 1886 ponebat
711 1800 793 1885 quod
829 1818 958 1884 corpora
998 1800 1134 1865 inuicem

201 1888 367 1953 commixta
390 1910 458 1953 esse
482 1889 633 1954 baberent
656 1888 694 1953 ab
718 1888 873 1953 intellectu
897 1902 1051 1973 separato,
1074 1888 1133 1953 sed

201 1973 302 2040 solum
325 1978 408 2061 quod
432 1977 472 2043 ab
494 1998 533 2043 eo
555 1977 782 2044 distinctionem
805 1976 996 2058 sortirentur.

269 2066 356 2131 Unde
380 2066 468 2131 Plato
491 2065 702 2132 sufficientiori
726 2069 773 2132 via
801 2068 948 2153 processit
986 2066 1025 2131 ad
1064 2066 1135 2152 opi·

162 2165 170 2175 ⁴
199 2152 327 2218 niune-m
363 2158 535 2241 primorum
571 2157 758 2221 naturalium
794 2154 1015 2223 evacuandam
1051 2153 1133 2220 Cum

201 2243 286 2306 enim
310 2244 392 2330 apud
417 2246 560 2330 antiquos
575 2245 731 2310 naturales
748 2258 913 2330 poneretur
930 2243 969 2307 ab
985 2243 1134 2309 omnibus

198 2345 314 2396 certam
339 2353 442 2397 rerum
467 2335 628 2398 veritatem
653 2335 723 2398 sciri
748 2354 820 2400 non.
836 2353 937 2418 posse,
967 2347 1033 2397 tum
1058 2353 1133 2419 pro·

198 2432 269 2506 pter
298 2441 401 2486 rerum
436 2422 644 2508 corporalium
681 2425 862 2488 continuum
896 2419 1025 2500 lluxunt,
1063 2437 1133 2486 tuin
1231 2425 1232 2460 ³

198 2522 325 2596 propter
348 2510 564 2595 deceptionem
586 2531 734 2576 sensuum
773 2512 886 2595 quibus
908 2530 1037 2593 corpora
1076 2530 1132 2574 co-

196 2613 398 2680 gitoscuntur,
425 2602 527 2683 posuit
549 2613 675 2664 naturas
699 2602 849 2685 quasdam
874 2619 890 2662 a
920 2601 1046 2664 materia
1070 2597 1133 2664 llu-

196 2687 339 2752 xibilium
363 2709 469 2752 rerum
492 2703 662 2774 separatas,
685 2689 716 2752 iu
751 2689 863 2774 quibus
901 2702 982 2752 esset
1017 2687 1132 2752 ueritas
1230 2693 1231 2774 J

196 2777 266 2855 lixa,
290 2790 320 2839 et
343 2778 388 2841 sic
412 2780 457 2842 eis
480 2777 682 2856 inhaerendo,
705 2778 807 2842 anima
833 2790 937 2842 nostra
965 2778 1128 2842 veritatem
1230 2799 1231 2802 ¹

196 2879 407 2949 cognosceret.
432 2865 529 2943 Unde,
561 2866 734 2931 secundum
758 2865 827 2943 boc,
852 2864 1022 2930 intellectus
1046 2867 1129 2929 ueri-

196 2967 292 3018 tatem
315 2973 507 3038 cognoscens
530 2954 645 3040 aliquid
661 2975 801 3020 seorsum
819 2952 1129 3055 apprehenditprae·

193 3055 242 3106 ter
264 3055 405 3107 naturam
428 3043 620 3107 sensibilium
644 3063 760 3118 rerum,
796 3058 826 3108 et
861 3046 905 3106 siu
940 3042 1128 3108 existimarit

194 3149 263 3196 esse
285 3131 387 3216 aliqua
411 3151 428 3196 a
450 3131 647 3197 sensibilibus
670 3146 820 3234 separata
834 3130 1130 3197 intellectusautena

193 3232 298 3284 noster
321 3219 435 3306 duplici
459 3221 667 3285 abstractione
682 3223 777 3286 utitur
792 3221 873 3286 eirca
890 3219 1127 3305 intelligentiam

192 3307 403 3373 veritatisz—
427 3308 491 3372 Una
514 3308 653 3395 quidem,
684 3310 856 3375 secundum
891 3309 976 3394 quod
1011 3329 1125 3395 appre-

193 3394 301 3460 beudit
322 3416 471 3460 numeros
494 3398 730 3463 mathematicos
755 3413 786 3462 et
820 3398 1057 3480 magnitudines,
1093 3413 1127 3462 et

193 3480 307 3566 figuras
331 3485 562 3549 mathematicas
574 3485 654 3550 siue
677 3488 824 3554 materiae
847 3485 1000 3552 sensibilis
1029 3485 1123 3551 intel-
