2484 3975
385 247 440 291 tm.
465 247 504 292 rr.
527 245 589 292 cte.
614 243 711 290 xxxta.
957 221 1017 288 llil

98 311 156 394 Dei
180 311 284 393 Filius,
307 315 361 380 sed
384 315 485 380 sulum
508 315 564 380 Dei
587 315 724 382 Verbum
748 312 831 399 quod
847 312 1019 378 secundum

98 405 315 490 proprietatem
340 405 503 469 nativitatis
526 404 721 488 singulariter
736 421 752 466 a
770 401 859 468 Patre
882 403 1020 486 genitum

102 505 157 556 est.
180 493 322 558 rlttribuit
349 507 452 558 autern
478 493 634 580 Scriptura
658 492 783 578 proprio
807 504 838 555 et
860 489 1020 574 unigenito

101 579 159 644 Dei
182 581 260 647 Filio
284 583 460 668 passionem
485 595 515 647 et
549 593 691 659 mortem,
713 579 787 644 dicit
825 579 907 643 enim
942 579 1022 665 tlpo·

99 669 206 736 stolus:
230 671 360 754 Propria
382 671 451 753 silio
473 691 528 736 sau
550 691 611 734 nort
632 669 779 752 pepercit,
813 669 868 731 aed
887 686 947 752 pro
968 688 1024 731 no·

106 757 152 822 bis
174 759 315 838 omnibus
340 761 471 824 tradidit
492 761 592 838 illum,
616 759 717 834 llum,
751 755 783 835 8,
805 757 860 833 aa
893 769 931 819 et:
974 757 1024 821 Sic

103 845 188 914 Deua
211 849 321 914 diteait
344 851 500 927 muudum,
523 861 557 912 ut
580 849 694 912 Filium
716 866 807 910 euram
837 847 1023 930 unipeaitum

107 937 206 1014 daret,
229 947 264 1001 ut
285 939 384 1000 omnir
405 939 457 1020 qui
480 939 578 1002 eredit
598 938 632 1000 in
655 955 724 1000 eura
744 955 806 1000 aaa
827 944 947 1018 pereat,
969 937 1025 999 red

109 1025 220 1088 lrabeat
241 1027 335 1090 citum
359 1035 526 1104 ueternum,
558 1028 680 1101 loann,
715 1025 748 1103 5,
785 1023 836 1089 ta.
870 1023 904 1087 tr
940 1023 1024 1108 quod

109 1113 243 1198 loquitur
266 1113 303 1178 de
328 1115 488 1180 traditione
511 1115 715 1190 ad‘mortem,
728 1125 808 1200 patet
825 1109 923 1199 perid
940 1113 1024 1196 quod

108 1202 216 1266 eadem
233 1203 324 1269 verba
341 1223 432 1289 supra
457 1205 666 1290 praemiserat,
697 1203 737 1267 de
774 1202 851 1268 Filio
890 1203 1024 1266 beminis

108 1289 250 1355 crucifixo
274 1293 386 1356 dicens:
413 1291 498 1358 Sicut
520 1293 642 1377 Moyses
675 1291 823 1356 exaltavit
856 1301 1028 1373 ecr'perttem

108 1380 138 1442 iu
160 1380 291 1454 decerto,
306 1383 351 1444 ita
374 1393 493 1464 oportet
515 1383 651 1446 eraulturi
684 1381 797 1446 Filiam
830 1380 971 1456 baccinis,
994 1391 1030 1444 ut

106 1470 204 1532 omnic
226 1470 279 1553 qui
293 1471 391 1533 credit
414 1473 447 1534 in
470 1472 583 1556 ipsunt,
605 1489 668 1533 uon
688 1481 807 1549 pereat,
839 1470 895 1532 aed
916 1467 1030 1533 babeat

109 1558 207 1622 citum
228 1570 399 1636 aeternam,
425 1560 513 1638 lbid,
536 1559 648 1624 lli-lb.
674 1559 708 1622 lit
723 1558 884 1644 Apostolus
897 1570 1029 1621 mortem

106 1645 215 1711 Christi
250 1647 397 1712 indicium
435 1650 557 1713 divinae
594 1647 766 1712 dilectionis
800 1646 839 1711 ad
875 1646 1026 1711 mnndum

107 1755 174 1800 csse
197 1735 339 1811 ostendit,
363 1735 478 1802 diceus:
505 1737 707 1802 Corumeudut
728 1755 818 1799 ruam
845 1736 1028 1798 charitatem

106 1821 193 1890 Deus
208 1826 240 1887 iu
262 1823 360 1908 nabin
383 1830 539 1910 quioniam,
549 1846 616 1889 cum
640 1825 926 1907 adiracpcccctorer
947 1842 1028 1886 erte·
1079 1831 1086 1851 ·

57 1911 66 1928 ⁶
106 1933 186 1993 mur,
208 1914 374 1978 secundum
399 1925 517 2001 tempus
543 1915 681 1978 ditrictae
702 1931 761 1997 pre
779 1911 867 1976 aubis
888 1923 1028 1976 mortuas

108 2014 164 2081 est,
188 2002 286 2079 llam,
310 2003 341 2079 li,
365 2005 432 2071 8-9.
457 2005 548 2070 Recte
579 2004 670 2088 igitur
708 2002 767 2065 dici
807 2016 904 2088 potest
942 2006 1027 2087 quod

91 2090 245 2161 Verbum
267 2091 327 2155 Dei
352 2093 435 2159 Deus
457 2095 496 2158 sit
518 2112 626 2179 passus
649 2104 679 2156 et
701 2103 852 2155 mortuus.

152 2186 158 2198 “
175 2180 261 2259 ltem,
285 2180 326 2246 Er
349 2181 406 2246 hoc
431 2182 544 2247 dicitur
567 2181 677 2267 aliquis
700 2179 779 2245 filius
813 2177 942 2263 alicujus
961 2198 1030 2243 ma·

106 2269 159 2333 tris
183 2270 252 2355 quia
276 2289 387 2356 corpus
410 2271 477 2355 ejus
501 2290 538 2335 ex
566 2290 601 2333 ea
641 2270 783 2345 sumitur,
820 2268 891 2333 licet
928 2268 1030 2331 anima

108 2370 332 2423 transumatur
355 2378 391 2423 cx
415 2374 512 2423 matre
540 2358 594 2423 sed
618 2358 658 2421 ab
681 2357 826 2423 exteriori
841 2356 890 2421 sit.
914 2354 1032 2442 Corpus

108 2458 213 2511 autem
236 2446 317 2511 illius
340 2447 474 2511 bominis
509 2468 545 2511 er
582 2447 700 2529 virgine
738 2457 836 2509 matre
874 2460 1030 2531 sumptum

109 2549 166 2611 est3
189 2550 346 2599 ostensum
369 2550 414 2601 est
438 2549 541 2600 autem
564 2554 675 2619 eorpus
698 2532 778 2597 illius
807 2532 942 2597 hominis
964 2552 1032 2598 esse

109 2644 223 2710 eorpus
247 2624 298 2688 filii
323 2624 379 2687 Dei
404 2624 561 2698 naturalis,
584 2621 663 2685 idest
696 2620 790 2688 Verbi
813 2620 882 2685 Dei.
915 2620 1040 2686 nonve»

109 2718 233 2777 nlenten
255 2711 347 2795 igitur
370 2713 480 2777 dieitur
502 2710 585 2795 quod
610 2710 698 2775 beata
729 2709 821 2793 Virgo
858 2706 897 2773 sit
933 2722 1031 2776 mater

109 2800 202 2867 Verbi
227 2800 294 2877 Dei,
319 2816 347 2864 et
371 2802 463 2865 etiam
498 2802 566 2879 Dei,
605 2800 676 2864 licet
710 2798 852 2862 divinitas
886 2796 976 2864 Verbi
1012 2820 1029 2863 a

109 2903 210 2955 matre
234 2910 294 2953 nou
318 2904 467 2969 somatum
490 2912 552 2955 non
577 2890 661 2953 enim
685 2898 807 2973 oportet
844 2888 927 2973 quad
949 2887 1032 2953 lilius

111 2988 210 3042 tutum
234 2978 316 3063 quud
340 2993 385 3043 cst
408 2979 447 3043 de
470 2999 524 3044 sua
548 2976 717 3043 substantia
741 2996 758 3040 a
788 2989 885 3040 matre
919 2991 1033 3054 sumat,

109 3066 166 3131 scd
190 3066 432 3153 solum-eorpus.
569 3086 571 3089 ·

179 3155 325 3238 Amplius,
360 3155 521 3243 Apostolus
560 3154 644 3219 dicit:
677 3152 763 3219 tristi
797 3152 880 3216 Deus
917 3152 1034 3218 Filium

110 3262 201 3308 auum
222 3245 338 3328 fuctum
362 3266 398 3309 eu
421 3246 561 3322 muliere,
585 3244 694 3321 Galat,
730 3244 761 3319 l,
797 3240 828 3317 t;
850 3260 888 3305 ex
921 3242 1034 3326 quibus

111 3331 214 3395 verbis
237 3333 406 3397 ostenditur
428 3333 558 3419 qualiter
580 3333 685 3396 missio
709 3330 775 3397 Filii
803 3329 861 3393 Dei
883 3329 923 3394 sit
946 3330 1034 3396 intel·

111 3420 246 3505 liganda.
271 3422 313 3485 llo
337 3424 419 3486 enirn
443 3424 553 3486 dieitur
587 3422 699 3485 missus
732 3419 816 3506 quod
855 3417 952 3483 iaetus
986 3436 1031 3486 est

111 3526 151 3573 ex
174 3510 314 3591 muliere3
336 3511 418 3599 quod
447 3512 572 3598 quidem
596 3530 703 3576 rerum
738 3525 893 3574 essenon
917 3524 1031 3594 posset,
1100 3539 1104 3545 ¹
