2484 3975
398 247 452 291 uro.
476 249 514 294 ιν.
539 244 602 290 cur.
624 241 727 289 xxxta.
865 281 871 288 ,
955 215 1016 280 ibit

164 314 280 392 Adhuc,
303 315 336 379 Ei
359 318 411 401 qui
435 317 587 402 originem
623 312 717 378 hahet
754 327 791 372 er
830 303 947 371 mundo
986 318 1018 369 et

100 425 162 470 non
186 403 242 468 suit
264 418 428 490 antequam
451 420 531 470 esset
555 403 585 467 in
624 397 742 465 mundo
780 414 843 460 non
876 394 1020 459 convenit

101 493 206 558 venire
229 493 259 558 iu
284 493 446 558 muudum.
471 492 532 557 Sed
556 491 652 555 homo
685 484 824 552 Christus
845 481 1018 547 seeundum

98 601 226 646 earnem
249 582 401 666 originem
425 582 519 647 habet
541 600 578 646 ex
601 574 811 659 mundaque
829 591 936 638 verum
952 591 1021 635 cor·

99 691 156 756 pus
180 670 351 736 humanum
375 686 405 734 et
443 685 600 736 terrenum
635 666 753 746 habuit,
791 673 824 728 ut
861 672 1019 725 ostensum

99 770 146 823 est
169 763 220 846 (o.
244 757 327 842 17);
350 759 521 825 seeundum
544 758 682 823 animam
705 775 779 820 vero
801 770 865 838 non
887 748 944 814 fuit
965 767 1020 812 an·

99 860 226 931 tequam
249 860 330 912 esset
352 849 382 912 in
406 848 533 924 mundo;
550 845 751 912 habuitenim
765 860 870 906 reram
885 838 1022 902 animam

101 936 282 1012 humanam,
308 935 347 1000 de
369 936 455 1019 eujus
478 951 586 1000 natura
609 949 701 1000 estut
723 953 785 998 non
800 931 840 994 sit
854 940 1020 1011 antequam

101 1023 225 1108 corpori
249 1024 379 1089 uniatur.
404 1024 593 1109 Relinquitur
615 1025 708 1109 igitur
730 1018 814 1109 quod
845 1013 1020 1082 hominiihi
1076 1064 1078 1068 .

103 1131 140 1175 ex
162 1127 225 1176 sua·
240 1112 428 1188 humanitate
451 1133 514 1178 non
536 1114 699 1179 conveniat
736 1109 841 1174 venire
875 1108 906 1170 in
930 1124 1020 1168 mun-

103 1199 189 1264 dum.
230 1200 294 1286 ipse
327 1217 430 1267 autem
464 1223 498 1268 se
531 1202 603 1268 dicit
637 1204 757 1267 venisse
790 1199 822 1262 in
855 1193 1018 1259 mundum:

103 1287 204 1361 Ear‘ui,
227 1288 333 1373 inquit,
356 1312 377 1356 u
399 1291 505 1370 Patre,
528 1302 557 1355 et
578 1293 648 1355 oeni
670 1293 703 1355 in
726 1287 883 1360 mundum,
897 1284 1020 1358 Joann„

103 1376 155 1454 16,
177 1376 229 1442 98.
253 1378 444 1444 Manifestum
467 1393 513 1445 est
535 1380 628 1463 igitur
649 1379 733 1466 quod
757 1376 788 1441 id
811 1375 895 1461 quoti
917 1371 1019 1437 Verbo

102 1465 160 1529 Dei
182 1469 324 1532 convenit
346 1468 384 1533 de
407 1470 533 1534 homine
545 1469 597 1533 illo
620 1468 731 1534 dieitur
754 1485 835 1540 vere3
851 1461 1021 1546 namquod

103 1553 205 1619 Verbo
228 1555 285 1620 Dei
308 1559 468 1622 conveniat
490 1559 595 1622 uenire
611 1557 643 1622 in
677 1555 830 1621 mundum
863 1549 1024 1616 manifeste
1094 1550 1096 1557 '

103 1642 236 1708 ostendit
257 1646 390 1712 loannes
415 1647 614 1731 Euangeliou,
637 1644 752 1710 dicens:
777 1643 813 1707 1η
842 1641 957 1706 inundo
994 1661 1025 1702 e·

103 1741 157 1796 rot
178 1743 207 1794 et
229 1735 361 1798 mundus
381 1755 439 1818 per
476 1736 577 1818 ipsum
614 1735 714 1817 faetus
748 1742 794 1798 est
816 1734 857 1814 {et
895 1728 1026 1793 rotradus

103 1840 174 1884 eum
195 1840 255 1886 non
279 1824 474 1906 suppositio
493 1825 628 1908 proprio
648 1823 742 1901 vertit,
765 1831 820 1886 ete.
849 1821 972 1895 loona,
997 1817 1027 1894 1,

107 1907 217 1974 ttt-tt.
241 1909 370 1995 Oportet
393 1913 485 1998 igitur
509 1933 676 2001 personam
698 1924 728 1976 et
762 1909 951 1997 hypostasim
991 1906 1027 1970 ii-

104 1997 321 2153 ixpasbhogtinis
343 2003 495 2089 loquentis
518 2023 587 2069 esse
611 2022 778 2091 personam
793 2012 823 2063 et
836 1998 1027 2085 hypostasim

132 2106 198 2152 err
251 2109 289 2156 er.

172 2176 259 2251 hem,
281 2179 442 2266 Apostolus
466 2179 548 2245 dieit:
571 2180 749 2264 lnpredietts
764 2179 914 2243 mundum
938 2176 1024 2241 dicit:

105 2263 301 2333 Hostiomet
321 2268 507 2332 oblationem
540 2269 677 2345 noluisti,
710 2288 821 2352 eorpus
853 2277 957 2331 uatem
990 2286 1024 2329 o·

104 2357 204 2437 ptusti
225 2357 312 2433 mihi,
335 2356 436 2433 Heba,
462 2358 513 2436 10,
537 2357 565 2421 5.
592 2357 769 2441 ingrediens
803 2370 907 2421 autem
930 2374 1023 2419 mun·

105 2441 182 2507 dum
205 2443 340 2509 Verbum
365 2444 420 2509 Dei
442 2460 498 2523 est,
520 2459 552 2509 ut
575 2458 732 2511 ostensum
755 2457 810 2509 est.
848 2444 909 2532 ipsi
947 2462 1022 2527 ergo

107 2530 164 2594 Dei
188 2531 289 2599 Verbo
312 2554 423 2619 eorpus
447 2546 576 2618 aptatur,
600 2548 633 2598 ut
653 2533 768 2599 seilicet
788 2534 827 2598 sit
844 2534 1024 2619 =proprium

106 2638 219 2704 eorpus
241 2621 318 2705 ejus3
341 2621 424 2707 quod
448 2620 507 2685 diei
531 2642 592 2685 non
617 2637 728 2707 posset,
765 2621 822 2687 nisi
856 2635 936 2686 esset
970 2642 1023 2686 ea·

107 2707 180 2773 dem
205 2712 377 2797 hypostasis
400 2709 491 2776 Verbi
516 2709 571 2775 Dei
595 2723 625 2775 et
647 2711 727 2776 iliius
757 2710 900 2775 hominis.
924 2709 1025 2797 Opor-

108 2808 151 2861 tet
164 2796 255 2882 igitur
277 2819 345 2865 esse
379 2797 522 2865 eamdem
554 2799 744 2887 hypostasim
780 2801 836 2865 Dei
871 2799 961 2867 Verbi
995 2814 1026 2865 et

108 2884 191 2953 iilius
214 2888 358 2955 hominis.

178 2978 325 3065 Amplius,
348 2975 457 3043 Omnis
482 2978 609 3043 mutatio
633 2976 681 3041 vei
704 2977 804 3061 passio
839 2979 1025 3043 eonrenieos

106 3070 229 3154 oorpori
254 3064 382 3150 attoujus
405 3074 503 3148 potest
526 3066 651 3131 attribui
674 3066 702 3130 ei
725 3067 814 3152 eujus
837 3079 883 3131 est
905 3086 1028 3152 eorpus;

108 3160 133 3225 si
158 3158 240 3223 enim
264 3175 374 3241 eorpus
398 3154 478 3221 Petri
501 3155 680 3220 vulneretur
702 3153 875 3239 flagelletur
897 3168 1029 3219 autmo-

109 3248 216 3323 riatur‚
238 3257 336 3332 potest
358 3243 416 3309 diei
451 3243 534 3328 quod
569 3243 677 3309 Petrus
715 3245 893 3309 vulneratur
923 3242 1031 3327 slago!-

111 3336 192 3401 latur
215 3347 267 3399 aut
289 3334 427 3397 moritur.
452 3332 512 3397 Sed
543 3352 655 3418 eorpus
692 3331 772 3397 iliius
806 3331 940 3397 hominis
975 3331 1031 3397 fuit

112 3443 224 3510 eorpus
247 3422 338 3488 Verbi
361 3421 429 3499 Dei,
456 3434 489 3487 ut
525 3434 683 3487 ostensum
719 3434 774 3486 est.
814 3422 893 3506 Ergo
930 3422 1031 3485 omnis

114 3513 214 3599 passio
237 3510 369 3599 quaein
406 3530 536 3599 torpore
569 3509 650 3577 illius
688 3509 823 3577 hominis
856 3509 934 3578 saeta
971 3508 1027 3576 fuit
