2484 3975
429 239 475 284 ura
510 240 547 285 tv.
572 237 635 284 etr.
659 240 717 284 xiv.
976 216 1019 282 73

101 311 221 379 solvere
243 328 322 395 uuae
345 308 425 373 circa
448 310 680 393 generationem
712 306 846 375 divinum
884 300 1021 375 dimont-

101 414 194 469 tetem
219 398 328 466 allerre
341 447 343 459 ,
356 396 547 463 videbantur.

167 492 235 557 lnrn
258 488 340 554 enim
364 506 401 551 ex
424 485 512 551 dictis
535 497 617 571 patet
639 484 724 571 quod
746 484 778 550 in
804 482 872 549 Deo
894 503 1022 568 genera·

103 579 219 645 tionem
244 574 469 659 intelligibilem
501 575 656 658 ponimus,
690 594 754 639 non
792 586 895 639 autem
930 572 1023 639 talem

103 668 202 754 qualis
225 679 271 732 est
294 666 324 731 in
349 661 561 731 materialibus
584 663 689 738 rebus,
712 680 842 749 quarum
866 663 1024 748 generatio

103 758 233 821 mutatio
271 752 424 839 quaedam
446 765 507 817 est
543 752 733 838 corruptioni
767 752 918 838 opposita3
952 749 1025 835 quia

80 864 207 928 „neque
229 842 359 909 verbum
383 841 422 919 in,
437 839 592 906 intellectu
615 854 720 906 nostro
742 832 938 926 eum‘aliqoa
955 858 1025 905 rnu-

105 933 221 997 tatione
242 930 423 1015 concipitur,
448 948 505 994 nec
528 927 621 1019 habet
644 929 818 1016 oppositam
852 929 1023 1014 corruptio-

106 1040 191 1098 nem3
214 1020 263 1087 cui
280 1019 406 1104 quidem
432 1018 624 1103 conceptioni
648 1018 781 1083 similem
797 1036 866 1083 cese
887 1017 953 1083 Filii
967 1017 1025 1083 Dei

104 1109 338 1193 generationem
358 1105 422 1192 jani
447 1120 528 1193 patet
552 1126 590 1173 ex
614 1106 712 1172 dictis.
748 1104 896 1173 Similiter
933 1106 1025 1173 etiam

106 1197 236 1263 verbum
260 1195 343 1281 quod
366 1197 396 1261 in
421 1211 525 1261 mente
549 1208 654 1261 nostra
677 1194 850 1281 coneipitur
878 1216 941 1260 nou
965 1197 1026 1262 erit

108 1285 148 1351 de
170 1286 304 1372 potentia
322 1286 352 1349 in
376 1297 492 1361 aetum,
515 1284 575 1349 nisi
600 1296 752 1370 quatenus
776 1282 948 1349 intellectus
969 1304 1026 1349 no·

106 1388 170 1439 ster
191 1374 329 1462 procedit
351 1373 390 1437 de
416 1372 549 1459 potentia
575 1372 605 1437 in
631 1384 745 1450 actum3
768 1391 825 1437 nec
841 1385 943 1438 tamen
958 1393 1026 1439 ver-

104 1462 180 1529 bum
204 1463 302 1529 oritur
325 1482 361 1527 ex
389 1460 547 1526 intellectu
571 1474 690 1538 nostro,
725 1459 783 1525 nisi
806 1473 897 1547 prout
927 1462 1027 1527 existit

105 1552 137 1617 in
162 1562 242 1626 actu3
265 1550 358 1617 simul
382 1564 485 1615 autem
510 1569 581 1615 curn
608 1550 639 1613 iu
677 1564 747 1616 actu
782 1550 892 1629 existit,
925 1552 1026 1615 estin

106 1660 145 1705 eo
168 1641 296 1706 verbum
320 1650 515 1723 conceptum.
556 1637 728 1703 intellectus
764 1651 870 1704 autem
905 1638 1027 1706 divinus

107 1748 268 1814 nunquam
303 1728 403 1792 estin
427 1725 651 1813 potentia,sed
675 1726 775 1792 solum
814 1726 846 1791 in
879 1739 960 1804 aetu,
993 1739 1027 1793 ut

108 1837 203 1902 supra
227 1830 385 1883 ostensum
411 1831 466 1881 est.
490 1812 656 1880 Generatio
679 1815 773 1900 igitur
805 1814 898 1882 Verbi
932 1815 1028 1901 ipsius

108 1923 173 1971 nou
197 1918 244 1971 est
265 1903 436 1971 seeundum
460 1902 637 1972 exitumde
673 1903 808 1990 potentia
845 1902 876 1968 in
914 1917 1027 1983 actutu,

109 1993 165 2060 sed
188 1993 266 2060 sicut
289 1995 385 2059 orittrr
407 2014 445 2059 ex
468 2005 535 2058 actu
559 2006 661 2079 aetus⁸
678 2005 712 2059 ut
734 1991 882 2078 splendor
897 2012 935 2058 ex
957 1993 1028 2060 luce

109 2094 140 2148 ει
163 2083 240 2148 ratio
264 2081 415 2148 intellecto
440 2101 477 2145 ex
500 2081 657 2146 intellectu
680 2083 710 2148 in
734 2094 815 2149 actu.
831 2081 919 2147 Unde
934 2083 1026 2148 ctiam

110 2184 237 2258 apparet
260 2170 341 2257 quod
365 2169 523 2255 generatio
548 2189 609 2234 non
641 2168 785 2256 probibet
822 2170 879 2236 Dei
916 2171 1028 2238 Filium

110 2279 308 2326 essetecum
332 2259 434 2325 Deum
458 2272 509 2322 out
525 2259 626 2345 ipsum
649 2278 717 2324 esse
757 2272 930 2334 aeternum
953 2260 1029 2344 quin

112 2347 211 2432 magis
234 2367 359 2414 necesse
381 2359 428 2412 est
451 2347 551 2432 ipsum
575 2365 643 2410 esse
666 2361 864 2413 coaeternum
888 2346 955 2413 Deo
976 2367 1029 2412 cu·

110 2433 162 2521 jus
184 2448 230 2503 est
251 2435 400 2512 Verbum,
422 2435 492 2522 quia
516 2435 688 2502 intellectus
710 2436 743 2501 in
775 2448 846 2502 ectu
868 2455 1029 2521 uunquam

113 2538 160 2590 εει
181 2523 248 2589 sine
270 2523 375 2590 verbo.
1068 2540 1073 2548 ’

179 2612 225 2688 Et,
241 2613 312 2698 quia
335 2611 402 2677 Filii
425 2610 482 2676 Dei
507 2610 666 2695 generatio
689 2633 753 2678 non
776 2623 823 2677 est
853 2611 1032 2692 materialis,

113 2699 169 2768 sed
192 2700 400 2786 intelligibilis,
425 2700 516 2766 stulte
535 2698 600 2783 jorn
617 2700 775 2781 dubitatur
796 2701 821 2767 si
833 2699 925 2766 Pater
937 2714 1032 2767 totam

113 2803 255 2856 naturam
280 2789 363 2855 dedit
386 2801 437 2854 aut
470 2801 599 2875 partem.
632 2788 825 2856 Manifestum
865 2803 912 2857 cst
948 2791 1031 2856 eninr

114 2878 211 2964 quod,
234 2878 258 2944 si
270 2878 355 2944 Deus
377 2898 411 2946 se
435 2875 584 2961 intelligit,
606 2890 727 2964 oportet
748 2877 832 2964 quod
857 2892 920 2945 tota
936 2878 1033 2965 pleni·

77 2999 78 3004 ε
115 2966 191 3032 tudo
214 2967 308 3053 ipsius
330 2968 521 3033 contineatur
545 2967 575 3030 in
600 2966 713 3033 Verbo.
747 2967 811 3033 Nec
834 2982 938 3035 tamen
961 2967 1034 3034 sub·

115 3056 226 3120 stantia
249 3055 325 3120 Filio
346 3055 415 3121 data
438 3055 549 3120 desinit
568 3073 637 3118 esse
667 3057 698 3120 in
733 3055 833 3124 Patre:
868 3057 941 3143 quia
976 3077 1035 3122 nec

117 3144 209 3210 etiam
233 3142 315 3230 opud
338 3165 395 3210 nos
418 3143 527 3208 desinit
550 3162 617 3207 esse
640 3146 763 3231 propria
801 3158 910 3212 natura
945 3145 976 3209 in
1001 3165 1036 3210 re

118 3251 199 3317 quiae
222 3230 409 3317 intelligitur,
432 3251 468 3298 er
493 3233 552 3298 hoc
574 3231 657 3316 quod
692 3233 822 3299 verbum
854 3232 951 3298 nostri
990 3232 1035 3298 in·

118 3319 259 3388 tellectus
283 3341 319 3388 ex
342 3321 407 3408 ipsa
430 3340 464 3384 rc
487 3320 639 3386 intellecta
664 3319 758 3386 babet
788 3332 821 3384 ut
859 3319 1034 3407 intelligibi-

119 3408 191 3478 liter
212 3409 354 3474 eamdem
377 3422 517 3474 naturam
541 3429 672 3476 numero
693 3409 858 3475 contineat.

188 3496 231 3566 Ex
254 3496 312 3564 hoc
334 3509 439 3568 autern
462 3496 545 3586 quod
570 3497 674 3566 divina
708 3498 867 3586 generatio
889 3517 951 3566 non
991 3514 1036 3568 est
