2484 3975
207 201 271 266 600
582 219 753 264 oroscuttu
782 257 789 266 .

205 291 259 354 sed
283 301 329 354 εει
352 307 495 354 mensura
520 309 627 354 earum
651 302 780 353 tantum.
805 287 838 352 ln
862 299 946 351 motu
970 305 1043 351 vero
1067 285 1133 371 pri-

206 400 257 442 mo
280 392 326 442 est
348 378 425 442 sicut
449 378 478 442 in
503 377 651 463 subjecto,
667 390 697 441 et
712 377 751 442 ab
769 375 821 441 illo
846 374 938 439 babet
963 375 1130 439 transitum

206 487 261 551 per
277 480 428 544 naturam,
451 465 522 550 quia
545 465 719 550 subjectum
742 464 810 548 ejus
833 477 878 529 cst
901 484 971 528 eum
994 463 1130 528 essentia

206 569 307 620 motus
331 555 408 620 siout
432 557 461 618 in
486 555 620 640 quodam
656 555 795 619 transitu.
818 554 853 618 Et
886 552 967 627 ideo,
1001 551 1130 637 quando

206 643 404 728 intelligimus
421 643 543 730 aliquod
561 643 756 720 indivisibile,
772 656 843 728 puta
857 640 890 719 Α,
907 654 1028 726 oportet
1043 641 1129 726 quod

207 734 306 818 ipsum
325 733 426 798 solum
450 731 541 796 simul
564 732 779 815 intelligamus,
813 749 884 795 cum
919 751 980 795 non
1017 730 1131 794 babeat

206 820 279 908 quid
304 823 387 907 prius
410 835 440 886 et
463 821 536 906 quid
560 822 712 907 posterius
745 819 940 902 intelligatuq
975 831 1021 882 est
1043 818 1131 882 carim

206 909 399 986 indivisibilc;
422 911 447 974 si
471 929 593 974 morose
616 909 815 992 intelligatur,
831 923 862 972 ει
877 908 1015 990 quiescat
1039 906 1131 972 intel-

207 998 305 1064 lectus
338 999 414 1064 illud
449 997 648 1081 intelligendo
682 1011 712 1060 et
744 997 783 1062 ud
817 997 901 1061 aliud
934 1016 997 1061 non
1031 1010 1129 1059 trans-

205 1089 319 1161 eundo,
343 1108 485 1152 mensura
509 1088 636 1152 actionis
659 1102 782 1151 nostrae
820 1085 938 1150 nullum
964 1084 1128 1149 transitum

206 1176 340 1254 babebit,
363 1197 434 1241 cum
458 1176 522 1261 ipsa
545 1177 583 1241 sit
605 1189 667 1240 tota
691 1174 795 1249 simul;
812 1187 920 1238 natura
938 1173 1022 1238 enim
1038 1193 1130 1238 meu·

205 1285 294 1328 surae
318 1266 499 1330 intrinsecae
522 1278 568 1328 est
601 1264 677 1329 nibil
711 1265 852 1348 accipere
886 1285 902 1327 a
938 1275 1129 1327 mensurato.

206 1353 343 1438 Tempus
378 1367 479 1418 sutem
514 1366 559 1417 est
593 1373 738 1417 mensura
773 1353 940 1416 extrinseca
976 1353 1130 1427 omnium,

206 1457 420 1527 praeterquam
444 1442 529 1506 istius
552 1453 670 1506 tantum
695 1442 726 1505 in
749 1460 811 1526 quo
834 1454 879 1504 εει
901 1443 978 1505 εἰευι
1001 1439 1032 1503 in
1057 1439 1129 1504 sub

201 1532 294 1614 jecto,
318 1545 347 1595 ει
371 1530 453 1596 idem
476 1543 522 1594 est
546 1544 648 1594 motus
671 1529 798 1615 primus.
824 1529 885 1593 Erit
909 1549 984 1612 ergo
1019 1529 1129 1594 transi-

207 1635 265 1696 tus,
289 1619 414 1704 quando
439 1619 637 1703 intelligimus
660 1619 783 1703 aliquod
808 1617 1001 1694 indivisibile,
1025 1638 1130 1682 nona

205 1721 292 1793 parte
315 1709 442 1773 actionis
474 1722 595 1772 nostrae
630 1721 771 1772 causatus
805 1707 835 1770 in
874 1707 940 1790 ipso
978 1721 1130 1794 tempore,

205 1818 276 1862 curn
301 1798 331 1861 in
356 1818 393 1862 oo
416 1796 492 1861 nibil
523 1810 665 1861 causetur
700 1795 756 1860 nisi
779 1818 796 1860 a
820 1795 958 1880 subjecto
991 1795 1129 1882 proprio,

206 1885 261 1950 sed
285 1907 302 1952 a
327 1899 411 1972 parte
435 1886 531 1970 ipsius
555 1885 700 1971 temporis
723 1885 865 1971 applicati
881 1885 1051 1950 actionibus
1075 1903 1130 1948 no-

205 1975 274 2039 stris
298 1990 453 2059 tamquam
490 1994 634 2039 mensura
669 1990 857 2048 mensurato,
891 1989 921 2037 et
955 1994 1017 2038 non
1052 1986 1131 2037 tam·

206 2084 300 2149 quam
323 2064 463 2129 accidens
480 2062 627 2149 subjecto.
645 2062 721 2128 Cum
735 2078 837 2128 autem
855 2061 989 2147 Angelus
1004 2062 1129 2146 aliquod

206 2174 302 2217 unum
327 2153 468 2237 intelligit
492 2172 625 2230 morose,
641 2152 744 2217 nullus
767 2153 910 2217 transitus
934 2165 989 2225 cst,
1013 2151 1068 2216 sed
1084 2164 1131 2215 εει

207 2262 266 2305 una
292 2242 439 2327 particula
463 2242 557 2325 ipsius
581 2242 729 2327 temporis
751 2240 942 2305 lndivisibilis
958 2260 1020 2324 quo
1042 2260 1129 2304 men·

205 2344 328 2395 suratur
362 2331 439 2395 actio
463 2329 540 2414 ojus,
574 2350 807 2415 quaecumquae
842 2350 929 2394 mora
967 2327 1059 2393 luerit
1097 2329 1128 2393 in

210 2418 285 2483 illud
325 2418 534 2503 intelligendo.
558 2418 626 2484 Non
664 2418 747 2483 enim
786 2418 899 2503 aliquid
938 2415 1129 2494 continuum,

206 2528 314 2585 unum,
327 2505 490 2579 uniforme,
511 2519 556 2571 est
573 2506 732 2571 transitum
749 2507 877 2583 babens,
894 2507 982 2590 cujus
1007 2520 1129 2589 tempus

205 2595 278 2660 illud
303 2597 340 2661 sit
364 2616 507 2660 mensura
532 2608 560 2660 et
583 2594 737 2672 accidens,
760 2609 793 2659 ut
816 2595 896 2680 apud
921 2616 987 2667 nos;
1003 2608 1033 2657 et
1055 2594 1128 2658 ideo

115 2766 119 2772 Ι
206 2685 372 2771 particulae
396 2684 476 2749 illius
500 2685 648 2769 temporis
672 2704 734 2747 non
751 2683 865 2747 babent
882 2684 1053 2758 transitum,
1069 2702 1127 2748 uec

206 2794 222 2836 a
255 2788 339 2859 parte
355 2768 594 2857 ibtelligibilium
611 2772 668 2837 sibi
685 2772 927 2845 succedentium,
943 2792 1013 2836 oum
1030 2791 1129 2835 unum

206 2861 320 2947 aliquid
345 2860 527 2926 indivisibile
551 2861 748 2945 intelligatur,
777 2881 874 2924 neca
899 2872 984 2945 parte
999 2858 1128 2944 alicujus

205 2950 334 3036 subjecti
373 2948 459 3034 cujus
498 2950 657 3014 existentia
681 2963 726 3013 est
749 2951 778 3013 in
803 2950 949 3013 continuo
988 2961 1075 3012 motu
1098 2961 1129 3012 et

208 3042 347 3116 transitu;
370 3038 429 3103 boc
452 3052 554 3102 autom
579 3038 830 3121 imaginationem
870 3051 1006 3101 nostram
1046 3049 1128 3101 tran·

206 3128 335 3202 scendit,
358 3126 427 3212 quia
454 3126 630 3211 imaginatio
653 3140 756 3190 nostra
773 3147 835 3189 non
854 3125 1040 3190 transcendit
1054 3145 1127 3189 con·

206 3218 326 3282 tinuum
351 3231 381 3281 et
404 3231 534 3301 tempus.
559 3214 624 3279 Una
647 3234 722 3299 ergo
749 3214 897 3301 particula
935 3213 1128 3279 indivisibilis

207 3306 288 3371 illius
312 3304 458 3391 temporis
483 3323 608 3367 manere
632 3317 730 3389 potest
752 3323 823 3368 eum
858 3302 955 3367 multo
989 3316 1128 3387 tempore

208 3410 322 3467 nostro,
346 3394 434 3478 cujus
459 3404 560 3455 tamen
584 3406 685 3476 partes
718 3391 761 3455 illi
795 3392 961 3476 particulae
994 3410 1130 3455 comma·

208 3500 281 3547 nere
307 3502 369 3545 non
393 3495 532 3567 possunt,
571 3498 629 3545 nec
668 3494 770 3545 tamen
793 3493 918 3567 propter
941 3480 1001 3545 bos
1030 3491 1076 3544 est
1098 3479 1129 3543 in
