2484 3975
408 232 463 277 arn.
488 233 527 279 nr.
551 232 614 282 cnr.
639 234 758 283 urrann
981 216 1048 287 315

127 300 190 369 alia
214 300 271 367 urit
295 298 508 369 immortalitas
531 316 561 370 et
584 304 774 389 incorruptio
808 308 1049 389 resurgentium,

123 403 159 459 et
183 388 241 459 alio
265 408 346 473 quaa
368 387 424 455 luit
447 389 477 455 in
502 391 609 459 Adam.
635 392 840 475 Resurgentes
878 393 963 461 euim
1003 397 1049 465 sie

127 476 319 547 immortales
342 491 432 547 erunt
453 492 484 546 et
515 480 761 566 incorruptibiles
798 494 831 545 ut
865 484 945 551 mori
984 503 1047 552 uon

127 566 246 653 possint
280 585 338 635 nec
360 586 398 633 ex
422 586 530 635 eorum
553 568 735 654 corporibus
773 568 892 655 aliquid
926 571 1049 650 resolvis

127 654 226 721 Adara
249 668 352 721 autem
375 656 418 721 sic
441 654 497 723 luit
519 656 860 744 immortalisutposset
882 661 1050 737 conmori,
1163 739 1165 742 ¹

123 746 154 809 si
178 763 239 808 non
264 758 414 829 peccaret,
436 759 465 811 et
489 759 590 831 posset
613 745 704 823 mori,
725 747 750 814 si
774 762 966 833 peecaretset
980 748 1049 833 ejus

124 832 342 901 immortalitas
364 833 407 897 sic
430 834 603 903 conservari
628 848 758 919 poterat,
782 855 845 901 non
860 835 944 921 qrrod
969 836 1047 907 niltil

122 919 333 991 resolveretur
355 920 394 987 ab
416 919 483 1005 ejus
507 942 649 1009 corpore,
671 923 726 990 sed
751 938 784 989 ut
807 938 913 990 contra
931 926 1051 991 resolu-

126 1010 244 1074 tionem
269 1008 389 1073 lrumidi
413 1010 559 1075 naturalis
593 1012 620 1075 ei
660 1012 815 1078 subveniri
855 1026 958 1098 posset
994 1034 1049 1098 pet·

123 1098 268 1167 ciborum
293 1098 547 1183 assumptionem,
571 1118 609 1167 ne
633 1100 672 1167 nd
689 1101 920 1187 corruptionem
935 1122 1048 1189 corpus

126 1186 199 1273 ejus
223 1186 406 1273 perveniret.

194 1275 240 1339 lle
263 1274 385 1341 Christo
408 1288 512 1343 antem
536 1275 702 1349 dicendum
725 1291 770 1342 est
794 1276 877 1362 quod
902 1292 969 1363 post
998 1299 1047 1343 re,

124 1362 350 1431 surrectionem
384 1364 529 1442 comedit,
564 1385 627 1432 nou
662 1379 788 1451 propter
822 1367 1046 1447 necessitatem,

123 1452 180 1517 sed
204 1453 242 1521 nd
265 1452 538 1521 demonstrandam
562 1473 638 1521 suae
669 1455 902 1522 resurrectionis
936 1458 1045 1524 verita-

123 1554 200 1618 tem3
224 1540 306 1609 unde
329 1540 416 1610 cibus
440 1540 492 1611 ille
519 1562 580 1611 non
605 1541 662 1609 luit
684 1543 1044 1622 conversusincarnern,

122 1628 180 1698 sed
203 1629 396 1697 resolutusin
410 1630 639 1714 praejacentem
651 1630 822 1698 materiam.
846 1630 1042 1701 llaeeoutem

119 1738 214 1785 eausa
237 1718 421 1787 comedendi
439 1738 500 1789 non
514 1720 570 1791 erit
586 1719 616 1783 in
633 1719 858 1787 resurreetione
873 1722 1041 1791 communi.

191 1808 391 1875 Auctoritates
414 1827 488 1875 vero
510 1827 592 1892 quaa
614 1806 755 1877 ciborum
780 1828 870 1872 nsum
894 1821 962 1893 post
996 1829 1044 1876 re·

120 1897 347 1963 surrectionem
372 1896 586 1980 repromittere
611 1896 753 1963 videntur
776 1896 973 1982 spiritualiter
995 1898 1043 1963 in·
1091 1906 1097 1919 '

122 1983 308 2070 telligendae
341 1998 421 2050 sunt.
445 1984 600 2071 Proponit¹
616 1985 699 2053 enim
724 1984 813 2053 nobis
833 1984 937 2051 divina
961 1984 1043 2054 Scri-

121 2087 213 2160 ptura
236 2073 435 2157 intelligibilia
459 2075 517 2146 sub
540 2074 743 2144 similitudine
765 2074 970 2154 sensibilium,
1010 2091 1043 2145 ut

121 2162 246 2228 animus
270 2174 375 2227 noster
397 2181 435 2229 es
459 2163 505 2226 lris
528 2183 608 2249 quae
632 2165 716 2228 novit
754 2163 851 2228 disent
889 2164 1042 2248 incognita

121 2270 239 2326 amare3
262 2265 292 2314 et
314 2250 484 2318 seeundum
510 2252 593 2317 lrunc
616 2250 754 2328 modum,
778 2251 940 2316 delectatio
962 2273 1044 2338 quoe

122 2353 169 2402 est
182 2339 211 2402 in
225 2338 485 2424 contemplatione
496 2340 664 2425 sapientiae
680 2354 710 2402 et
722 2341 891 2425 assumptio
908 2342 1043 2410 veritatis

11 2452 15 2458 “
122 2425 322 2510 intelligibilis
334 2427 365 2492 in
378 2428 564 2495 intellectum
580 2442 719 2492 nostrum
735 2448 887 2513 pernsum
899 2430 1040 2495 ciborum

123 2516 155 2580 in
179 2536 266 2584 sacra
290 2515 448 2602 Scriptura
472 2517 631 2586 cousuevit
665 2516 831 2598 designari.
869 2517 1042 2587 secuudum

123 2602 200 2688 illud
224 2605 307 2691 quod
332 2604 371 2672 de
394 2603 548 2690 Sapientia
571 2603 691 2672 elicitur:
715 2604 840 2670 Miscuit
859 2609 975 2684 uiuum,
1011 2618 1044 2674 et

118 2695 285 2776 proposuit
304 2713 444 2758 mensum
467 2713 597 2760 soom...
622 2704 652 2760 et
688 2691 905 2777 insipientibus
940 2695 1043 2762 locuto

122 2793 178 2846 cst:
211 2781 322 2861 Venite,
344 2782 492 2850 comedite
511 2801 627 2866 portem
649 2801 761 2858 meum,
784 2792 814 2846 et
830 2781 921 2846 bibite
936 2785 1045 2852 uinum

121 2871 207 2956 quod
227 2870 337 2936 miscui
358 2867 454 2947 codis,
478 2869 634 2948 Proserb„
657 2871 688 2947 9,
711 2870 780 2949 2-55
803 2883 833 2935 ct
855 2870 975 2962 dieitur:
991 2872 1042 2936 Ci-

122 2957 211 3027 toto
232 2961 321 3026 illurn
346 2957 497 3026 Dominus
519 2978 600 3042 pone
620 2959 703 3023 uitae
726 2970 757 3027 et
792 2958 976 3039 intellectus,
1012 2973 1042 3027 et

121 3067 207 3132 equa
228 3049 399 3132 supientiae
421 3048 570 3112 solutoris
591 3045 713 3129 patrabit
732 3048 834 3123 illum,
856 3047 957 3126 uenti„
987 3049 1041 3127 ld,

122 3137 155 3213 ὅς
178 3135 217 3202 de
240 3137 305 3222 ipsa
328 3136 420 3202 etiam
445 3135 598 3221 Sapientia
632 3134 755 3205 dieitur:
791 3135 923 3219 Lipnuns
958 3138 1042 3202 uitur

121 3235 171 3294 est
191 3225 239 3288 laia
260 3228 313 3309 qni
350 3223 609 3308 apprehenderint
642 3245 724 3298 conss
758 3234 787 3286 et
821 3225 874 3308 qui
911 3227 1043 3290 transterit

123 3332 211 3391 eum,.
228 3312 344 3391 beatus,
366 3312 525 3390 Proceru,
548 3313 580 3392 ὅ,
605 3311 656 3378 ts.
681 3311 747 3380 Nou
761 3312 853 3396 igitur
868 3312 1041 3399 praedictae

120 3403 317 3470 auctoritates
350 3415 482 3490 cogunt!
502 3401 605 3472 dicere
628 3401 712 3490 quod
749 3416 945 3489 resurgentes
965 3403 1044 3474 ciliis

120 3501 258 3560 utantur.
