<?xml version="1.0" encoding="UTF-8"?>
<!DOCTYPE html PUBLIC "-//W3C//DTD XHTML 1.0 Transitional//EN"
    "http://www.w3.org/TR/xhtml1/DTD/xhtml1-transitional.dtd">
<html xmlns="http://www.w3.org/1999/xhtml" xml:lang="en" lang="en">
 <head>
  <title>
</title>
<meta http-equiv="Content-Type" content="text/html;charset=utf-8" />
  <meta name='ocr-system' content='tesseract 3.04.00' />
  <meta name='ocr-capabilities' content='ocr_page ocr_carea ocr_par ocr_line ocrx_word'/>
</head>
<body>
  <div class='ocr_page' id='page_1' title='image "./sanctithomaeaqu01thomgoog_0218.png"; bbox 0 0 2484 3975; ppageno 0'>
   <div class='ocr_carea' id='block_1_1' title="bbox 212 224 1221 3597">
    <p class='ocr_par' dir='ltr' id='par_1_1' title="bbox 221 224 830 293">
     <span class='ocr_line' id='line_1_1' title="bbox 221 224 830 293; baseline 0.008 -5"><span class='ocrx_word' id='word_1_1' title='bbox 221 224 290 288; x_wconf 74' lang='lat' dir='ltr'><strong>utl</strong></span> <span class='ocrx_word' id='word_1_2' title='bbox 538 247 594 291; x_wconf 85' lang='lat' dir='ltr'><strong>rrn.</strong></span> <span class='ocrx_word' id='word_1_3' title='bbox 620 248 658 291; x_wconf 83' lang='lat' dir='ltr'><strong>rr.</strong></span> <span class='ocrx_word' id='word_1_4' title='bbox 684 248 746 292; x_wconf 79' lang='lat' dir='ltr'><strong>cnr.</strong></span> <span class='ocrx_word' id='word_1_5' title='bbox 772 225 830 293; x_wconf 82' lang='lat' dir='ltr'><strong>cin.</strong></span> 
     </span>
    </p>

    <p class='ocr_par' dir='ltr' id='par_1_2' title="bbox 217 316 1157 757">
     <span class='ocr_line' id='line_1_2' title="bbox 224 316 1157 402; baseline 0.008 -25"><span class='ocrx_word' id='word_1_6' title='bbox 224 330 285 377; x_wconf 85' lang='lat' dir='ltr'><strong>rem</strong></span> <span class='ocrx_word' id='word_1_7' title='bbox 309 333 397 397; x_wconf 83' lang='lat' dir='ltr'><strong>spem</strong></span> <span class='ocrx_word' id='word_1_8' title='bbox 421 316 520 398; x_wconf 80' lang='lat' dir='ltr'><strong>magis</strong></span> <span class='ocrx_word' id='word_1_9' title='bbox 543 338 579 381; x_wconf 86' lang='lat' dir='ltr'><strong>ex</strong></span> <span class='ocrx_word' id='word_1_10' title='bbox 603 317 671 380; x_wconf 84' lang='lat' dir='ltr'><strong>Deo</strong></span> <span class='ocrx_word' id='word_1_11' title='bbox 712 317 870 382; x_wconf 86' lang='lat' dir='ltr'><strong>incarnato</strong></span> <span class='ocrx_word' id='word_1_12' title='bbox 896 317 1103 402; x_wconf 73' lang='lat' dir='ltr'>concepisset,</span> <span class='ocrx_word' id='word_1_13' title='bbox 1127 319 1157 384; x_wconf 89' lang='lat' dir='ltr'><strong>si</strong></span> 
     </span>
     <span class='ocr_line' id='line_1_3' title="bbox 219 404 1152 490; baseline 0.006 -24"><span class='ocrx_word' id='word_1_14' title='bbox 219 421 344 467; x_wconf 86' lang='lat' dir='ltr'><strong>earnem</strong></span> <span class='ocrx_word' id='word_1_15' title='bbox 370 404 577 470; x_wconf 76' lang='lat' dir='ltr'><strong>immortalem</strong></span> <span class='ocrx_word' id='word_1_16' title='bbox 602 420 632 469; x_wconf 90' lang='lat' dir='ltr'><strong>et</strong></span> <span class='ocrx_word' id='word_1_17' title='bbox 654 406 875 490; x_wconf 88' lang='lat' dir='ltr'><strong>impassibilem</strong></span> <span class='ocrx_word' id='word_1_18' title='bbox 912 421 942 471; x_wconf 89' lang='lat' dir='ltr'><strong>et</strong></span> <span class='ocrx_word' id='word_1_19' title='bbox 977 407 1152 485; x_wconf 75' lang='lat' dir='ltr'><strong>gloriosam</strong></span> 
     </span>
     <span class='ocr_line' id='line_1_4' title="bbox 218 491 1153 578; baseline 0.005 -23"><span class='ocrx_word' id='word_1_20' title='bbox 218 491 433 575; x_wconf 80' lang='lat' dir='ltr'><strong>assumpsisset</strong></span> <span class='ocrx_word' id='word_1_21' title='bbox 472 506 501 557; x_wconf 90' lang='lat' dir='ltr'><strong>et</strong></span> <span class='ocrx_word' id='word_1_22' title='bbox 540 493 686 559; x_wconf 91' lang='lat' dir='ltr'><strong>omnibus</strong></span> <span class='ocrx_word' id='word_1_23' title='bbox 722 495 914 560; x_wconf 81' lang='lat' dir='ltr'><strong>ostendisset.</strong></span> <span class='ocrx_word' id='word_1_24' title='bbox 949 495 1016 559; x_wconf 91' lang='lat' dir='ltr'><strong>Non</strong></span> <span class='ocrx_word' id='word_1_25' title='bbox 1053 495 1153 578; x_wconf 79' lang='lat' dir='ltr'><strong>igitur</strong></span> 
     </span>
     <span class='ocr_line' id='line_1_5' title="bbox 217 579 1151 666; baseline 0.005 -23"><span class='ocrx_word' id='word_1_26' title='bbox 217 580 339 645; x_wconf 85' lang='lat' dir='ltr'><strong>ridetur</strong></span> <span class='ocrx_word' id='word_1_27' title='bbox 361 579 455 645; x_wconf 87' lang='lat' dir='ltr'><strong>luisse</strong></span> <span class='ocrx_word' id='word_1_28' title='bbox 478 585 666 647; x_wconf 81' lang='lat' dir='ltr'><strong>conveniens</strong></span> <span class='ocrx_word' id='word_1_29' title='bbox 690 583 774 666; x_wconf 88' lang='lat' dir='ltr'><strong>quod</strong></span> <span class='ocrx_word' id='word_1_30' title='bbox 812 603 939 650; x_wconf 88' lang='lat' dir='ltr'><strong>carnem</strong></span> <span class='ocrx_word' id='word_1_31' title='bbox 980 583 1151 648; x_wconf 87' lang='lat' dir='ltr'><strong>mortalem</strong></span> 
     </span>
     <span class='ocr_line' id='line_1_6' title="bbox 217 669 779 757; baseline 0.004 -23"><span class='ocrx_word' id='word_1_32' title='bbox 217 682 248 734; x_wconf 91' lang='lat' dir='ltr'><strong>et</strong></span> <span class='ocrx_word' id='word_1_33' title='bbox 271 669 365 734; x_wconf 88' lang='lat' dir='ltr'><strong>ctiam</strong></span> <span class='ocrx_word' id='word_1_34' title='bbox 388 670 543 734; x_wconf 89' lang='lat' dir='ltr'><strong>inlirmam</strong></span> <span class='ocrx_word' id='word_1_35' title='bbox 567 673 779 757; x_wconf 82' lang='lat' dir='ltr'><strong>assumpserit.</strong></span> 
     </span>
    </p>

    <p class='ocr_par' dir='ltr' id='par_1_3' title="bbox 219 758 1221 1466">
     <span class='ocr_line' id='line_1_7' title="bbox 287 758 1152 844; baseline 0.007 -23"><span class='ocrx_word' id='word_1_36' title='bbox 287 758 436 844; x_wconf 75' lang='lat' dir='ltr'><strong>Amplius,</strong></span> <span class='ocrx_word' id='word_1_37' title='bbox 459 759 587 824; x_wconf 84' lang='lat' dir='ltr'><strong>Videtur</strong></span> <span class='ocrx_word' id='word_1_38' title='bbox 610 761 704 826; x_wconf 85' lang='lat' dir='ltr'><strong>luisse</strong></span> <span class='ocrx_word' id='word_1_39' title='bbox 737 761 936 838; x_wconf 80' lang='lat' dir='ltr'><strong>conveniens,</strong></span> <span class='ocrx_word' id='word_1_40' title='bbox 971 759 1010 824; x_wconf 90' lang='lat' dir='ltr'><strong>ad</strong></span> <span class='ocrx_word' id='word_1_41' title='bbox 1046 775 1152 826; x_wconf 87' lang='lat' dir='ltr'><strong>osten·</strong></span> 
     </span>
     <span class='ocr_line' id='line_1_8' title="bbox 223 847 1152 936; baseline 0.004 -24"><span class='ocrx_word' id='word_1_42' title='bbox 223 847 361 913; x_wconf 89' lang='lat' dir='ltr'><strong>dendum</strong></span> <span class='ocrx_word' id='word_1_43' title='bbox 386 848 469 933; x_wconf 91' lang='lat' dir='ltr'><strong>quod</strong></span> <span class='ocrx_word' id='word_1_44' title='bbox 493 851 597 914; x_wconf 85' lang='lat' dir='ltr'><strong>omnia</strong></span> <span class='ocrx_word' id='word_1_45' title='bbox 621 871 701 936; x_wconf 85' lang='lat' dir='ltr'><strong>quao</strong></span> <span class='ocrx_word' id='word_1_46' title='bbox 726 849 757 914; x_wconf 88' lang='lat' dir='ltr'><strong>iu</strong></span> <span class='ocrx_word' id='word_1_47' title='bbox 782 849 899 914; x_wconf 90' lang='lat' dir='ltr'><strong>mundo</strong></span> <span class='ocrx_word' id='word_1_48' title='bbox 935 862 1007 914; x_wconf 87' lang='lat' dir='ltr'><strong>sunt</strong></span> <span class='ocrx_word' id='word_1_49' title='bbox 1044 850 1108 914; x_wconf 83' lang='lat' dir='ltr'><strong>siut</strong></span> <span class='ocrx_word' id='word_1_50' title='bbox 1134 872 1152 916; x_wconf 79' lang='lat' dir='ltr'><strong>a</strong></span> 
     </span>
     <span class='ocr_line' id='line_1_9' title="bbox 221 936 1221 1028; baseline 0.004 -28"><span class='ocrx_word' id='word_1_51' title='bbox 221 936 301 1015; x_wconf 88' lang='lat' dir='ltr'><strong>Deo,</strong></span> <span class='ocrx_word' id='word_1_52' title='bbox 323 936 406 1021; x_wconf 84' lang='lat' dir='ltr'><strong>qood</strong></span> <span class='ocrx_word' id='word_1_53' title='bbox 442 939 508 1024; x_wconf 85' lang='lat' dir='ltr'><strong>ipse</strong></span> <span class='ocrx_word' id='word_1_54' title='bbox 548 937 736 1004; x_wconf 89' lang='lat' dir='ltr'><strong>abundantia</strong></span> <span class='ocrx_word' id='word_1_55' title='bbox 772 959 876 1003; x_wconf 89' lang='lat' dir='ltr'><strong>rerum</strong></span> <span class='ocrx_word' id='word_1_56' title='bbox 916 937 1151 1003; x_wconf 83' lang='lat' dir='ltr'><strong>mundanorum</strong></span> <span class='ocrx_word' id='word_1_57' title='bbox 1220 1003 1221 1028; x_wconf 24' lang='grc' dir='ltr'>Ξ</span> 
     </span>
     <span class='ocr_line' id='line_1_10' title="bbox 223 1025 1150 1100; baseline 0.001 -9"><span class='ocrx_word' id='word_1_58' title='bbox 223 1045 296 1091; x_wconf 91' lang='lat' dir='ltr'><strong>usus</strong></span> <span class='ocrx_word' id='word_1_59' title='bbox 320 1025 438 1100; x_wconf 85' lang='lat' dir='ltr'><strong>luisset,</strong></span> <span class='ocrx_word' id='word_1_60' title='bbox 470 1027 501 1091; x_wconf 90' lang='lat' dir='ltr'><strong>in</strong></span> <span class='ocrx_word' id='word_1_61' title='bbox 526 1026 638 1093; x_wconf 85' lang='lat' dir='ltr'><strong>divitiis</strong></span> <span class='ocrx_word' id='word_1_62' title='bbox 662 1040 692 1092; x_wconf 88' lang='lat' dir='ltr'><strong>et</strong></span> <span class='ocrx_word' id='word_1_63' title='bbox 727 1028 756 1092; x_wconf 90' lang='lat' dir='ltr'><strong>in</strong></span> <span class='ocrx_word' id='word_1_64' title='bbox 796 1027 938 1092; x_wconf 81' lang='lat' dir='ltr'><strong>maximis</strong></span> <span class='ocrx_word' id='word_1_65' title='bbox 973 1026 1150 1092; x_wconf 87' lang='lat' dir='ltr'><strong>bonoribus</strong></span> 
     </span>
     <span class='ocr_line' id='line_1_11' title="bbox 223 1114 1149 1202; baseline 0.006 -27"><span class='ocrx_word' id='word_1_66' title='bbox 223 1114 339 1189; x_wconf 82' lang='lat' dir='ltr'><strong>rivens3</strong></span> <span class='ocrx_word' id='word_1_67' title='bbox 363 1114 451 1198; x_wconf 88' lang='lat' dir='ltr'><strong>cujus</strong></span> <span class='ocrx_word' id='word_1_68' title='bbox 473 1117 626 1182; x_wconf 83' lang='lat' dir='ltr'><strong>contraria</strong></span> <span class='ocrx_word' id='word_1_69' title='bbox 650 1117 689 1181; x_wconf 85' lang='lat' dir='ltr'><strong>de</strong></span> <span class='ocrx_word' id='word_1_70' title='bbox 712 1118 779 1202; x_wconf 88' lang='lat' dir='ltr'><strong>ipso</strong></span> <span class='ocrx_word' id='word_1_71' title='bbox 809 1115 964 1200; x_wconf 79' lang='lat' dir='ltr'><strong>leguntur,</strong></span> <span class='ocrx_word' id='word_1_72' title='bbox 1002 1114 1149 1181; x_wconf 88' lang='lat' dir='ltr'><strong>videlicet</strong></span> 
     </span>
     <span class='ocr_line' id='line_1_12' title="bbox 221 1203 1150 1289; baseline 0.002 -23"><span class='ocrx_word' id='word_1_73' title='bbox 221 1203 305 1289; x_wconf 90' lang='lat' dir='ltr'><strong>quod</strong></span> <span class='ocrx_word' id='word_1_74' title='bbox 329 1223 497 1289; x_wconf 81' lang='lat' dir='ltr'><strong>pauperem</strong></span> <span class='ocrx_word' id='word_1_75' title='bbox 515 1218 543 1268; x_wconf 89' lang='lat' dir='ltr'><strong>et</strong></span> <span class='ocrx_word' id='word_1_76' title='bbox 560 1206 711 1289; x_wconf 86' lang='lat' dir='ltr'><strong>abjectam</strong></span> <span class='ocrx_word' id='word_1_77' title='bbox 736 1205 827 1269; x_wconf 83' lang='lat' dir='ltr'><strong>vitam</strong></span> <span class='ocrx_word' id='word_1_78' title='bbox 852 1204 937 1269; x_wconf 84' lang='lat' dir='ltr'><strong>duxit</strong></span> <span class='ocrx_word' id='word_1_79' title='bbox 960 1217 990 1268; x_wconf 85' lang='lat' dir='ltr'><strong>et</strong></span> <span class='ocrx_word' id='word_1_80' title='bbox 1014 1203 1150 1289; x_wconf 86' lang='lat' dir='ltr'><strong>probro·</strong></span> 
     </span>
     <span class='ocr_line' id='line_1_13' title="bbox 219 1293 1148 1376; baseline 0.001 -20"><span class='ocrx_word' id='word_1_81' title='bbox 219 1312 286 1356; x_wconf 80' lang='lat' dir='ltr'><strong>sam</strong></span> <span class='ocrx_word' id='word_1_82' title='bbox 309 1304 441 1356; x_wconf 84' lang='lat' dir='ltr'><strong>mortem</strong></span> <span class='ocrx_word' id='word_1_83' title='bbox 464 1294 616 1358; x_wconf 85' lang='lat' dir='ltr'><strong>sustinuit.</strong></span> <span class='ocrx_word' id='word_1_84' title='bbox 640 1294 707 1358; x_wconf 88' lang='lat' dir='ltr'><strong>Non</strong></span> <span class='ocrx_word' id='word_1_85' title='bbox 730 1294 821 1376; x_wconf 84' lang='lat' dir='ltr'><strong>igitur</strong></span> <span class='ocrx_word' id='word_1_86' title='bbox 845 1293 1047 1357; x_wconf 86' lang='lat' dir='ltr'><strong>videturesse</strong></span> <span class='ocrx_word' id='word_1_87' title='bbox 1072 1313 1148 1357; x_wconf 91' lang='lat' dir='ltr'><strong>con·</strong></span> 
     </span>
     <span class='ocr_line' id='line_1_14' title="bbox 219 1381 1085 1466; baseline 0.002 -23"><span class='ocrx_word' id='word_1_88' title='bbox 219 1381 345 1446; x_wconf 74' lang='lat' dir='ltr'><strong>ueniens</strong></span> <span class='ocrx_word' id='word_1_89' title='bbox 368 1381 452 1465; x_wconf 89' lang='lat' dir='ltr'><strong>quod</strong></span> <span class='ocrx_word' id='word_1_90' title='bbox 480 1381 556 1446; x_wconf 83' lang='lat' dir='ltr'><strong>fides</strong></span> <span class='ocrx_word' id='word_1_91' title='bbox 580 1383 620 1446; x_wconf 89' lang='lat' dir='ltr'><strong>de</strong></span> <span class='ocrx_word' id='word_1_92' title='bbox 643 1383 710 1447; x_wconf 86' lang='lat' dir='ltr'><strong>Deo</strong></span> <span class='ocrx_word' id='word_1_93' title='bbox 735 1383 895 1446; x_wconf 82' lang='lat' dir='ltr'><strong>incarnato</strong></span> <span class='ocrx_word' id='word_1_94' title='bbox 918 1381 1085 1466; x_wconf 84' lang='lat' dir='ltr'><strong>praedicat.</strong></span> 
     </span>
    </p>

    <p class='ocr_par' dir='ltr' id='par_1_4' title="bbox 214 1469 1150 1979">
     <span class='ocr_line' id='line_1_15' title="bbox 284 1469 1150 1556; baseline 0.002 -24"><span class='ocrx_word' id='word_1_95' title='bbox 284 1469 459 1548; x_wconf 86' lang='lat' dir='ltr'><strong>Praeterea,</strong></span> <span class='ocrx_word' id='word_1_96' title='bbox 488 1471 528 1534; x_wconf 83' lang='lat' dir='ltr'><strong>Ex</strong></span> <span class='ocrx_word' id='word_1_97' title='bbox 555 1472 614 1536; x_wconf 88' lang='lat' dir='ltr'><strong>boc</strong></span> <span class='ocrx_word' id='word_1_98' title='bbox 637 1472 720 1556; x_wconf 87' lang='lat' dir='ltr'><strong>quod</strong></span> <span class='ocrx_word' id='word_1_99' title='bbox 745 1472 810 1556; x_wconf 86' lang='lat' dir='ltr'><strong>ipse</strong></span> <span class='ocrx_word' id='word_1_100' title='bbox 834 1470 951 1555; x_wconf 87' lang='lat' dir='ltr'><strong>abjecta</strong></span> <span class='ocrx_word' id='word_1_101' title='bbox 970 1489 1078 1555; x_wconf 86' lang='lat' dir='ltr'><strong>passus</strong></span> <span class='ocrx_word' id='word_1_102' title='bbox 1090 1483 1150 1546; x_wconf 83' lang='lat' dir='ltr'><strong>est,</strong></span> 
     </span>
     <span class='ocr_line' id='line_1_16' title="bbox 214 1555 1147 1640; baseline 0.004 -20"><span class='ocrx_word' id='word_1_103' title='bbox 214 1555 280 1640; x_wconf 88' lang='lat' dir='ltr'><strong>ejus</strong></span> <span class='ocrx_word' id='word_1_104' title='bbox 304 1557 446 1622; x_wconf 87' lang='lat' dir='ltr'><strong>divinitas</strong></span> <span class='ocrx_word' id='word_1_105' title='bbox 470 1560 604 1624; x_wconf 82' lang='lat' dir='ltr'><strong>maxime</strong></span> <span class='ocrx_word' id='word_1_106' title='bbox 640 1558 697 1624; x_wconf 88' lang='lat' dir='ltr'><strong>luit</strong></span> <span class='ocrx_word' id='word_1_107' title='bbox 733 1559 894 1633; x_wconf 87' lang='lat' dir='ltr'><strong>occultata,</strong></span> <span class='ocrx_word' id='word_1_108' title='bbox 929 1579 999 1623; x_wconf 89' lang='lat' dir='ltr'><strong>ouru</strong></span> <span class='ocrx_word' id='word_1_109' title='bbox 1037 1571 1147 1624; x_wconf 89' lang='lat' dir='ltr'><strong>tamen</strong></span> 
     </span>
     <span class='ocr_line' id='line_1_17' title="bbox 215 1645 1148 1732; baseline 0.002 -22"><span class='ocrx_word' id='word_1_110' title='bbox 215 1646 275 1710; x_wconf 88' lang='lat' dir='ltr'><strong>hoc</strong></span> <span class='ocrx_word' id='word_1_111' title='bbox 299 1647 433 1710; x_wconf 83' lang='lat' dir='ltr'><strong>manime</strong></span> <span class='ocrx_word' id='word_1_112' title='bbox 456 1652 664 1713; x_wconf 85' lang='lat' dir='ltr'><strong>necessarium</strong></span> <span class='ocrx_word' id='word_1_113' title='bbox 689 1648 780 1715; x_wconf 88' lang='lat' dir='ltr'><strong>luerit</strong></span> <span class='ocrx_word' id='word_1_114' title='bbox 816 1647 994 1712; x_wconf 86' lang='lat' dir='ltr'><strong>bominibus</strong></span> <span class='ocrx_word' id='word_1_115' title='bbox 1017 1658 1050 1711; x_wconf 89' lang='lat' dir='ltr'><strong>ut</strong></span> <span class='ocrx_word' id='word_1_116' title='bbox 1076 1645 1148 1732; x_wconf 76' lang='lat' dir='ltr'><strong>ejus</strong></span> 
     </span>
     <span class='ocr_line' id='line_1_18' title="bbox 215 1734 1147 1823; baseline 0.003 -25"><span class='ocrx_word' id='word_1_117' title='bbox 215 1734 407 1799; x_wconf 73' lang='lat' dir='ltr'><strong>divinitatem</strong></span> <span class='ocrx_word' id='word_1_118' title='bbox 430 1751 664 1820; x_wconf 82' lang='lat' dir='ltr'><strong>cognoscerent,</strong></span> <span class='ocrx_word' id='word_1_119' title='bbox 687 1737 712 1802; x_wconf 86' lang='lat' dir='ltr'><strong>si</strong></span> <span class='ocrx_word' id='word_1_120' title='bbox 738 1737 804 1823; x_wconf 87' lang='lat' dir='ltr'><strong>ipse</strong></span> <span class='ocrx_word' id='word_1_121' title='bbox 827 1736 883 1800; x_wconf 88' lang='lat' dir='ltr'><strong>luit</strong></span> <span class='ocrx_word' id='word_1_122' title='bbox 922 1737 1006 1800; x_wconf 88' lang='lat' dir='ltr'><strong>Deus</strong></span> <span class='ocrx_word' id='word_1_123' title='bbox 1042 1735 1147 1801; x_wconf 86' lang='lat' dir='ltr'><strong>ineat·-</strong></span> 
     </span>
     <span class='ocr_line' id='line_1_19' title="bbox 217 1823 1147 1913; baseline 0.003 -26"><span class='ocrx_word' id='word_1_124' title='bbox 217 1836 316 1888; x_wconf 90' lang='lat' dir='ltr'><strong>natus.</strong></span> <span class='ocrx_word' id='word_1_125' title='bbox 340 1823 407 1888; x_wconf 90' lang='lat' dir='ltr'><strong>Non</strong></span> <span class='ocrx_word' id='word_1_126' title='bbox 431 1826 522 1910; x_wconf 76' lang='lat' dir='ltr'><strong>igitur</strong></span> <span class='ocrx_word' id='word_1_127' title='bbox 545 1826 666 1890; x_wconf 83' lang='lat' dir='ltr'><strong>ridetur</strong></span> <span class='ocrx_word' id='word_1_128' title='bbox 690 1826 774 1913; x_wconf 90' lang='lat' dir='ltr'><strong>quod</strong></span> <span class='ocrx_word' id='word_1_129' title='bbox 799 1824 875 1890; x_wconf 86' lang='lat' dir='ltr'><strong>fides</strong></span> <span class='ocrx_word' id='word_1_130' title='bbox 898 1824 1070 1911; x_wconf 81' lang='lat' dir='ltr'><strong>praedicnt</strong></span> <span class='ocrx_word' id='word_1_131' title='bbox 1086 1825 1147 1890; x_wconf 86' lang='lat' dir='ltr'><strong>ltu·</strong></span> 
     </span>
     <span class='ocr_line' id='line_1_20' title="bbox 217 1912 640 1979; baseline 0.007 -3"><span class='ocrx_word' id='word_1_132' title='bbox 217 1933 329 1976; x_wconf 85' lang='lat' dir='ltr'><strong>manae</strong></span> <span class='ocrx_word' id='word_1_133' title='bbox 351 1912 441 1976; x_wconf 88' lang='lat' dir='ltr'><strong>saluti</strong></span> <span class='ocrx_word' id='word_1_134' title='bbox 466 1915 640 1979; x_wconf 81' lang='lat' dir='ltr'><strong>convenire.</strong></span> 
     </span>
    </p>

    <p class='ocr_par' dir='ltr' id='par_1_5' title="bbox 216 2000 1144 2245">
     <span class='ocr_line' id='line_1_21' title="bbox 281 2000 1143 2091; baseline 0.001 -25"><span class='ocrx_word' id='word_1_135' title='bbox 281 2000 313 2066; x_wconf 88' lang='lat' dir='ltr'><strong>Si</strong></span> <span class='ocrx_word' id='word_1_136' title='bbox 336 2004 404 2089; x_wconf 91' lang='lat' dir='ltr'><strong>quis</strong></span> <span class='ocrx_word' id='word_1_137' title='bbox 426 2017 529 2068; x_wconf 89' lang='lat' dir='ltr'><strong>autem</strong></span> <span class='ocrx_word' id='word_1_138' title='bbox 552 2004 633 2069; x_wconf 87' lang='lat' dir='ltr'><strong>dieat</strong></span> <span class='ocrx_word' id='word_1_139' title='bbox 656 2002 739 2091; x_wconf 90' lang='lat' dir='ltr'><strong>quod</strong></span> <span class='ocrx_word' id='word_1_140' title='bbox 768 2015 894 2088; x_wconf 86' lang='lat' dir='ltr'><strong>propter</strong></span> <span class='ocrx_word' id='word_1_141' title='bbox 931 2001 1143 2067; x_wconf 83' lang='lat' dir='ltr'><strong>obedientiam</strong></span> 
     </span>
     <span class='ocr_line' id='line_1_22' title="bbox 216 2089 1144 2170; baseline 0.003 -17"><span class='ocrx_word' id='word_1_142' title='bbox 216 2089 314 2154; x_wconf 85' lang='lat' dir='ltr'><strong>Patris</strong></span> <span class='ocrx_word' id='word_1_143' title='bbox 339 2090 433 2156; x_wconf 86' lang='lat' dir='ltr'><strong>Filius</strong></span> <span class='ocrx_word' id='word_1_144' title='bbox 455 2092 512 2157; x_wconf 89' lang='lat' dir='ltr'><strong>Dei</strong></span> <span class='ocrx_word' id='word_1_145' title='bbox 536 2108 669 2159; x_wconf 89' lang='lat' dir='ltr'><strong>mortem</strong></span> <span class='ocrx_word' id='word_1_146' title='bbox 693 2092 846 2170; x_wconf 88' lang='lat' dir='ltr'><strong>sustinuit,</strong></span> <span class='ocrx_word' id='word_1_147' title='bbox 864 2092 922 2157; x_wconf 88' lang='lat' dir='ltr'><strong>boe</strong></span> <span class='ocrx_word' id='word_1_148' title='bbox 939 2112 1001 2155; x_wconf 93' lang='lat' dir='ltr'><strong>non</strong></span> <span class='ocrx_word' id='word_1_149' title='bbox 1017 2090 1144 2158; x_wconf 86' lang='lat' dir='ltr'><strong>videtur</strong></span> 
     </span>
     <span class='ocr_line' id='line_1_23' title="bbox 216 2179 410 2245; baseline 0.015 -3"><span class='ocrx_word' id='word_1_150' title='bbox 216 2179 410 2245; x_wconf 85' lang='lat' dir='ltr'><strong>rationabile.</strong></span> 
     </span>
    </p>

    <p class='ocr_par' dir='ltr' id='par_1_6' title="bbox 212 2265 1218 2886">
     <span class='ocr_line' id='line_1_24' title="bbox 281 2265 1144 2355; baseline 0.002 -23"><span class='ocrx_word' id='word_1_151' title='bbox 281 2265 465 2333; x_wconf 84' lang='lat' dir='ltr'><strong>Obedientia</strong></span> <span class='ocrx_word' id='word_1_152' title='bbox 489 2269 572 2333; x_wconf 90' lang='lat' dir='ltr'><strong>enim</strong></span> <span class='ocrx_word' id='word_1_153' title='bbox 596 2267 741 2355; x_wconf 89' lang='lat' dir='ltr'><strong>impletur</strong></span> <span class='ocrx_word' id='word_1_154' title='bbox 763 2290 819 2355; x_wconf 91' lang='lat' dir='ltr'><strong>per</strong></span> <span class='ocrx_word' id='word_1_155' title='bbox 854 2268 913 2333; x_wconf 88' lang='lat' dir='ltr'><strong>boc</strong></span> <span class='ocrx_word' id='word_1_156' title='bbox 947 2266 1029 2353; x_wconf 87' lang='lat' dir='ltr'><strong>quod</strong></span> <span class='ocrx_word' id='word_1_157' title='bbox 1065 2267 1144 2334; x_wconf 87' lang='lat' dir='ltr'><strong>obe·</strong></span> 
     </span>
     <span class='ocr_line' id='line_1_25' title="bbox 213 2356 1143 2444; baseline 0.003 -24"><span class='ocrx_word' id='word_1_158' title='bbox 213 2356 301 2421; x_wconf 90' lang='lat' dir='ltr'><strong>diens</strong></span> <span class='ocrx_word' id='word_1_159' title='bbox 324 2378 357 2421; x_wconf 88' lang='lat' dir='ltr'><strong>sc</strong></span> <span class='ocrx_word' id='word_1_160' title='bbox 380 2357 552 2423; x_wconf 76' lang='lat' dir='ltr'><strong>conformat</strong></span> <span class='ocrx_word' id='word_1_161' title='bbox 576 2358 723 2423; x_wconf 83' lang='lat' dir='ltr'><strong>voluntati</strong></span> <span class='ocrx_word' id='word_1_162' title='bbox 749 2358 972 2444; x_wconf 84' lang='lat' dir='ltr'><strong>praecipientis.</strong></span> <span class='ocrx_word' id='word_1_163' title='bbox 990 2356 1143 2423; x_wconf 82' lang='lat' dir='ltr'><strong>Voluntas</strong></span> 
     </span>
     <span class='ocr_line' id='line_1_26' title="bbox 212 2446 1142 2531; baseline 0.002 -22"><span class='ocrx_word' id='word_1_164' title='bbox 212 2460 315 2509; x_wconf 84' lang='lat' dir='ltr'><strong>autem</strong></span> <span class='ocrx_word' id='word_1_165' title='bbox 338 2446 394 2512; x_wconf 85' lang='lat' dir='ltr'><strong>Dei</strong></span> <span class='ocrx_word' id='word_1_166' title='bbox 419 2447 517 2511; x_wconf 86' lang='lat' dir='ltr'><strong>Patris</strong></span> <span class='ocrx_word' id='word_1_167' title='bbox 541 2446 760 2511; x_wconf 82' lang='lat' dir='ltr'><strong>irrationabilis</strong></span> <span class='ocrx_word' id='word_1_168' title='bbox 784 2466 937 2511; x_wconf 86' lang='lat' dir='ltr'><strong>essenon</strong></span> <span class='ocrx_word' id='word_1_169' title='bbox 972 2457 1082 2531; x_wconf 88' lang='lat' dir='ltr'><strong>potest.</strong></span> <span class='ocrx_word' id='word_1_170' title='bbox 1105 2446 1142 2511; x_wconf 90' lang='lat' dir='ltr'><strong>Si</strong></span> 
     </span>
     <span class='ocr_line' id='line_1_27' title="bbox 212 2533 1141 2618; baseline 0.003 -21"><span class='ocrx_word' id='word_1_171' title='bbox 212 2534 306 2618; x_wconf 80' lang='lat' dir='ltr'><strong>igitur</strong></span> <span class='ocrx_word' id='word_1_172' title='bbox 328 2556 389 2599; x_wconf 93' lang='lat' dir='ltr'><strong>non</strong></span> <span class='ocrx_word' id='word_1_173' title='bbox 413 2534 469 2601; x_wconf 84' lang='lat' dir='ltr'><strong>luit</strong></span> <span class='ocrx_word' id='word_1_174' title='bbox 492 2537 679 2601; x_wconf 85' lang='lat' dir='ltr'><strong>conveniens</strong></span> <span class='ocrx_word' id='word_1_175' title='bbox 702 2535 804 2599; x_wconf 89' lang='lat' dir='ltr'><strong>Deum</strong></span> <span class='ocrx_word' id='word_1_176' title='bbox 840 2536 998 2599; x_wconf 89' lang='lat' dir='ltr'><strong>hominem</strong></span> <span class='ocrx_word' id='word_1_177' title='bbox 1024 2533 1141 2600; x_wconf 87' lang='lat' dir='ltr'><strong>lactum</strong></span> 
     </span>
     <span class='ocr_line' id='line_1_28' title="bbox 215 2623 1141 2710; baseline 0 -23"><span class='ocrx_word' id='word_1_178' title='bbox 215 2636 346 2687; x_wconf 82' lang='lat' dir='ltr'><strong>mortem</strong></span> <span class='ocrx_word' id='word_1_179' title='bbox 371 2626 443 2709; x_wconf 87' lang='lat' dir='ltr'><strong>pati,</strong></span> <span class='ocrx_word' id='word_1_180' title='bbox 466 2626 536 2710; x_wconf 88' lang='lat' dir='ltr'><strong>quia</strong></span> <span class='ocrx_word' id='word_1_181' title='bbox 561 2645 646 2688; x_wconf 89' lang='lat' dir='ltr'><strong>mors</strong></span> <span class='ocrx_word' id='word_1_182' title='bbox 668 2626 818 2689; x_wconf 87' lang='lat' dir='ltr'><strong>contraria</strong></span> <span class='ocrx_word' id='word_1_183' title='bbox 843 2644 911 2688; x_wconf 86' lang='lat' dir='ltr'><strong>esse</strong></span> <span class='ocrx_word' id='word_1_184' title='bbox 946 2623 1065 2687; x_wconf 86' lang='lat' dir='ltr'><strong>videtur</strong></span> <span class='ocrx_word' id='word_1_185' title='bbox 1092 2624 1141 2687; x_wconf 82' lang='lat' dir='ltr'><strong>di-</strong></span> 
     </span>
     <span class='ocr_line' id='line_1_29' title="bbox 215 2710 1218 2797; baseline 0.003 -22"><span class='ocrx_word' id='word_1_186' title='bbox 215 2712 343 2789; x_wconf 80' lang='lat' dir='ltr'><strong>vinitati,</strong></span> <span class='ocrx_word' id='word_1_187' title='bbox 367 2733 446 2796; x_wconf 91' lang='lat' dir='ltr'><strong>quae</strong></span> <span class='ocrx_word' id='word_1_188' title='bbox 469 2716 528 2777; x_wconf 87' lang='lat' dir='ltr'><strong>vita</strong></span> <span class='ocrx_word' id='word_1_189' title='bbox 551 2726 607 2786; x_wconf 86' lang='lat' dir='ltr'><strong>est,</strong></span> <span class='ocrx_word' id='word_1_190' title='bbox 631 2712 722 2796; x_wconf 78' lang='lat' dir='ltr'><strong>hujus</strong></span> <span class='ocrx_word' id='word_1_191' title='bbox 747 2712 791 2776; x_wconf 88' lang='lat' dir='ltr'><strong>rei</strong></span> <span class='ocrx_word' id='word_1_192' title='bbox 819 2713 895 2777; x_wconf 89' lang='lat' dir='ltr'><strong>ratio</strong></span> <span class='ocrx_word' id='word_1_193' title='bbox 912 2732 948 2777; x_wconf 85' lang='lat' dir='ltr'><strong>cx</strong></span> <span class='ocrx_word' id='word_1_194' title='bbox 962 2710 1142 2779; x_wconf 82' lang='lat' dir='ltr'><strong>obedientia</strong></span> <span class='ocrx_word' id='word_1_195' title='bbox 1217 2788 1218 2797; x_wconf 8' lang='grc' dir='ltr'>χ</span> 
     </span>
     <span class='ocr_line' id='line_1_30' title="bbox 215 2800 1032 2886; baseline 0.001 -23"><span class='ocrx_word' id='word_1_196' title='bbox 215 2801 254 2865; x_wconf 86' lang='lat' dir='ltr'><strong>ad</strong></span> <span class='ocrx_word' id='word_1_197' title='bbox 278 2800 402 2865; x_wconf 86' lang='lat' dir='ltr'><strong>Patrem</strong></span> <span class='ocrx_word' id='word_1_198' title='bbox 423 2803 643 2867; x_wconf 85' lang='lat' dir='ltr'><strong>convenienter</strong></span> <span class='ocrx_word' id='word_1_199' title='bbox 665 2800 812 2884; x_wconf 76' lang='lat' dir='ltr'><strong>assignari</strong></span> <span class='ocrx_word' id='word_1_200' title='bbox 830 2820 899 2875; x_wconf 62' lang='lat' dir='ltr'><strong>,non</strong></span> <span class='ocrx_word' id='word_1_201' title='bbox 924 2813 1032 2886; x_wconf 84' lang='lat' dir='ltr'><strong>potest.</strong></span> 
     </span>
    </p>

    <p class='ocr_par' dir='ltr' id='par_1_7' title="bbox 213 2888 1142 3419">
     <span class='ocr_line' id='line_1_31' title="bbox 280 2888 1142 2966; baseline 0.003 -14"><span class='ocrx_word' id='word_1_202' title='bbox 280 2888 454 2966; x_wconf 78' lang='lat' dir='ltr'><strong>Praeterea,</strong></span> <span class='ocrx_word' id='word_1_203' title='bbox 477 2890 624 2955; x_wconf 85' lang='lat' dir='ltr'><strong>Voluntas</strong></span> <span class='ocrx_word' id='word_1_204' title='bbox 649 2890 705 2954; x_wconf 88' lang='lat' dir='ltr'><strong>Dei</strong></span> <span class='ocrx_word' id='word_1_205' title='bbox 740 2910 802 2953; x_wconf 90' lang='lat' dir='ltr'><strong>non</strong></span> <span class='ocrx_word' id='word_1_206' title='bbox 842 2904 887 2953; x_wconf 85' lang='lat' dir='ltr'><strong>cst</strong></span> <span class='ocrx_word' id='word_1_207' title='bbox 925 2889 963 2952; x_wconf 81' lang='lat' dir='ltr'><strong>ao</strong></span> <span class='ocrx_word' id='word_1_208' title='bbox 1004 2902 1142 2955; x_wconf 86' lang='lat' dir='ltr'><strong>mortem</strong></span> 
     </span>
     <span class='ocr_line' id='line_1_32' title="bbox 216 2977 1142 3063; baseline 0.001 -23"><span class='ocrx_word' id='word_1_209' title='bbox 216 2977 391 3057; x_wconf 89' lang='lat' dir='ltr'><strong>bominum,</strong></span> <span class='ocrx_word' id='word_1_210' title='bbox 414 2981 506 3045; x_wconf 89' lang='lat' dir='ltr'><strong>etiam</strong></span> <span class='ocrx_word' id='word_1_211' title='bbox 531 2993 739 3063; x_wconf 74' lang='lat' dir='ltr'><strong>pennatorum,</strong></span> <span class='ocrx_word' id='word_1_212' title='bbox 761 2978 815 3042; x_wconf 90' lang='lat' dir='ltr'><strong>sed</strong></span> <span class='ocrx_word' id='word_1_213' title='bbox 839 2978 936 3061; x_wconf 75' lang='lat' dir='ltr'><strong>magis</strong></span> <span class='ocrx_word' id='word_1_214' title='bbox 959 2977 998 3041; x_wconf 87' lang='lat' dir='ltr'><strong>ad</strong></span> <span class='ocrx_word' id='word_1_215' title='bbox 1034 2979 1142 3057; x_wconf 87' lang='lat' dir='ltr'><strong>vitam,</strong></span> 
     </span>
     <span class='ocr_line' id='line_1_33' title="bbox 214 3066 1140 3149; baseline 0.002 -20"><span class='ocrx_word' id='word_1_216' title='bbox 214 3066 386 3131; x_wconf 87' lang='lat' dir='ltr'><strong>seeundum</strong></span> <span class='ocrx_word' id='word_1_217' title='bbox 411 3068 495 3133; x_wconf 88' lang='lat' dir='ltr'><strong>illud:</strong></span> <span class='ocrx_word' id='word_1_218' title='bbox 521 3067 600 3132; x_wconf 86' lang='lat' dir='ltr'><strong>Nolo</strong></span> <span class='ocrx_word' id='word_1_219' title='bbox 623 3079 753 3131; x_wconf 83' lang='lat' dir='ltr'><strong>mortem</strong></span> <span class='ocrx_word' id='word_1_220' title='bbox 775 3067 875 3149; x_wconf 83' lang='lat' dir='ltr'><strong>impii,</strong></span> <span class='ocrx_word' id='word_1_221' title='bbox 903 3066 958 3130; x_wconf 78' lang='lat' dir='ltr'><strong>sed</strong></span> <span class='ocrx_word' id='word_1_222' title='bbox 995 3077 1031 3131; x_wconf 84' lang='lat' dir='ltr'><strong>ul</strong></span> <span class='ocrx_word' id='word_1_223' title='bbox 1067 3087 1140 3131; x_wconf 82' lang='lat' dir='ltr'><strong>con·</strong></span> 
     </span>
     <span class='ocr_line' id='line_1_34' title="bbox 213 3154 1139 3240; baseline 0.001 -21"><span class='ocrx_word' id='word_1_224' title='bbox 213 3166 354 3219; x_wconf 63' lang='lat' dir='ltr'><strong>efflatur</strong></span> <span class='ocrx_word' id='word_1_225' title='bbox 373 3158 487 3240; x_wconf 81' lang='lat' dir='ltr'><strong>impius</strong></span> <span class='ocrx_word' id='word_1_226' title='bbox 509 3177 530 3221; x_wconf 90' lang='lat' dir='ltr'><strong>o</strong></span> <span class='ocrx_word' id='word_1_227' title='bbox 550 3158 603 3221; x_wconf 78' lang='lat' dir='ltr'><strong>oto</strong></span> <span class='ocrx_word' id='word_1_228' title='bbox 626 3176 682 3219; x_wconf 76' lang='lat' dir='ltr'><strong>nuo</strong></span> <span class='ocrx_word' id='word_1_229' title='bbox 706 3167 735 3219; x_wconf 86' lang='lat' dir='ltr'><strong>et</strong></span> <span class='ocrx_word' id='word_1_230' title='bbox 757 3157 850 3231; x_wconf 87' lang='lat' dir='ltr'><strong>oivot,</strong></span> <span class='ocrx_word' id='word_1_231' title='bbox 876 3154 996 3228; x_wconf 76' lang='lat' dir='ltr'><strong>Erech..</strong></span> <span class='ocrx_word' id='word_1_232' title='bbox 1012 3156 1066 3232; x_wconf 76' lang='lat'><strong>55,</strong></span> <span class='ocrx_word' id='word_1_233' title='bbox 1085 3156 1139 3221; x_wconf 91' lang='lat' dir='ltr'><strong>ll.</strong></span> 
     </span>
     <span class='ocr_line' id='line_1_35' title="bbox 214 3242 1139 3331; baseline 0.002 -24"><span class='ocrx_word' id='word_1_234' title='bbox 214 3244 308 3308; x_wconf 82' lang='lat' dir='ltr'><strong>llulto</strong></span> <span class='ocrx_word' id='word_1_235' title='bbox 333 3245 424 3329; x_wconf 81' lang='lat' dir='ltr'><strong>igitur</strong></span> <span class='ocrx_word' id='word_1_236' title='bbox 447 3246 549 3309; x_wconf 89' lang='lat' dir='ltr'><strong>minus</strong></span> <span class='ocrx_word' id='word_1_237' title='bbox 571 3246 669 3331; x_wconf 87' lang='lat' dir='ltr'><strong>potuit</strong></span> <span class='ocrx_word' id='word_1_238' title='bbox 691 3264 758 3309; x_wconf 88' lang='lat' dir='ltr'><strong>esse</strong></span> <span class='ocrx_word' id='word_1_239' title='bbox 781 3243 921 3308; x_wconf 79' lang='lat' dir='ltr'><strong>voluntas</strong></span> <span class='ocrx_word' id='word_1_240' title='bbox 955 3242 1011 3308; x_wconf 88' lang='lat' dir='ltr'><strong>Dei</strong></span> <span class='ocrx_word' id='word_1_241' title='bbox 1036 3244 1139 3310; x_wconf 85' lang='lat' dir='ltr'><strong>Patris</strong></span> 
     </span>
     <span class='ocr_line' id='line_1_36' title="bbox 216 3332 975 3419; baseline -0.003 -24"><span class='ocrx_word' id='word_1_242' title='bbox 216 3345 249 3397; x_wconf 92' lang='lat' dir='ltr'><strong>ut</strong></span> <span class='ocrx_word' id='word_1_243' title='bbox 272 3334 367 3397; x_wconf 87' lang='lat' dir='ltr'><strong>homo</strong></span> <span class='ocrx_word' id='word_1_244' title='bbox 391 3332 628 3419; x_wconf 81' lang='lat' dir='ltr'><strong>perfectissimus</strong></span> <span class='ocrx_word' id='word_1_245' title='bbox 652 3334 741 3397; x_wconf 87' lang='lat' dir='ltr'><strong>motti</strong></span> <span class='ocrx_word' id='word_1_246' title='bbox 765 3332 975 3417; x_wconf 78' lang='lat' dir='ltr'><strong>subjiceretur.</strong></span> 
     </span>
    </p>

    <p class='ocr_par' dir='ltr' id='par_1_8' title="bbox 215 3420 1140 3597">
     <span class='ocr_line' id='line_1_37' title="bbox 281 3420 1138 3505; baseline 0.005 -22"><span class='ocrx_word' id='word_1_247' title='bbox 281 3421 428 3505; x_wconf 78' lang='lat' dir='ltr'><strong>Amplius,</strong></span> <span class='ocrx_word' id='word_1_248' title='bbox 452 3422 582 3505; x_wconf 90' lang='lat' dir='ltr'><strong>lmpiorn</strong></span> <span class='ocrx_word' id='word_1_249' title='bbox 606 3436 637 3485; x_wconf 90' lang='lat' dir='ltr'><strong>et</strong></span> <span class='ocrx_word' id='word_1_250' title='bbox 660 3420 785 3485; x_wconf 86' lang='lat' dir='ltr'><strong>crudele</strong></span> <span class='ocrx_word' id='word_1_251' title='bbox 803 3420 922 3485; x_wconf 86' lang='lat' dir='ltr'><strong>videtur</strong></span> <span class='ocrx_word' id='word_1_252' title='bbox 938 3422 1138 3487; x_wconf 82' lang='lat' dir='ltr'><strong>innocentem</strong></span> 
     </span>
     <span class='ocr_line' id='line_1_38' title="bbox 215 3508 1140 3597; baseline 0.005 -27"><span class='ocrx_word' id='word_1_253' title='bbox 215 3523 378 3594; x_wconf 83' lang='lat' dir='ltr'><strong>praecepto</strong></span> <span class='ocrx_word' id='word_1_254' title='bbox 401 3509 440 3573; x_wconf 87' lang='lat' dir='ltr'><strong>ad</strong></span> <span class='ocrx_word' id='word_1_255' title='bbox 464 3522 596 3574; x_wconf 89' lang='lat' dir='ltr'><strong>mortem</strong></span> <span class='ocrx_word' id='word_1_256' title='bbox 619 3509 777 3588; x_wconf 85' lang='lat' dir='ltr'><strong>inducere,</strong></span> <span class='ocrx_word' id='word_1_257' title='bbox 811 3524 841 3573; x_wconf 93' lang='lat' dir='ltr'><strong>et</strong></span> <span class='ocrx_word' id='word_1_258' title='bbox 878 3508 1044 3595; x_wconf 79' lang='lat' dir='ltr'><strong>praecipue</strong></span> <span class='ocrx_word' id='word_1_259' title='bbox 1077 3530 1140 3597; x_wconf 86' lang='lat' dir='ltr'><strong>pro</strong></span> 
     </span>
    </p>
   </div>
   <div class='ocr_carea' id='block_1_2' title="bbox 0 0 1246 3975">
    <p class='ocr_par' dir='ltr' id='par_1_9' title="bbox 0 0 1246 3975">
     <span class='ocr_line' id='line_1_39' title="bbox 0 0 1246 3975; baseline 0 1"><span class='ocrx_word' id='word_1_260' title='bbox 0 0 1246 3975; x_wconf 95' lang='lat' dir='ltr'><strong> </strong></span> 
     </span>
    </p>
   </div>
  </div>
 </body>
</html>
