2484 3975
391 232 447 279 trs.
470 234 508 279 tv.
533 232 596 277 etr.
620 232 735 279 nrxrtv.
956 215 1022 282 3¹9

166 303 229 371 llas
251 314 354 368 autent
366 321 475 367 omnus
488 300 578 367 ialsas
594 302 758 388 opiniones
771 301 1023 370 manifestissime

101 392 161 460 lob
171 391 305 459 etdudit
326 390 442 455 dinem:
466 390 601 456 Rursum
617 389 835 456 eirmtndobor
842 392 926 475 pelle
940 412 1022 471 rnen,

64 560 67 565 Δ
103 494 134 549 at
154 482 188 547 itt
210 500 304 545 ronne
326 496 394 543 mett
416 478 526 544 sedebo
551 479 651 543 Deum
674 499 888 565 meutmpnent
899 482 1044 547 uisurus.

103 591 173 637 tum
195 588 249 653 epo
271 570 381 653 ipae...
400 578 431 633 et
452 586 512 633 ttott
536 569 629 642 oliuo,
649 568 720 646 lob,
745 569 798 647 ill,
820 568 934 635 tout.

142 708 144 713 ,
170 658 291 723 Habent
312 669 415 721 autern
440 669 470 720 et
503 656 643 739 singulae
665 656 889 744 praedictarum
899 657 1024 746 opinio·

103 764 180 817 num
204 746 326 832 propria
351 745 607 810 inconvenientia.

171 835 292 901 Ponere
315 833 396 897 enim
421 852 533 919 eorpus
556 833 687 899 transire
728 833 759 899 itt
797 834 939 921 spiritum
976 849 1024 901 est

105 924 234 990 omnino
257 922 456 1007 impossibile.

123 1066 125 1073 .
171 1011 239 1078 llnn
261 1012 345 1075 euim
369 1024 528 1076 transeant
540 1010 670 1078 intioetn
683 1009 741 1075 nisi
757 1029 837 1097 quta
849 1011 880 1075 in
895 1010 1024 1077 materia

102 1101 342 1167 eommunimnt.
366 1097 592 1201 spiritualium·
610 1112 722 1201 autent·
750 1115 781 1164 at
812 1101 1024 1187 eorporaliutn

101 1202 293 1346 tntilli
316 1202 753 1362 tmttmlltwmb
780 1203 1024 1356 tilloit}

104 1382 139 1434 ut
160 1380 318 1433 ostensum
341 1377 388 1429 est
410 1364 447 1448 (l.
469 1368 502 1443 i,
521 1386 547 1430 e.
564 1364 606 1430 te
629 1365 714 1430 etlill
727 1370 750 1454 ).
774 1364 965 1452 impossibile
979 1382 1026 1432 est

101 1454 198 1541 igitur
217 1450 301 1540 quoti
323 1472 436 1539 onrpos
460 1453 634 1519 humanum
658 1466 794 1518 trameat
815 1456 848 1519 iu
884 1455 1024 1521 substan·
1149 1458 1153 1470 ’

103 1544 178 1609 tiattt
201 1541 401 1630 spiritualem.

173 1631 260 1710 ltem,
291 1630 322 1695 Si
360 1643 495 1695 transeat
528 1628 560 1693 in
597 1628 800 1697 substantiata
832 1630 1024 1717 spiritualem

103 1740 216 1809 eorpus
239 1720 422 1797 humanum,
445 1731 496 1783 sut
520 1717 659 1783 transibit
676 1719 706 1782 in
722 1718 821 1805 ipsam
833 1719 1024 1805 spiritualem

104 1809 307 1876 substantiam
331 1819 479 1893 quaeest
503 1806 605 1871 anima
630 1822 682 1873 aut
705 1808 736 1872 in
760 1806 894 1892 aliquem
921 1808 1023 1874 sliam.

104 1898 136 1963 Si
160 1901 193 1963 in
216 1899 324 1984 ipsam,
348 1908 420 1961 tuno
446 1908 514 1982 post
535 1896 795 1962 resurrectionem
818 1916 882 1961 non
899 1897 1024 1963 assatio

105 1986 233 2055 bomine
254 1986 312 2052 nisi
335 1984 450 2059 anima,
473 1985 552 2050 siout
582 1999 613 2048 et
649 1999 720 2052 ante
752 1984 1025 2065 resurrectionem

104 2095 168 2143 nott
192 2076 284 2161 igitur
303 2074 522 2140 immutaretur
545 2073 682 2139 eonditio
705 2074 840 2140 bominis
855 2092 1025 2160 partesbr-

103 2165 285 2230 tentionem.
308 2163 340 2228 st
363 2175 467 2227 autom
493 2163 632 2228 transibit
652 2164 686 2228 in
707 2162 800 2228 aliam
820 2164 1024 2229 substantiam

102 2252 304 2342 spiritualem,
327 2264 474 2404 stipantur
494 2249 582 2336 quon
611 2269 653 2316 ex
691 2250 811 2316 duabu
847 2249 1026 2319 substantiis

103 2340 313 2430 spiritualibus
336 2357 354 2404 e
386 2340 485 2404 cietur
508 2338 624 2425 aliquid
646 2359 744 2404 unum
761 2340 792 2404 itt
805 2353 926 2419 naturai
940 2339 1025 2427 quod

102 2443 151 2496 ast
173 2429 301 2497 omniuo
325 2426 526 2514 impossibile,
551 2429 624 2514 quia
661 2425 818 2514 quaelibet
857 2429 1025 2502 substantia

103 2518 268 2607 spiritualis
287 2530 336 2582 est
360 2535 415 2602 per
436 2531 470 2580 se
490 2514 671 2582 subsistens.

169 2606 316 2673 Similiter
339 2605 431 2670 etium
458 2603 652 2690 impossibiie
672 2617 720 2670 est
742 2604 825 2690 quoti
842 2623 955 2693 eorpus
971 2604 1025 2672 bo·

104 2696 198 2762 minis
219 2693 407 2778 msurgentis
430 2692 470 2758 sit
491 2692 581 2778 quasi
603 2711 732 2758 aereum
754 2706 786 2758 et
807 2694 905 2759 tentis
916 2693 1027 2760 simile.

171 2782 299 2872 Oportet
323 2781 407 2847 enim
431 2800 544 2866 eorpus
570 2780 705 2847 bominis
728 2796 762 2848 et
783 2781 946 2868 cujuslibet
960 2783 1027 2848 ani·

105 2872 195 2939 mulis
216 2872 333 2938 babere
357 2869 593 2934 determinatam
619 2867 749 2954 liguram
774 2871 805 2936 in
829 2885 893 2937 toto
926 2884 957 2937 et
995 2873 1028 2937 in

104 2962 253 3048 partibus.
277 2959 396 3045 Corpus
420 2971 523 3023 autem
549 2959 667 3024 babens
691 2958 926 3025 determinatam
950 2959 1029 3045 ligu-
1166 2952 1172 2975 ⁸

103 3069 174 3126 ratu¹
196 3061 316 3138 oportet
331 3047 415 3133 quntl
437 3048 477 3112 sit
501 3046 532 3111 in
554 3066 589 3112 se
613 3047 819 3123 terminabile,
843 3049 915 3133 quia
928 3047 1027 3134 figura

103 3151 153 3206 est
173 3159 254 3226 quae
277 3135 409 3203 termino
432 3135 481 3200 tel
503 3135 644 3200 terminis
666 3136 952 3223 comprehenditurt
974 3155 1029 3202 aer

104 3240 211 3294 autent
234 3247 296 3293 non
320 3237 366 3290 est
390 3225 420 3288 in
443 3244 477 3288 se
501 3223 713 3303 terminabilis,
734 3224 791 3290 sed
801 3224 908 3310 solunt
923 3224 1027 3293 termi-

105 3335 150 3382 no
172 3315 273 3382 alieno
296 3313 487 3380 terminatur.
510 3310 579 3377 Non
601 3326 651 3379 est
671 3331 746 3398 erpo
768 3313 912 3400 possibile
941 3311 1026 3400 quot

105 3424 220 3492 eorpus
243 3402 376 3480 bominis
400 3401 587 3486 resurgentis
608 3403 649 3470 sit
681 3421 808 3470 aereum
846 3402 911 3470 toln
928 3401 1027 3470 tentis

104 3493 218 3564 simile.
