2484 3975
196 226 260 290 6l8
573 245 741 292 oroscuuuu

193 334 352 400 nunquam
375 311 471 380 deluit
493 312 609 401 aliquid
633 315 673 379 de
694 312 932 401 eomplemento.
952 311 1030 398 llrgo
1048 336 1125 382 eeu·

192 418 291 470 sotum
315 403 382 488 ejus
405 422 529 490 semper
552 416 651 490 potest
673 403 757 489 poni,
795 423 832 468 eo
869 403 978 488 posito.
1012 417 1043 469 et
1078 407 1124 472 ite

192 514 254 559 non
278 506 324 558 est
346 493 555 558 necessarium
578 492 662 578 quod
686 492 850 558 duratione
873 490 1047 576 praecedat.

259 581 431 659 Praetereo,
454 581 602 650 Voluntas
626 581 758 647 volentis
793 579 869 646 nihil
886 580 997 646 minuit
1008 581 1048 645 de
1059 583 1121 648 vir-

192 683 255 736 tute
279 670 355 756 ejus,
379 683 409 737 et
432 671 595 756 praecipue
621 671 651 736 in
670 670 748 736 Deo.
761 669 822 734 Sed
840 686 949 735 omnes
964 668 1121 738 solventes

191 759 229 825 ud
252 761 386 826 rationes
408 759 590 834 Aristotelis,
612 759 726 845 quibus
749 758 899 846 probetur
922 778 972 822 res
994 779 1121 846 eemper

190 847 283 914 luisse
306 869 323 913 e
346 849 413 914 Deo
437 868 492 934 per
515 847 574 914 hoo
596 848 681 934 quod
702 846 788 914 idem
813 845 1121 932 eemperleeitidem

189 935 295 1003 dieunt
317 936 401 1024 quod
425 937 483 1002 hou
506 950 698 1024 sequeretur,
720 937 745 1001 ei
768 955 831 1001 non
846 947 928 1003 estet
955 956 1050 1020 agens
1061 957 1124 1023 per

192 1025 390 1091 voluntatem.
415 1025 505 1110 Ergo,
527 1027 584 1091 etei
607 1040 740 1113 ponatur
762 1045 857 1110 egeus
889 1043 944 1110 per
978 1024 1119 1092 volunte-

191 1129 265 1194 tem,
288 1114 490 1180 nihilominue
512 1114 652 1200 sequitur
688 1113 773 1200 quod
811 1126 910 1201 potest
948 1111 1050 1179 faeere
1083 1128 1119 1180 ut

191 1218 349 1270 causatum
373 1203 412 1268 eb
435 1222 473 1268 eo
497 1222 657 1288 nunquam
680 1224 743 1268 non
767 1203 815 1268 sit.

257 1292 291 1358 Et
314 1294 354 1358 iu
378 1303 461 1378 patet
483 1291 567 1377 quod
591 1312 654 1358 non
677 1305 829 1379 repugnet
851 1289 1017 1357 intellectui
1034 1291 1120 1377 quod

191 1379 309 1446 dicutur
325 1401 416 1446 eausa
440 1399 535 1465 egene
559 1401 621 1446 non
646 1382 834 1467 praecedere
856 1380 999 1446 ellectum
1027 1399 1120 1446 suum

191 1469 362 1548 duratione,
385 1467 467 1555 quio,
491 1469 520 1534 in
544 1469 604 1536 illis
628 1490 708 1556 quae
731 1484 903 1556 repugnant
936 1467 1117 1548 intellectui,

190 1557 274 1624 Deus
297 1578 359 1624 non
384 1569 483 1645 potest
505 1557 606 1624 lacere
631 1557 761 1624 utillud
785 1561 831 1623 sit.

256 1647 342 1712 Nune
364 1662 456 1713 restat
480 1647 584 1712 uidere
608 1667 647 1713 en
670 1660 822 1733 repugnet
855 1646 1022 1712 intellectui
1058 1646 1115 1711 ali-

190 1734 401 1821 quid'loetum
426 1756 585 1822 nunquam
609 1756 672 1801 non
695 1735 801 1815 luisse,
813 1750 939 1822 propter
954 1735 1014 1799 hoe
1029 1735 1114 1820 quod

189 1827 396 1890 necessarium
420 1827 544 1891 sitnon
568 1845 636 1890 esse
659 1823 726 1909 ejus
751 1845 818 1889 esse
843 1824 940 1910 (ejus)
953 1823 1117 1890 duratione

187 1913 385 1999 praecedere,
409 1927 534 2001 propter
557 1913 617 1980 hoe
643 1913 728 2002 quod
749 1914 860 1979 dieitur
882 1933 922 1978 ex
944 1913 1041 1977 nihilo
1072 1912 1117 1978 la-

193 2017 277 2067 etum
301 2024 379 2069 esse.
441 2035 450 2057 ο

253 2091 315 2157 Sed
339 2090 422 2179 quod
446 2091 504 2155 hoo
528 2091 560 2157 in
583 2092 669 2158 nullo
692 2105 842 2179 repugnet
867 2090 1043 2157 ostenditur
1059 2110 1116 2177 per

187 2179 301 2246 diotum
325 2180 462 2246 Anselmi
485 2184 666 2265 exponenti·
690 2180 851 2267 quomodo
886 2194 1028 2245 ereatura
1066 2180 1115 2244 di-

186 2284 272 2334 cutur
295 2269 372 2335 lueto
396 2290 432 2334 er
456 2268 563 2335 nihilo:
595 2298 609 2329 «
633 2271 746 2347 Tertia,
770 2270 878 2356 inquit,
902 2270 1114 2354 interpretatio

186 2379 245 2443 qua
270 2357 381 2425 dieitur
405 2356 520 2444 oli-quid
543 2378 611 2425 esse
635 2359 748 2425 lactum
771 2379 809 2423 ex
834 2357 940 2435 nihilo,
963 2371 1009 2422 est
1039 2377 1112 2424 eum

185 2447 383 2532 intelligimus
406 2468 473 2513 esse
496 2448 621 2533 quidem
646 2448 770 2525 laetum,
793 2447 848 2513 sed
872 2468 935 2513 non
963 2466 1030 2511 esse
1054 2447 1112 2512 ali·

185 2536 258 2620 quid
284 2536 365 2601 unde
388 2536 425 2601 sit
449 2534 562 2601 loetum
586 2561 600 2597 e
630 2538 692 2622 (l).
716 2537 775 2601 Per
797 2535 930 2604 similem
953 2534 1108 2619 significa·

184 2628 299 2690 tionem
323 2626 383 2690 diei
406 2624 537 2702 uidetur,
560 2646 632 2693 eum
649 2629 783 2692 tristatus
806 2625 872 2690 sine
888 2644 980 2689 eausa
996 2622 1110 2690 dieitur

180 2715 379 2779 ‚contristatus
402 2712 440 2778 de
464 2712 570 2779 nihilo.
587 2713 766 2780 Secundum
779 2715 872 2799 igitur
887 2714 970 2778 hune
982 2732 1111 2779 sensum

184 2803 208 2865 si
249 2802 440 2887 intelligatur
474 2802 557 2888 quod
591 2824 683 2891 supro
717 2805 899 2868 conclusum
933 2814 990 2878 eet,
1027 2802 1111 2887 quie,

182 2906 303 2978 praeter
325 2911 479 2956 summam
504 2894 680 2971 essentium,
703 2906 812 2958 cuneta
843 2911 924 2977 quae
962 2902 1034 2957 eunt
1068 2890 1110 2956 el>

183 2978 295 3044 eodem
317 3000 354 3045 ex
378 2979 474 3044 nihilo
499 2978 577 3046 laete
601 2997 683 3061 sunt,
709 2980 788 3046 idest
822 3002 884 3045 nou
921 2998 959 3043 ex
995 2978 1111 3064 aliquo,

183 3067 258 3133 nihil
283 3068 501 3133 inconveniens
525 3084 679 3155 sequetur.
706 3069 793 3135 Unde
817 3081 899 3156 petet
934 3067 1029 3152 quod,
1061 3088 1109 3132 se·

181 3156 318 3222 eundum
346 3157 426 3222 huno
459 3158 696 3243 expositionem,
734 3178 797 3223 nou
836 3156 960 3245 ponitur
998 3156 1108 3242 aliquis

182 3244 258 3309 ordo
282 3245 348 3330 ejus
369 3244 452 3331 quod
476 3244 590 3311 lentum
613 3261 660 3313 est
684 3246 723 3313 ed
746 3246 835 3324 nihil,
857 3245 943 3333 quasi
963 3259 1107 3332 oportue·

182 3336 220 3483 rip
243 3333 328 3485 pupius
351 3333 434 3419 quod
459 3332 571 3400 laetum
596 3350 643 3403 est
665 3337 744 3424 nihil
760 3334 853 3402 luieee
865 3350 895 3401 et
907 3333 1106 3422 postmodum

182 3441 275 3504 etqui
321 3441 398 3486 erse.
981 3432 986 3441 '

234 3522 272 3591 (ll
289 3523 401 3592 Monoi„
420 3540 441 3578 o.
456 3522 486 3578 8.
