2484 3975
227 228 270 295 l8
503 252 558 297 tto.
582 251 620 296 tv.
645 252 707 296 nst.
732 250 770 295 ιι.
794 252 830 295 et
854 252 881 295 x.

226 320 337 406 posito,
360 319 521 387 manifeste
544 333 672 409 apparet
694 321 827 407 qualiter
850 320 940 384 Pater
951 332 998 384 est
1021 318 1052 385 in
1069 319 1151 388 Filio

225 423 256 474 et
292 407 385 474 Filius
423 409 455 474 in
491 410 592 475 Patre.
631 409 721 489 Nam,
743 430 815 476 cum
838 409 928 475 Pater
961 408 1001 475 sit
1022 430 1078 475 sua
1101 432 1152 478 es-

225 498 336 575 sentia,
360 498 431 583 quia
456 498 486 565 in
511 500 579 564 Deo
601 518 665 564 non
688 511 734 565 est
757 497 841 564 aliud
855 518 924 563 esse
939 510 971 563 et
983 500 1151 566 essentiam

225 586 355 663 habens,
378 599 410 653 ut
435 601 479 654 est
502 604 662 654 ostensum
685 589 721 669 tl.
747 589 776 665 l,
798 608 825 654 c.
860 588 930 665 92),
965 586 1151 673 relinquitur

223 674 307 761 quod
331 677 362 741 in
385 696 583 764 quocumque
605 677 646 742 sit
675 677 808 741 essentia
847 676 945 741 Patris
985 677 1024 741 sit
1046 675 1151 756 Pater3

224 764 398 843 et,'eadetn
421 768 550 845 ratione,
573 767 605 831 in
629 784 827 853 quocumque
849 778 896 831 est
919 766 1051 831 essentia
1079 764 1149 833 Filii

224 866 270 919 est
294 854 399 919 Filios.
423 854 521 934 Unde,
543 874 614 921 oum
637 860 769 919 essentia
793 854 891 921 Patris
927 854 968 919 sit
1001 854 1033 918 in
1068 854 1148 921 Filio

222 956 252 1007 et
274 944 406 1008 essentia
430 944 496 1008 Filii
520 945 550 1009 in
578 944 680 1022 Patre,
700 962 740 1008 eo
762 944 848 1030 qood
870 964 931 1011 nna
954 956 1001 1009 est
1013 947 1148 1009 essentia

223 1032 393 1118 utriusque,
416 1045 449 1097 nt
461 1032 538 1099 lides
551 1031 702 1098 catholica
715 1032 816 1110 docet3
830 1034 969 1119 sequitur
982 1030 1148 1098 manileste

224 1120 307 1204 quod
331 1122 421 1186 Pater
442 1124 481 1186 sit
503 1123 534 1186 in
558 1121 637 1188 Filio
660 1136 691 1188 et
713 1121 807 1187 Filius
841 1122 880 1187 sit
917 1122 948 1186 in
971 1120 1072 1186 Patre.
1112 1122 1149 1187 lit

223 1210 267 1273 sie
290 1208 401 1275 eodem
424 1210 520 1276 verbo
543 1224 574 1277 et
596 1212 721 1278 Sabellii
733 1225 764 1276 et
775 1210 836 1276 Arii
849 1230 936 1276 error
959 1209 1148 1276 conletatur.

559 1388 734 1455 CAPUT
765 1389 806 1454 X.

265 1510 413 1576 Rationes
436 1523 544 1579 oootro
565 1515 794 1601 gotcrotioucm
817 1524 847 1577 et
874 1513 1103 1598 processionem

610 1604 760 1670 divinam.

286 1739 439 1807 Omnibus
461 1741 554 1828 igitur
576 1741 740 1827 diligenter
754 1742 966 1822 consideretis,
982 1741 1150 1811 manifeste

219 1842 347 1917 apparet
370 1832 429 1897 hoo
453 1832 543 1896 nobis
565 1831 604 1895 de
628 1836 829 1915 generatione
854 1832 957 1897 divina
992 1832 1024 1896 in
1048 1836 1148 1899 sacris

220 1918 384 2007 Scripturis
407 1920 537 2007 proponi
561 1919 752 1985 eredendum
775 1921 859 2007 quod
883 1920 975 1986 Pater
997 1934 1028 1985 et
1047 1920 1150 1990 Filius

219 2009 274 2075 etsi
299 2009 438 2096 personis
461 2009 702 2095 distinguantur,
722 2025 796 2076 sunt
818 2025 924 2075 tameo
954 2030 1035 2075 nnus
1057 2009 1147 2077 Deus

218 2111 249 2162 et
273 2102 366 2162 unam
391 2097 507 2163 habent
529 2099 694 2164 essentiam
717 2119 772 2166 seo
799 2113 950 2164 usturam.
975 2099 1055 2180 Quia
1068 2119 1146 2166 vero

217 2209 235 2250 a
259 2199 468 2252 creaturarum
493 2200 601 2252 natura
625 2189 685 2253 ltoo
708 2189 862 2254 invenitur
884 2187 973 2254 valde
986 2201 1146 2254 remotum

216 2288 251 2340 ut
274 2276 375 2361 aliqua
410 2275 473 2340 duo
510 2277 673 2364 supposito
710 2276 938 2364 distinguantur
971 2290 1001 2342 et
1037 2289 1148 2344 tamen

217 2384 328 2430 eorum*
349 2366 388 2430 sit
411 2385 472 2430 una
495 2365 637 2444 essentia,
660 2368 795 2432 humana
826 2368 914 2445 ratio,
948 2385 987 2430 ex
1019 2378 1150 2432 ereatu-

215 2474 321 2520 rarum
344 2454 579 2544 proprietatibus
603 2455 786 2541 procedens,
808 2453 1010 2542 multiplicem
1035 2456 1066 2518 in
1080 2455 1146 2522 troc

215 2556 334 2608 secreto
358 2542 482 2609 ditinae
504 2544 713 2628 generationis
735 2546 849 2632 patitur
871 2539 1092 2609 difficultatem.

281 2631 370 2710 Nam,
393 2653 464 2697 cunt
488 2634 646 2717 generatio
668 2633 759 2698 nobis
783 2647 855 2699 nota
889 2632 1022 2697 mutatio
1042 2651 1146 2718 qnae·

214 2719 287 2784 dam
308 2722 358 2799 sit,
380 2721 430 2786 coi
453 2723 619 2808 opponitur
651 2723 820 2809 corruptio,
856 2719 981 2790 difficile
1018 2721 1147 2788 ridetur

214 2809 246 2873 in
271 2809 337 2874 Deo
360 2811 591 2894 generationem
617 2829 745 2896 ponere,
767 2814 820 2897 qni
854 2824 900 2876 est
937 2810 1147 2878 immutabilis
1222 2844 1223 2847 ¹

213 2897 454 2982 incorruptibilis
477 2913 507 2964 et
530 2913 684 2978 aeternus,
706 2914 740 2965 ut
778 2920 815 2965 ex
849 2899 1063 2988 superioribas
1105 2902 1145 2988 (l.

215 2987 245 3064 l,
268 3007 295 3052 o.
325 2987 365 3052 ld
388 3000 419 3051 et
444 2987 615 3074 lll)patet.
704 3005 707 3010 ’

279 3075 428 3164 Amplius,
450 3076 482 3140 Si
507 3076 806 3160 generatio-mutatio
829 3091 885 3157 est,
901 3092 1024 3166 oportet
1039 3099 1141 3146 omne

212 3164 295 3250 quod
319 3178 484 3250 generator
506 3166 655 3230 motabile
677 3185 755 3232 esse.
771 3165 981 3248 Quotation
997 3181 1142 3236 mittatur

211 3255 274 3318 exit
297 3253 336 3318 de
359 3254 495 3341 potentia
518 3254 550 3318 in
572 3269 687 3331 notum3
721 3275 794 3320 narn
828 3269 933 3323 motus
969 3271 1016 3322 est
1049 3271 1144 3325 aetus

212 3343 366 3407 existentis
390 3345 421 3406 in
444 3343 578 3429 potentia
612 3343 785 3408 secondom
820 3345 903 3430 qood
939 3345 1145 3432 hujusmodi.-

211 3430 242 3492 st
267 3431 359 3514 igitur
381 3431 475 3496 Filius
498 3431 559 3496 Dei
579 3445 625 3496 est
647 3433 779 3516 genitus,
796 3435 916 3500 videtur
930 3437 1015 3521 qood
1029 3455 1139 3522 neque

211 3531 356 3585 aeternos
376 3522 426 3600 sit,
440 3533 597 3608 tamquam
621 3519 661 3586 de
684 3522 819 3608 potentia
844 3521 875 3587 in
897 3525 1144 3608 assumtione,
