<?xml version="1.0" encoding="UTF-8"?>
<!DOCTYPE html PUBLIC "-//W3C//DTD XHTML 1.0 Transitional//EN"
    "http://www.w3.org/TR/xhtml1/DTD/xhtml1-transitional.dtd">
<html xmlns="http://www.w3.org/1999/xhtml" xml:lang="en" lang="en">
 <head>
  <title>
</title>
<meta http-equiv="Content-Type" content="text/html;charset=utf-8" />
  <meta name='ocr-system' content='tesseract 3.04.00' />
  <meta name='ocr-capabilities' content='ocr_page ocr_carea ocr_par ocr_line ocrx_word'/>
</head>
<body>
  <div class='ocr_page' id='page_1' title='image "./sanctithomaeaqu01thomgoog_0628.png"; bbox 0 0 2484 3975; ppageno 0'>
   <div class='ocr_carea' id='block_1_1' title="bbox 199 245 1129 3622">
    <p class='ocr_par' dir='ltr' id='par_1_1' title="bbox 207 245 751 314">
     <span class='ocr_line' id='line_1_1' title="bbox 207 245 751 314; baseline -0.004 -1"><span class='ocrx_word' id='word_1_1' title='bbox 207 245 271 314; x_wconf 74' lang='lat'>608</span> <span class='ocrx_word' id='word_1_2' title='bbox 580 267 751 314; x_wconf 78' lang='lat' dir='ltr'>onnscnnon</span> 
     </span>
    </p>

    <p class='ocr_par' dir='ltr' id='par_1_2' title="bbox 199 334 1129 3622">
     <span class='ocr_line' id='line_1_2' title="bbox 205 334 1128 424; baseline -0.001 -25"><span class='ocrx_word' id='word_1_3' title='bbox 205 338 252 402; x_wconf 86' lang='lat' dir='ltr'>vel</span> <span class='ocrx_word' id='word_1_4' title='bbox 276 337 390 424; x_wconf 87' lang='lat' dir='ltr'>pluries</span> <span class='ocrx_word' id='word_1_5' title='bbox 414 349 546 424; x_wconf 88' lang='lat' dir='ltr'>aeoepla,</span> <span class='ocrx_word' id='word_1_6' title='bbox 578 340 794 424; x_wconf 84' lang='lat' dir='ltr'>aequiparatur</span> <span class='ocrx_word' id='word_1_7' title='bbox 828 347 1014 414; x_wconf 86' lang='lat' dir='ltr'>mensurato,</span> <span class='ocrx_word' id='word_1_8' title='bbox 1048 334 1128 400; x_wconf 86' lang='lat' dir='ltr'>sieut</span> 
     </span>
     <span class='ocr_line' id='line_1_3' title="bbox 205 423 1127 497; baseline -0.002 -7"><span class='ocrx_word' id='word_1_9' title='bbox 205 425 348 491; x_wconf 75' lang='lat' dir='ltr'>trinarius</span> <span class='ocrx_word' id='word_1_10' title='bbox 371 425 465 491; x_wconf 84' lang='lat' dir='ltr'>allum</span> <span class='ocrx_word' id='word_1_11' title='bbox 490 427 651 492; x_wconf 73' lang='lat' dir='ltr'>trinarium</span> <span class='ocrx_word' id='word_1_12' title='bbox 674 437 832 491; x_wconf 80' lang='lat' dir='ltr'>mensurat</span> <span class='ocrx_word' id='word_1_13' title='bbox 848 423 896 487; x_wconf 87' lang='lat' dir='ltr'>vel</span> <span class='ocrx_word' id='word_1_14' title='bbox 911 423 1127 497; x_wconf 65' lang='lat' dir='ltr'>novenarium</span> 
     </span>
     <span class='ocr_line' id='line_1_4' title="bbox 204 510 1127 602; baseline -0.002 -24"><span class='ocrx_word' id='word_1_15' title='bbox 204 513 263 579; x_wconf 92' lang='lat' dir='ltr'>alio</span> <span class='ocrx_word' id='word_1_16' title='bbox 275 513 380 589; x_wconf 87' lang='lat' dir='ltr'>modo,</span> <span class='ocrx_word' id='word_1_17' title='bbox 395 514 519 602; x_wconf 87' lang='lat' dir='ltr'>quando</span> <span class='ocrx_word' id='word_1_18' title='bbox 536 535 632 580; x_wconf 90' lang='lat' dir='ltr'>unum</span> <span class='ocrx_word' id='word_1_19' title='bbox 650 529 694 580; x_wconf 90' lang='lat' dir='ltr'>est</span> <span class='ocrx_word' id='word_1_20' title='bbox 717 514 796 580; x_wconf 83' lang='lat' dir='ltr'>ratio</span> <span class='ocrx_word' id='word_1_21' title='bbox 811 512 1017 598; x_wconf 80' lang='lat' dir='ltr'>cognoscendi</span> <span class='ocrx_word' id='word_1_22' title='bbox 1031 510 1127 589; x_wconf 86' lang='lat' dir='ltr'>aliud,</span> 
     </span>
     <span class='ocr_line' id='line_1_5' title="bbox 204 599 1125 690; baseline -0.003 -22"><span class='ocrx_word' id='word_1_23' title='bbox 204 602 288 668; x_wconf 88' lang='lat' dir='ltr'>unde</span> <span class='ocrx_word' id='word_1_24' title='bbox 311 603 351 668; x_wconf 87' lang='lat' dir='ltr'>de</span> <span class='ocrx_word' id='word_1_25' title='bbox 373 603 431 669; x_wconf 76' lang='lat' dir='ltr'>ilto</span> <span class='ocrx_word' id='word_1_26' title='bbox 463 605 600 690; x_wconf 80' lang='lat' dir='ltr'>cognitio</span> <span class='ocrx_word' id='word_1_27' title='bbox 623 625 685 669; x_wconf 93' lang='lat' dir='ltr'>non</span> <span class='ocrx_word' id='word_1_28' title='bbox 709 604 839 668; x_wconf 83' lang='lat' dir='ltr'>babetur</span> <span class='ocrx_word' id='word_1_29' title='bbox 863 601 920 666; x_wconf 88' lang='lat' dir='ltr'>nisi</span> <span class='ocrx_word' id='word_1_30' title='bbox 953 599 1125 667; x_wconf 87' lang='lat' dir='ltr'>seeundum</span> 
     </span>
     <span class='ocr_line' id='line_1_6' title="bbox 202 689 1128 778; baseline -0.001 -23"><span class='ocrx_word' id='word_1_31' title='bbox 202 691 286 778; x_wconf 87' lang='lat' dir='ltr'>quod</span> <span class='ocrx_word' id='word_1_32' title='bbox 310 691 396 758; x_wconf 82' lang='lat' dir='ltr'>aliud</span> <span class='ocrx_word' id='word_1_33' title='bbox 419 691 502 758; x_wconf 80' lang='lat' dir='ltr'>ducit</span> <span class='ocrx_word' id='word_1_34' title='bbox 527 693 716 758; x_wconf 84' lang='lat' dir='ltr'>intellectum</span> <span class='ocrx_word' id='word_1_35' title='bbox 740 695 771 757; x_wconf 92' lang='lat' dir='ltr'>in</span> <span class='ocrx_word' id='word_1_36' title='bbox 795 691 1004 776; x_wconf 81' lang='lat' dir='ltr'>cognitionem</span> <span class='ocrx_word' id='word_1_37' title='bbox 1020 689 1128 776; x_wconf 77' lang='lat' dir='ltr'>ipsius,</span> 
     </span>
     <span class='ocr_line' id='line_1_7' title="bbox 203 779 1125 856; baseline 0 -12"><span class='ocrx_word' id='word_1_38' title='bbox 203 793 234 846; x_wconf 89' lang='lat' dir='ltr'>et</span> <span class='ocrx_word' id='word_1_39' title='bbox 258 780 328 845; x_wconf 87' lang='lat' dir='ltr'>ideo</span> <span class='ocrx_word' id='word_1_40' title='bbox 352 780 426 847; x_wconf 88' lang='lat' dir='ltr'>illud</span> <span class='ocrx_word' id='word_1_41' title='bbox 450 783 580 847; x_wconf 86' lang='lat' dir='ltr'>nouerit</span> <span class='ocrx_word' id='word_1_42' title='bbox 603 782 743 846; x_wconf 86' lang='lat' dir='ltr'>absolute</span> <span class='ocrx_word' id='word_1_43' title='bbox 759 800 904 845; x_wconf 81' lang='lat' dir='ltr'>mensura</span> <span class='ocrx_word' id='word_1_44' title='bbox 921 781 1056 856; x_wconf 85' lang='lat' dir='ltr'>alterins,</span> <span class='ocrx_word' id='word_1_45' title='bbox 1070 779 1125 844; x_wconf 86' lang='lat' dir='ltr'>sed</span> 
     </span>
     <span class='ocr_line' id='line_1_8' title="bbox 203 867 1127 954; baseline -0.002 -20"><span class='ocrx_word' id='word_1_46' title='bbox 203 869 358 934; x_wconf 88' lang='lat' dir='ltr'>mediante</span> <span class='ocrx_word' id='word_1_47' title='bbox 381 871 519 948; x_wconf 67' lang='lat' dir='ltr'>scientim</span> <span class='ocrx_word' id='word_1_48' title='bbox 541 884 570 934; x_wconf 88' lang='lat' dir='ltr'>et</span> <span class='ocrx_word' id='word_1_49' title='bbox 595 870 666 935; x_wconf 89' lang='lat' dir='ltr'>ideo</span> <span class='ocrx_word' id='word_1_50' title='bbox 691 868 896 954; x_wconf 77' lang='lat' dir='ltr'>Philosophus</span> <span class='ocrx_word' id='word_1_51' title='bbox 929 869 1003 934; x_wconf 88' lang='lat' dir='ltr'>dioit</span> <span class='ocrx_word' id='word_1_52' title='bbox 1036 867 1127 952; x_wconf 86' lang='lat' dir='ltr'>(lle-</span> 
     </span>
     <span class='ocr_line' id='line_1_9' title="bbox 204 956 1127 1046; baseline 0 -26"><span class='ocrx_word' id='word_1_53' title='bbox 204 958 334 1044; x_wconf 84' lang='lat' dir='ltr'>tapbys.‚</span> <span class='ocrx_word' id='word_1_54' title='bbox 358 957 426 1045; x_wconf 92' lang='lat' dir='ltr'>lll)</span> <span class='ocrx_word' id='word_1_55' title='bbox 448 957 530 1046; x_wconf 92' lang='lat' dir='ltr'>quod</span> <span class='ocrx_word' id='word_1_56' title='bbox 553 960 679 1025; x_wconf 87' lang='lat' dir='ltr'>scientia</span> <span class='ocrx_word' id='word_1_57' title='bbox 696 973 741 1024; x_wconf 90' lang='lat' dir='ltr'>est</span> <span class='ocrx_word' id='word_1_58' title='bbox 757 974 902 1023; x_wconf 85' lang='lat' dir='ltr'>mensura</span> <span class='ocrx_word' id='word_1_59' title='bbox 925 956 1049 1032; x_wconf 81' lang='lat' dir='ltr'>scibilis3</span> <span class='ocrx_word' id='word_1_60' title='bbox 1066 957 1127 1021; x_wconf 87' lang='lat' dir='ltr'>boo</span> 
     </span>
     <span class='ocr_line' id='line_1_10' title="bbox 204 1045 1127 1134; baseline -0.002 -24"><span class='ocrx_word' id='word_1_61' title='bbox 204 1059 307 1110; x_wconf 87' lang='lat' dir='ltr'>autem</span> <span class='ocrx_word' id='word_1_62' title='bbox 331 1049 389 1112; x_wconf 83' lang='lat' dir='ltr'>erit</span> <span class='ocrx_word' id='word_1_63' title='bbox 412 1068 467 1134; x_wconf 89' lang='lat' dir='ltr'>per</span> <span class='ocrx_word' id='word_1_64' title='bbox 491 1047 618 1114; x_wconf 86' lang='lat' dir='ltr'>modum</span> <span class='ocrx_word' id='word_1_65' title='bbox 652 1048 733 1113; x_wconf 92' lang='lat' dir='ltr'>illins</span> <span class='ocrx_word' id='word_1_66' title='bbox 757 1067 812 1132; x_wconf 92' lang='lat' dir='ltr'>per</span> <span class='ocrx_word' id='word_1_67' title='bbox 838 1046 921 1130; x_wconf 89' lang='lat' dir='ltr'>qnod</span> <span class='ocrx_word' id='word_1_68' title='bbox 954 1045 1127 1111; x_wconf 83' lang='lat' dir='ltr'>intellectus</span> 
     </span>
     <span class='ocr_line' id='line_1_11' title="bbox 204 1133 1126 1221; baseline -0.001 -23"><span class='ocrx_word' id='word_1_69' title='bbox 204 1134 327 1199; x_wconf 82' lang='lat' dir='ltr'>ducitur</span> <span class='ocrx_word' id='word_1_70' title='bbox 349 1137 379 1200; x_wconf 91' lang='lat' dir='ltr'>in</span> <span class='ocrx_word' id='word_1_71' title='bbox 403 1135 610 1221; x_wconf 80' lang='lat' dir='ltr'>cognitionem</span> <span class='ocrx_word' id='word_1_72' title='bbox 641 1137 709 1203; x_wconf 86' lang='lat' dir='ltr'>talis</span> <span class='ocrx_word' id='word_1_73' title='bbox 731 1137 786 1202; x_wconf 90' lang='lat' dir='ltr'>rei.</span> <span class='ocrx_word' id='word_1_74' title='bbox 811 1135 869 1199; x_wconf 87' lang='lat' dir='ltr'>lsto</span> <span class='ocrx_word' id='word_1_75' title='bbox 894 1134 987 1199; x_wconf 81' lang='lat' dir='ltr'>morlo</span> <span class='ocrx_word' id='word_1_76' title='bbox 1010 1133 1126 1198; x_wconf 87' lang='lat' dir='ltr'>mobile</span> 
     </span>
     <span class='ocr_line' id='line_1_12' title="bbox 204 1223 1125 1311; baseline -0.003 -23"><span class='ocrx_word' id='word_1_77' title='bbox 204 1236 304 1308; x_wconf 87' lang='lat' dir='ltr'>potest</span> <span class='ocrx_word' id='word_1_78' title='bbox 327 1223 385 1289; x_wconf 89' lang='lat' dir='ltr'>dioi</span> <span class='ocrx_word' id='word_1_79' title='bbox 410 1245 554 1290; x_wconf 85' lang='lat' dir='ltr'>mensura</span> <span class='ocrx_word' id='word_1_80' title='bbox 579 1239 691 1304; x_wconf 86' lang='lat' dir='ltr'>motus,</span> <span class='ocrx_word' id='word_1_81' title='bbox 725 1225 796 1311; x_wconf 87' lang='lat' dir='ltr'>qnia</span> <span class='ocrx_word' id='word_1_82' title='bbox 821 1245 876 1309; x_wconf 89' lang='lat' dir='ltr'>per</span> <span class='ocrx_word' id='word_1_83' title='bbox 897 1223 963 1309; x_wconf 90' lang='lat' dir='ltr'>ejus</span> <span class='ocrx_word' id='word_1_84' title='bbox 985 1223 1125 1286; x_wconf 87' lang='lat' dir='ltr'>notitiam</span> 
     </span>
     <span class='ocr_line' id='line_1_13' title="bbox 204 1311 1125 1397; baseline -0.002 -21"><span class='ocrx_word' id='word_1_85' title='bbox 204 1311 366 1378; x_wconf 80' lang='lat' dir='ltr'>devenitur</span> <span class='ocrx_word' id='word_1_86' title='bbox 388 1313 419 1379; x_wconf 91' lang='lat' dir='ltr'>in</span> <span class='ocrx_word' id='word_1_87' title='bbox 442 1314 580 1378; x_wconf 86' lang='lat' dir='ltr'>notitiam</span> <span class='ocrx_word' id='word_1_88' title='bbox 606 1330 718 1390; x_wconf 88' lang='lat' dir='ltr'>motus,</span> <span class='ocrx_word' id='word_1_89' title='bbox 742 1312 1040 1378; x_wconf 64' lang='lat' dir='ltr'>utibidem&#39;tlieitnr</span> <span class='ocrx_word' id='word_1_90' title='bbox 1055 1311 1125 1397; x_wconf 87' lang='lat' dir='ltr'>quia</span> 
     </span>
     <span class='ocr_line' id='line_1_14' title="bbox 204 1399 1124 1490; baseline -0.003 -24"><span class='ocrx_word' id='word_1_91' title='bbox 204 1401 319 1466; x_wconf 81' lang='lat' dir='ltr'>mobile</span> <span class='ocrx_word' id='word_1_92' title='bbox 341 1416 386 1466; x_wconf 90' lang='lat' dir='ltr'>est</span> <span class='ocrx_word' id='word_1_93' title='bbox 419 1423 615 1490; x_wconf 87' lang='lat' dir='ltr'>permanens,</span> <span class='ocrx_word' id='word_1_94' title='bbox 644 1419 744 1469; x_wconf 86' lang='lat' dir='ltr'>motus</span> <span class='ocrx_word' id='word_1_95' title='bbox 767 1422 841 1466; x_wconf 83' lang='lat' dir='ltr'>vero</span> <span class='ocrx_word' id='word_1_96' title='bbox 871 1402 1032 1478; x_wconf 88' lang='lat' dir='ltr'>transiens,</span> <span class='ocrx_word' id='word_1_97' title='bbox 1056 1399 1124 1464; x_wconf 89' lang='lat' dir='ltr'>ideo</span> 
     </span>
     <span class='ocr_line' id='line_1_15' title="bbox 203 1487 1126 1578; baseline -0.003 -23"><span class='ocrx_word' id='word_1_98' title='bbox 203 1489 318 1555; x_wconf 87' lang='lat' dir='ltr'>mobile</span> <span class='ocrx_word' id='word_1_99' title='bbox 341 1491 441 1557; x_wconf 87' lang='lat' dir='ltr'>notius</span> <span class='ocrx_word' id='word_1_100' title='bbox 464 1507 511 1556; x_wconf 89' lang='lat' dir='ltr'>est</span> <span class='ocrx_word' id='word_1_101' title='bbox 534 1493 601 1578; x_wconf 88' lang='lat' dir='ltr'>ipso</span> <span class='ocrx_word' id='word_1_102' title='bbox 624 1506 720 1557; x_wconf 86' lang='lat' dir='ltr'>motu.</span> <span class='ocrx_word' id='word_1_103' title='bbox 756 1491 904 1556; x_wconf 88' lang='lat' dir='ltr'>Similiter</span> <span class='ocrx_word' id='word_1_104' title='bbox 926 1492 1042 1554; x_wconf 85' lang='lat' dir='ltr'>instans</span> <span class='ocrx_word' id='word_1_105' title='bbox 1067 1487 1126 1553; x_wconf 87' lang='lat' dir='ltr'>tale</span> 
     </span>
     <span class='ocr_line' id='line_1_16' title="bbox 203 1579 1125 1668; baseline -0.004 -23"><span class='ocrx_word' id='word_1_106' title='bbox 203 1579 306 1645; x_wconf 89' lang='lat' dir='ltr'>notius</span> <span class='ocrx_word' id='word_1_107' title='bbox 330 1593 375 1646; x_wconf 87' lang='lat' dir='ltr'>est</span> <span class='ocrx_word' id='word_1_108' title='bbox 410 1593 548 1668; x_wconf 87' lang='lat' dir='ltr'>tempore</span> <span class='ocrx_word' id='word_1_109' title='bbox 570 1581 759 1668; x_wconf 66' lang='lat' dir='ltr'>simpliciter,</span> <span class='ocrx_word' id='word_1_110' title='bbox 782 1582 853 1667; x_wconf 90' lang='lat' dir='ltr'>quia</span> <span class='ocrx_word' id='word_1_111' title='bbox 876 1597 1063 1666; x_wconf 86' lang='lat' dir='ltr'>permanens</span> <span class='ocrx_word' id='word_1_112' title='bbox 1080 1588 1125 1642; x_wconf 87' lang='lat' dir='ltr'>est</span> 
     </span>
     <span class='ocr_line' id='line_1_17' title="bbox 204 1666 1126 1756; baseline -0.004 -24"><span class='ocrx_word' id='word_1_113' title='bbox 204 1683 234 1732; x_wconf 85' lang='lat' dir='ltr'>et</span> <span class='ocrx_word' id='word_1_114' title='bbox 257 1668 339 1734; x_wconf 88' lang='lat' dir='ltr'>idem</span> <span class='ocrx_word' id='word_1_115' title='bbox 363 1689 407 1748; x_wconf 90' lang='lat' dir='ltr'>re,</span> <span class='ocrx_word' id='word_1_116' title='bbox 431 1681 552 1756; x_wconf 87' lang='lat' dir='ltr'>tempus</span> <span class='ocrx_word' id='word_1_117' title='bbox 575 1689 649 1736; x_wconf 86' lang='lat' dir='ltr'>vero</span> <span class='ocrx_word' id='word_1_118' title='bbox 673 1670 832 1747; x_wconf 65' lang='lat' dir='ltr'>transiens</span> <span class='ocrx_word' id='word_1_119' title='bbox 855 1668 925 1733; x_wconf 86' lang='lat' dir='ltr'>lieet</span> <span class='ocrx_word' id='word_1_120' title='bbox 939 1666 1126 1753; x_wconf 87' lang='lat' dir='ltr'>quandoque</span> 
     </span>
     <span class='ocr_line' id='line_1_18' title="bbox 204 1754 1125 1846; baseline -0.001 -26"><span class='ocrx_word' id='word_1_121' title='bbox 204 1769 325 1844; x_wconf 88' lang='lat' dir='ltr'>tempus</span> <span class='ocrx_word' id='word_1_122' title='bbox 348 1758 383 1823; x_wconf 92' lang='lat' dir='ltr'>sit</span> <span class='ocrx_word' id='word_1_123' title='bbox 409 1759 498 1825; x_wconf 90' lang='lat' dir='ltr'>nobis</span> <span class='ocrx_word' id='word_1_124' title='bbox 521 1760 633 1840; x_wconf 87' lang='lat' dir='ltr'>notius,</span> <span class='ocrx_word' id='word_1_125' title='bbox 656 1760 727 1846; x_wconf 86' lang='lat' dir='ltr'>quia</span> <span class='ocrx_word' id='word_1_126' title='bbox 749 1773 795 1823; x_wconf 84' lang='lat' dir='ltr'>est</span> <span class='ocrx_word' id='word_1_127' title='bbox 817 1758 919 1844; x_wconf 89' lang='lat' dir='ltr'>aliquo</span> <span class='ocrx_word' id='word_1_128' title='bbox 941 1755 1036 1821; x_wconf 90' lang='lat' dir='ltr'>modo</span> <span class='ocrx_word' id='word_1_129' title='bbox 1052 1754 1125 1820; x_wconf 91' lang='lat' dir='ltr'>sob-</span> 
     </span>
     <span class='ocr_line' id='line_1_19' title="bbox 200 1844 1126 1933; baseline -0.003 -24"><span class='ocrx_word' id='word_1_130' title='bbox 200 1845 318 1930; x_wconf 79' lang='lat' dir='ltr'>jectum</span> <span class='ocrx_word' id='word_1_131' title='bbox 340 1847 455 1926; x_wconf 84' lang='lat' dir='ltr'>sensui,</span> <span class='ocrx_word' id='word_1_132' title='bbox 477 1849 548 1933; x_wconf 85' lang='lat' dir='ltr'>qnia</span> <span class='ocrx_word' id='word_1_133' title='bbox 572 1860 618 1912; x_wconf 90' lang='lat' dir='ltr'>est</span> <span class='ocrx_word' id='word_1_134' title='bbox 640 1847 784 1912; x_wconf 83' lang='lat' dir='ltr'>sensibile</span> <span class='ocrx_word' id='word_1_135' title='bbox 806 1864 982 1923; x_wconf 80' lang='lat' dir='ltr'>commune,</span> <span class='ocrx_word' id='word_1_136' title='bbox 997 1862 1070 1908; x_wconf 85' lang='lat' dir='ltr'>eum</span> <span class='ocrx_word' id='word_1_137' title='bbox 1087 1844 1126 1908; x_wconf 88' lang='lat' dir='ltr'>sit</span> 
     </span>
     <span class='ocr_line' id='line_1_20' title="bbox 203 1931 1127 2021; baseline -0.003 -22"><span class='ocrx_word' id='word_1_138' title='bbox 203 1953 352 2001; x_wconf 86' lang='lat' dir='ltr'>numerus</span> <span class='ocrx_word' id='word_1_139' title='bbox 375 1950 486 2002; x_wconf 88' lang='lat' dir='ltr'>motus.</span> <span class='ocrx_word' id='word_1_140' title='bbox 509 1934 585 2003; x_wconf 88' lang='lat' dir='ltr'>Cum</span> <span class='ocrx_word' id='word_1_141' title='bbox 611 1949 713 2001; x_wconf 84' lang='lat' dir='ltr'>autent</span> <span class='ocrx_word' id='word_1_142' title='bbox 737 1935 847 2002; x_wconf 85' lang='lat' dir='ltr'>dicitur</span> <span class='ocrx_word' id='word_1_143' title='bbox 868 1934 951 2021; x_wconf 90' lang='lat' dir='ltr'>quod</span> <span class='ocrx_word' id='word_1_144' title='bbox 978 1931 1057 1998; x_wconf 83' lang='lat' dir='ltr'>nibil</span> <span class='ocrx_word' id='word_1_145' title='bbox 1079 1945 1127 1997; x_wconf 87' lang='lat' dir='ltr'>est</span> 
     </span>
     <span class='ocr_line' id='line_1_21' title="bbox 203 2022 1127 2110; baseline -0.002 -22"><span class='ocrx_word' id='word_1_146' title='bbox 203 2042 349 2109; x_wconf 89' lang='lat' dir='ltr'>praesens</span> <span class='ocrx_word' id='word_1_147' title='bbox 373 2022 411 2089; x_wconf 90' lang='lat' dir='ltr'>de</span> <span class='ocrx_word' id='word_1_148' title='bbox 441 2038 580 2110; x_wconf 87' lang='lat' dir='ltr'>tempore</span> <span class='ocrx_word' id='word_1_149' title='bbox 617 2027 675 2091; x_wconf 87' lang='lat' dir='ltr'>nisi</span> <span class='ocrx_word' id='word_1_150' title='bbox 711 2046 803 2104; x_wconf 87' lang='lat' dir='ltr'>nuno,</span> <span class='ocrx_word' id='word_1_151' title='bbox 835 2043 898 2089; x_wconf 92' lang='lat' dir='ltr'>non</span> <span class='ocrx_word' id='word_1_152' title='bbox 937 2022 1127 2107; x_wconf 81' lang='lat' dir='ltr'>significatur</span> 
     </span>
     <span class='ocr_line' id='line_1_22' title="bbox 204 2110 1125 2200; baseline -0.005 -21"><span class='ocrx_word' id='word_1_153' title='bbox 204 2112 328 2199; x_wconf 88' lang='lat' dir='ltr'>aliquod</span> <span class='ocrx_word' id='word_1_154' title='bbox 351 2110 467 2179; x_wconf 88' lang='lat' dir='ltr'>instans</span> <span class='ocrx_word' id='word_1_155' title='bbox 489 2114 572 2200; x_wconf 84' lang='lat' dir='ltr'>quod</span> <span class='ocrx_word' id='word_1_156' title='bbox 595 2127 642 2180; x_wconf 89' lang='lat' dir='ltr'>est</span> <span class='ocrx_word' id='word_1_157' title='bbox 664 2115 845 2181; x_wconf 82' lang='lat' dir='ltr'>continuans</span> <span class='ocrx_word' id='word_1_158' title='bbox 861 2124 962 2198; x_wconf 88' lang='lat' dir='ltr'>partes</span> <span class='ocrx_word' id='word_1_159' title='bbox 977 2111 1125 2197; x_wconf 87' lang='lat' dir='ltr'>temporis</span> 
     </span>
     <span class='ocr_line' id='line_1_23' title="bbox 203 2202 1126 2289; baseline -0.004 -23"><span class='ocrx_word' id='word_1_160' title='bbox 203 2202 243 2267; x_wconf 81' lang='lat' dir='ltr'>ad</span> <span class='ocrx_word' id='word_1_161' title='bbox 266 2202 408 2277; x_wconf 84' lang='lat' dir='ltr'>invicem,</span> <span class='ocrx_word' id='word_1_162' title='bbox 431 2204 513 2288; x_wconf 90' lang='lat' dir='ltr'>qnod</span> <span class='ocrx_word' id='word_1_163' title='bbox 537 2224 607 2268; x_wconf 87' lang='lat' dir='ltr'>eum</span> <span class='ocrx_word' id='word_1_164' title='bbox 632 2218 771 2289; x_wconf 89' lang='lat' dir='ltr'>tempore</span> <span class='ocrx_word' id='word_1_165' title='bbox 793 2202 905 2267; x_wconf 88' lang='lat' dir='ltr'>labitur</span> <span class='ocrx_word' id='word_1_166' title='bbox 928 2220 985 2265; x_wconf 85' lang='lat' dir='ltr'>nee</span> <span class='ocrx_word' id='word_1_167' title='bbox 1002 2218 1126 2286; x_wconf 87' lang='lat' dir='ltr'>perma-</span> 
     </span>
     <span class='ocr_line' id='line_1_24' title="bbox 203 2289 1126 2379; baseline -0.004 -23"><span class='ocrx_word' id='word_1_168' title='bbox 203 2304 255 2356; x_wconf 87' lang='lat' dir='ltr'>net</span> <span class='ocrx_word' id='word_1_169' title='bbox 278 2303 312 2355; x_wconf 88' lang='lat' dir='ltr'>ut</span> <span class='ocrx_word' id='word_1_170' title='bbox 334 2292 444 2357; x_wconf 89' lang='lat' dir='ltr'>iterum</span> <span class='ocrx_word' id='word_1_171' title='bbox 468 2293 581 2378; x_wconf 78' lang='lat' dir='ltr'>signari</span> <span class='ocrx_word' id='word_1_172' title='bbox 606 2293 711 2379; x_wconf 85' lang='lat' dir='ltr'>possit,</span> <span class='ocrx_word' id='word_1_173' title='bbox 732 2292 811 2356; x_wconf 82' lang='lat' dir='ltr'>sieut</span> <span class='ocrx_word' id='word_1_174' title='bbox 832 2301 931 2377; x_wconf 89' lang='lat' dir='ltr'>potest</span> <span class='ocrx_word' id='word_1_175' title='bbox 947 2302 1078 2375; x_wconf 78' lang='lat' dir='ltr'>punctus</span> <span class='ocrx_word' id='word_1_176' title='bbox 1095 2289 1126 2352; x_wconf 90' lang='lat' dir='ltr'>in</span> 
     </span>
     <span class='ocr_line' id='line_1_25' title="bbox 203 2380 1126 2463; baseline -0.003 -18"><span class='ocrx_word' id='word_1_177' title='bbox 203 2380 282 2445; x_wconf 87' lang='lat' dir='ltr'>linea</span> <span class='ocrx_word' id='word_1_178' title='bbox 308 2400 388 2446; x_wconf 81' lang='lat' dir='ltr'>unus</span> <span class='ocrx_word' id='word_1_179' title='bbox 411 2395 441 2445; x_wconf 93' lang='lat' dir='ltr'>et</span> <span class='ocrx_word' id='word_1_180' title='bbox 465 2382 546 2445; x_wconf 85' lang='lat' dir='ltr'>idem</span> <span class='ocrx_word' id='word_1_181' title='bbox 570 2383 703 2447; x_wconf 81' lang='lat' dir='ltr'>existens</span> <span class='ocrx_word' id='word_1_182' title='bbox 739 2380 785 2445; x_wconf 86' lang='lat' dir='ltr'>bis</span> <span class='ocrx_word' id='word_1_183' title='bbox 817 2380 909 2456; x_wconf 87' lang='lat' dir='ltr'>sumi,</span> <span class='ocrx_word' id='word_1_184' title='bbox 942 2380 1126 2463; x_wconf 79' lang='lat' dir='ltr'>inquantum</span> 
     </span>
     <span class='ocr_line' id='line_1_26' title="bbox 203 2466 1127 2557; baseline -0.009 -20"><span class='ocrx_word' id='word_1_185' title='bbox 203 2469 317 2537; x_wconf 79' lang='lat' dir='ltr'>scilieet</span> <span class='ocrx_word' id='word_1_186' title='bbox 340 2482 386 2534; x_wconf 92' lang='lat' dir='ltr'>est</span> <span class='ocrx_word' id='word_1_187' title='bbox 408 2469 590 2557; x_wconf 81' lang='lat' dir='ltr'>principium</span> <span class='ocrx_word' id='word_1_188' title='bbox 624 2484 655 2535; x_wconf 95' lang='lat' dir='ltr'>et</span> <span class='ocrx_word' id='word_1_189' title='bbox 677 2468 746 2533; x_wconf 85' lang='lat' dir='ltr'>finis</span> <span class='ocrx_word' id='word_1_190' title='bbox 770 2479 909 2555; x_wconf 84' lang='lat' dir='ltr'>respectu</span> <span class='ocrx_word' id='word_1_191' title='bbox 934 2466 1127 2531; x_wconf 89' lang='lat' dir='ltr'>diversarum</span> 
     </span>
     <span class='ocr_line' id='line_1_27' title="bbox 202 2554 1128 2645; baseline -0.004 -22"><span class='ocrx_word' id='word_1_192' title='bbox 202 2560 335 2645; x_wconf 86' lang='lat' dir='ltr'>partium</span> <span class='ocrx_word' id='word_1_193' title='bbox 351 2559 467 2635; x_wconf 67' lang='lat' dir='ltr'>‚lineae3</span> <span class='ocrx_word' id='word_1_194' title='bbox 491 2559 692 2623; x_wconf 88' lang='lat' dir='ltr'>nibilominus</span> <span class='ocrx_word' id='word_1_195' title='bbox 723 2558 804 2622; x_wconf 88' lang='lat' dir='ltr'>idem</span> <span class='ocrx_word' id='word_1_196' title='bbox 840 2576 922 2620; x_wconf 86' lang='lat' dir='ltr'>nune</span> <span class='ocrx_word' id='word_1_197' title='bbox 944 2570 990 2619; x_wconf 89' lang='lat' dir='ltr'>est</span> <span class='ocrx_word' id='word_1_198' title='bbox 1013 2554 1128 2642; x_wconf 84' lang='lat' dir='ltr'>prinei·</span> 
     </span>
     <span class='ocr_line' id='line_1_28' title="bbox 202 2644 1128 2735; baseline -0.004 -24"><span class='ocrx_word' id='word_1_199' title='bbox 202 2648 287 2733; x_wconf 91' lang='lat' dir='ltr'>pium</span> <span class='ocrx_word' id='word_1_200' title='bbox 312 2649 402 2712; x_wconf 85' lang='lat' dir='ltr'>unius</span> <span class='ocrx_word' id='word_1_201' title='bbox 424 2648 517 2735; x_wconf 87' lang='lat' dir='ltr'>partis</span> <span class='ocrx_word' id='word_1_202' title='bbox 541 2661 570 2712; x_wconf 92' lang='lat' dir='ltr'>et</span> <span class='ocrx_word' id='word_1_203' title='bbox 594 2646 664 2712; x_wconf 86' lang='lat' dir='ltr'>finis</span> <span class='ocrx_word' id='word_1_204' title='bbox 687 2647 811 2712; x_wconf 84' lang='lat' dir='ltr'>alterius</span> <span class='ocrx_word' id='word_1_205' title='bbox 835 2648 866 2709; x_wconf 90' lang='lat' dir='ltr'>in</span> <span class='ocrx_word' id='word_1_206' title='bbox 881 2660 1032 2729; x_wconf 82' lang='lat' dir='ltr'>tempore,</span> <span class='ocrx_word' id='word_1_207' title='bbox 1047 2644 1128 2708; x_wconf 86' lang='lat' dir='ltr'>siout</span> 
     </span>
     <span class='ocr_line' id='line_1_29' title="bbox 201 2732 1127 2823; baseline -0.004 -22"><span class='ocrx_word' id='word_1_208' title='bbox 201 2739 233 2801; x_wconf 91' lang='lat' dir='ltr'>in</span> <span class='ocrx_word' id='word_1_209' title='bbox 256 2736 335 2801; x_wconf 87' lang='lat' dir='ltr'>linea</span> <span class='ocrx_word' id='word_1_210' title='bbox 359 2749 500 2823; x_wconf 83' lang='lat' dir='ltr'>punctus.</span> <span class='ocrx_word' id='word_1_211' title='bbox 524 2735 585 2801; x_wconf 90' lang='lat' dir='ltr'>Sed</span> <span class='ocrx_word' id='word_1_212' title='bbox 613 2736 674 2801; x_wconf 89' lang='lat' dir='ltr'>boo</span> <span class='ocrx_word' id='word_1_213' title='bbox 706 2736 818 2800; x_wconf 85' lang='lat' dir='ltr'>dieitur</span> <span class='ocrx_word' id='word_1_214' title='bbox 851 2734 890 2797; x_wconf 88' lang='lat' dir='ltr'>de</span> <span class='ocrx_word' id='word_1_215' title='bbox 924 2752 1007 2797; x_wconf 88' lang='lat' dir='ltr'>nune</span> <span class='ocrx_word' id='word_1_216' title='bbox 1040 2732 1127 2818; x_wconf 91' lang='lat' dir='ltr'>quod</span> 
     </span>
     <span class='ocr_line' id='line_1_30' title="bbox 201 2822 1129 2911; baseline -0.005 -22"><span class='ocrx_word' id='word_1_217' title='bbox 201 2824 340 2911; x_wconf 84' lang='lat' dir='ltr'>seqnitur</span> <span class='ocrx_word' id='word_1_218' title='bbox 364 2826 393 2889; x_wconf 88' lang='lat' dir='ltr'>id</span> <span class='ocrx_word' id='word_1_219' title='bbox 422 2826 504 2911; x_wconf 87' lang='lat' dir='ltr'>quod</span> <span class='ocrx_word' id='word_1_220' title='bbox 539 2826 646 2901; x_wconf 79' lang='lat' dir='ltr'>l&#39;ertur3</span> <span class='ocrx_word' id='word_1_221' title='bbox 670 2824 701 2890; x_wconf 91' lang='lat' dir='ltr'>id</span> <span class='ocrx_word' id='word_1_222' title='bbox 724 2825 808 2889; x_wconf 89' lang='lat' dir='ltr'>enim</span> <span class='ocrx_word' id='word_1_223' title='bbox 832 2834 936 2887; x_wconf 88' lang='lat' dir='ltr'>rnaoet</span> <span class='ocrx_word' id='word_1_224' title='bbox 972 2822 1055 2886; x_wconf 87' lang='lat' dir='ltr'>idem</span> <span class='ocrx_word' id='word_1_225' title='bbox 1080 2841 1129 2885; x_wconf 85' lang='lat' dir='ltr'>se·</span> 
     </span>
     <span class='ocr_line' id='line_1_31' title="bbox 201 2911 1126 3004; baseline -0.006 -25"><span class='ocrx_word' id='word_1_226' title='bbox 201 2913 338 2979; x_wconf 86' lang='lat' dir='ltr'>cundum</span> <span class='ocrx_word' id='word_1_227' title='bbox 363 2915 525 3004; x_wconf 85' lang='lat' dir='ltr'>essentiam</span> <span class='ocrx_word' id='word_1_228' title='bbox 550 2915 579 2978; x_wconf 95' lang='lat' dir='ltr'>in</span> <span class='ocrx_word' id='word_1_229' title='bbox 605 2928 668 2979; x_wconf 88' lang='lat' dir='ltr'>toto</span> <span class='ocrx_word' id='word_1_230' title='bbox 686 2928 836 2999; x_wconf 89' lang='lat' dir='ltr'>tempore,</span> <span class='ocrx_word' id='word_1_231' title='bbox 854 2911 1002 2976; x_wconf 77' lang='lat' dir='ltr'>uariatum</span> <span class='ocrx_word' id='word_1_232' title='bbox 1020 2924 1126 2974; x_wconf 89' lang='lat' dir='ltr'>tameo</span> 
     </span>
     <span class='ocr_line' id='line_1_32' title="bbox 200 3000 1128 3087; baseline -0.002 -22"><span class='ocrx_word' id='word_1_233' title='bbox 200 3022 257 3087; x_wconf 89' lang='lat' dir='ltr'>per</span> <span class='ocrx_word' id='word_1_234' title='bbox 279 3003 440 3081; x_wconf 87' lang='lat' dir='ltr'>rationem,</span> <span class='ocrx_word' id='word_1_235' title='bbox 464 3004 547 3067; x_wconf 88' lang='lat' dir='ltr'>etin</span> <span class='ocrx_word' id='word_1_236' title='bbox 571 3004 626 3067; x_wconf 87' lang='lat' dir='ltr'>ista</span> <span class='ocrx_word' id='word_1_237' title='bbox 649 3002 823 3068; x_wconf 82' lang='lat' dir='ltr'>diversitate</span> <span class='ocrx_word' id='word_1_238' title='bbox 845 3001 912 3086; x_wconf 78' lang='lat' dir='ltr'>ejus</span> <span class='ocrx_word' id='word_1_239' title='bbox 927 3000 1128 3064; x_wconf 80' lang='lat' dir='ltr'>inveniuntur</span> 
     </span>
     <span class='ocr_line' id='line_1_33' title="bbox 200 3091 1124 3177; baseline -0.004 -22"><span class='ocrx_word' id='word_1_240' title='bbox 200 3091 296 3156; x_wconf 87' lang='lat' dir='ltr'>multa</span> <span class='ocrx_word' id='word_1_241' title='bbox 313 3091 464 3171; x_wconf 84' lang='lat' dir='ltr'>instantia,</span> <span class='ocrx_word' id='word_1_242' title='bbox 487 3112 609 3177; x_wconf 88' lang='lat' dir='ltr'>semper</span> <span class='ocrx_word' id='word_1_243' title='bbox 621 3105 724 3156; x_wconf 89' lang='lat' dir='ltr'>tamen</span> <span class='ocrx_word' id='word_1_244' title='bbox 737 3091 869 3157; x_wconf 81' lang='lat' dir='ltr'>labentia</span> <span class='ocrx_word' id='word_1_245' title='bbox 884 3109 956 3154; x_wconf 86' lang='lat' dir='ltr'>cum</span> <span class='ocrx_word' id='word_1_246' title='bbox 973 3102 1124 3175; x_wconf 88' lang='lat' dir='ltr'>tempore.</span> 
     </span>
     <span class='ocr_line' id='line_1_34' title="bbox 200 3176 1124 3246; baseline -0.003 -3"><span class='ocrx_word' id='word_1_247' title='bbox 200 3179 325 3246; x_wconf 83' lang='lat' dir='ltr'>Constat</span> <span class='ocrx_word' id='word_1_248' title='bbox 348 3194 450 3245; x_wconf 84' lang='lat' dir='ltr'>autem</span> <span class='ocrx_word' id='word_1_249' title='bbox 473 3179 596 3245; x_wconf 88' lang='lat' dir='ltr'>nullum</span> <span class='ocrx_word' id='word_1_250' title='bbox 621 3180 728 3246; x_wconf 86' lang='lat' dir='ltr'>talium</span> <span class='ocrx_word' id='word_1_251' title='bbox 752 3180 930 3245; x_wconf 83' lang='lat' dir='ltr'>instantium</span> <span class='ocrx_word' id='word_1_252' title='bbox 955 3176 1124 3243; x_wconf 88' lang='lat' dir='ltr'>labentium</span> 
     </span>
     <span class='ocr_line' id='line_1_35' title="bbox 199 3268 1125 3355; baseline -0.003 -23"><span class='ocrx_word' id='word_1_253' title='bbox 199 3288 267 3335; x_wconf 86' lang='lat' dir='ltr'>esse</span> <span class='ocrx_word' id='word_1_254' title='bbox 289 3289 412 3334; x_wconf 85' lang='lat' dir='ltr'>oausam</span> <span class='ocrx_word' id='word_1_255' title='bbox 436 3273 593 3355; x_wconf 83' lang='lat' dir='ltr'>temporis,</span> <span class='ocrx_word' id='word_1_256' title='bbox 616 3290 686 3334; x_wconf 84' lang='lat' dir='ltr'>eum</span> <span class='ocrx_word' id='word_1_257' title='bbox 704 3268 822 3334; x_wconf 87' lang='lat' dir='ltr'>nullom</span> <span class='ocrx_word' id='word_1_258' title='bbox 846 3269 984 3354; x_wconf 87' lang='lat' dir='ltr'>ipsorum</span> <span class='ocrx_word' id='word_1_259' title='bbox 1001 3277 1125 3330; x_wconf 87' lang='lat' dir='ltr'>maneat</span> 
     </span>
     <span class='ocr_line' id='line_1_36' title="bbox 199 3354 1126 3445; baseline -0.005 -22"><span class='ocrx_word' id='word_1_260' title='bbox 199 3358 231 3423; x_wconf 91' lang='lat' dir='ltr'>in</span> <span class='ocrx_word' id='word_1_261' title='bbox 255 3371 318 3423; x_wconf 88' lang='lat' dir='ltr'>toto</span> <span class='ocrx_word' id='word_1_262' title='bbox 342 3372 490 3445; x_wconf 90' lang='lat' dir='ltr'>tempore,</span> <span class='ocrx_word' id='word_1_263' title='bbox 513 3357 568 3423; x_wconf 88' lang='lat' dir='ltr'>sed</span> <span class='ocrx_word' id='word_1_264' title='bbox 595 3370 729 3422; x_wconf 88' lang='lat' dir='ltr'>transeat</span> <span class='ocrx_word' id='word_1_265' title='bbox 762 3377 834 3423; x_wconf 88' lang='lat' dir='ltr'>oum</span> <span class='ocrx_word' id='word_1_266' title='bbox 868 3355 1005 3441; x_wconf 85' lang='lat' dir='ltr'>qualibet</span> <span class='ocrx_word' id='word_1_267' title='bbox 1039 3354 1126 3440; x_wconf 76' lang='lat' dir='ltr'>parte</span> 
     </span>
     <span class='ocr_line' id='line_1_37' title="bbox 200 3444 1126 3532; baseline -0.003 -23"><span class='ocrx_word' id='word_1_268' title='bbox 200 3446 356 3532; x_wconf 81' lang='lat' dir='ltr'>temporis3</span> <span class='ocrx_word' id='word_1_269' title='bbox 379 3448 443 3532; x_wconf 87' lang='lat' dir='ltr'>ipsa</span> <span class='ocrx_word' id='word_1_270' title='bbox 466 3447 549 3512; x_wconf 91' lang='lat' dir='ltr'>enim</span> <span class='ocrx_word' id='word_1_271' title='bbox 582 3460 655 3512; x_wconf 91' lang='lat' dir='ltr'>sunt</span> <span class='ocrx_word' id='word_1_272' title='bbox 688 3446 827 3511; x_wconf 77' lang='lat' dir='ltr'>diuersae</span> <span class='ocrx_word' id='word_1_273' title='bbox 860 3445 995 3509; x_wconf 79' lang='lat' dir='ltr'>rationes</span> <span class='ocrx_word' id='word_1_274' title='bbox 1029 3444 1126 3530; x_wconf 80' lang='lat' dir='ltr'>ipsius</span> 
     </span>
     <span class='ocr_line' id='line_1_38' title="bbox 199 3530 1124 3622; baseline 0 -25"><span class='ocrx_word' id='word_1_275' title='bbox 199 3534 347 3611; x_wconf 81' lang='lat' dir='ltr'>instantis,</span> <span class='ocrx_word' id='word_1_276' title='bbox 374 3534 457 3620; x_wconf 89' lang='lat' dir='ltr'>quod</span> <span class='ocrx_word' id='word_1_277' title='bbox 480 3544 525 3601; x_wconf 88' lang='lat' dir='ltr'>est</span> <span class='ocrx_word' id='word_1_278' title='bbox 548 3535 632 3603; x_wconf 86' lang='lat' dir='ltr'>idem</span> <span class='ocrx_word' id='word_1_279' title='bbox 656 3535 687 3602; x_wconf 88' lang='lat' dir='ltr'>in</span> <span class='ocrx_word' id='word_1_280' title='bbox 725 3547 789 3605; x_wconf 88' lang='lat' dir='ltr'>toto</span> <span class='ocrx_word' id='word_1_281' title='bbox 827 3548 977 3622; x_wconf 89' lang='lat' dir='ltr'>tempore,</span> <span class='ocrx_word' id='word_1_282' title='bbox 1000 3544 1031 3598; x_wconf 88' lang='lat' dir='ltr'>et</span> <span class='ocrx_word' id='word_1_283' title='bbox 1053 3530 1124 3597; x_wconf 84' lang='lat' dir='ltr'>ideo</span> 
     </span>
    </p>
   </div>
   <div class='ocr_carea' id='block_1_2' title="bbox 0 0 1246 3975">
    <p class='ocr_par' dir='ltr' id='par_1_3' title="bbox 0 0 1246 3975">
     <span class='ocr_line' id='line_1_39' title="bbox 0 0 1246 3975; baseline 0 0"><span class='ocrx_word' id='word_1_284' title='bbox 0 0 1246 3975; x_wconf 95' lang='lat' dir='ltr'> </span> 
     </span>
    </p>
   </div>
  </div>
 </body>
</html>
