2484 3975
309 262 365 308 tra.
388 263 427 307 ur.
450 263 514 310 err.
538 263 629 309 xxxv.
652 263 691 307 rr
713 265 813 314 run.
946 251 1011 318 165

95 347 128 398 ει
149 331 254 398 homo.
278 331 346 396 Non
370 331 462 416 igitur
484 332 586 398 divina
610 347 643 398 ει
667 334 802 401 humana
836 350 942 406 natura
980 343 1013 406 iu

98 422 219 488 Christo
243 422 466 487 constituerunt
490 442 583 485 unam
608 437 759 487 naturam.

166 511 315 597 Amplius,
338 509 401 573 Hoc
424 509 516 574 etiarn
540 510 662 576 videtur
683 533 701 575 a
724 512 785 578 fide
797 513 932 581 alienum
947 538 1015 583 εεεε

97 600 184 686 quod
206 599 357 684 Eutyches
381 596 466 675 dixit,
489 612 560 663 autc
577 601 724 664 unionem
741 602 771 666 in
787 601 908 669 Christo
923 605 1017 672 tuisse

96 690 175 754 duas
198 703 331 752 naturas.
356 685 433 751 Cum
457 689 540 751 enirn
565 688 701 753 humana
725 703 832 755 natura
855 713 891 757 er
914 696 1017 760 anitua

97 791 128 841 et
150 796 281 862 corpore
304 775 518 852 constituatur,
540 779 678 862 sequitur
714 779 797 863 quod
832 781 879 845 vei
913 784 1016 849 anima

96 866 146 930 vel
166 886 277 950 corpus
301 878 352 928 aut
376 877 540 949 utrumque
561 879 632 930 ante
643 865 753 930 Christi
772 868 1015 937 incarnationem

95 953 198 1029 suerin
221 952 315 1038 quod,
340 972 393 1037 per
415 951 587 1037 supradicta
618 969 699 1040 patet
722 973 790 1019 εεεε
812 957 936 1024 falsum.
962 961 1014 1026 Est

96 1043 187 1128 igitur
211 1041 281 1106 fidei
304 1041 490 1107 contrarium
513 1041 615 1105 dicere
642 1043 736 1127 qtrod,
758 1059 830 1110 ante
853 1048 1012 1127 unionem,

94 1129 208 1195 fuerint
231 1129 311 1194 duae
332 1141 459 1193 naturae
481 1129 600 1206 Christi,
626 1146 667 1209 et,
689 1146 758 1218 post
769 1135 927 1216 unionem,
938 1160 1010 1205 uuo.

379 1303 472 1372 cut>
489 1304 513 1371 U
528 1305 555 1370 Τ
590 1304 724 1376 xxxvl.

284 1483 329 1547 De
352 1503 457 1548 errore
479 1484 613 1549 Macurii
635 1489 819 1569 antiocheni,

140 1573 283 1657 ponentis
306 1593 400 1637 uuam
425 1583 540 1638 tautum
562 1577 752 1641 voluntatem
774 1581 808 1642 iu
833 1581 966 1652 Citricto.

157 1749 234 1815 Fere
256 1762 359 1814 autern
384 1749 415 1813 iu
440 1748 521 1814 idern
545 1752 648 1817 redire
671 1755 791 1821 videtur
812 1771 843 1822 et
882 1760 1005 1826 Macarii

88 1837 264 1902 antiocheni
288 1839 407 1923 positio,
431 1838 557 1904 dicentis
580 1842 609 1904 iu
650 1843 772 1910 Christo
806 1867 876 1912 εεεε
910 1869 1006 1916 unam

89 1939 210 1993 tautum
234 1927 444 2012 operatiouetn
466 1941 498 1992 et
523 1929 722 1998 voluntatem.
832 1971 836 1978 ·

154 2016 320 2102 Cujuslibct
342 2018 425 2080 euirn
449 2030 575 2082 naturae
597 2035 643 2084 εει
659 2022 760 2107 aitqua
772 2028 910 2111 operatio
934 2048 1004 2114 pro·

92 2106 168 2189 pria;
192 2126 262 2171 nam
287 2104 384 2169 iorrna
407 2119 453 2169 est
475 2108 661 2191 operationis
685 2114 878 2200 principium,
892 2138 1003 2182 secun·

91 2193 167 2259 dum
190 2212 281 2281 quarn
295 2214 495 2279 unaquaeque
520 2209 625 2260 natura
650 2200 742 2265 habet
759 2207 914 2291 propriam
937 2227 1004 2294 spo·

89 2284 181 2361 eierru
204 2282 286 2348 unde
308 2296 428 2368 oportet
451 2285 545 2368 quod,
565 2287 644 2351 sicut
666 2289 856 2359 diuersarum
879 2309 1004 2361 natura-

89 2393 159 2437 rurn
182 2387 252 2437 suut
276 2372 413 2436 diversae
437 2370 564 2449 formae,
589 2376 629 2438 ita
652 2378 712 2441 sint
738 2392 769 2444 et
792 2382 929 2449 diversae
952 2405 1003 2449 ac·

88 2460 198 2526 tiones,
221 2461 253 2526 Si
276 2462 368 2545 igitur
391 2459 420 2523 in
446 2459 567 2525 Christo
593 2464 632 2527 sit
666 2487 727 2529 una
761 2483 881 2535 tuntum
913 2474 1005 2550 aetio,

89 2551 228 2636 sequitur
250 2548 333 2635 quod
357 2548 387 2611 in
411 2567 448 2613 eo
472 2550 509 2613 sit
533 2568 592 2613 una
617 2565 734 2619 tanturn
769 2553 887 2635 natura3
920 2563 1004 2647 quod

91 2652 138 2703 εει
160 2639 360 2725 eutychianae
384 2635 528 2703 haeresis.
553 2638 746 2726 Relinquitur
768 2647 860 2731 igitur
893 2647 1005 2716 falsum

92 2728 265 2815 essequod
289 2727 319 2790 in
343 2725 462 2791 Christo
485 2728 522 2792 sit
545 2748 604 2793 uua
629 2743 747 2797 tantum
771 2737 917 2822 operatio.

158 2816 243 2895 item,
267 2816 299 2879 in
322 2814 441 2880 Christo
465 2831 510 2881 est
533 2815 635 2883 diviua
659 2834 767 2886 natura
790 2825 934 2910 perfecta,
949 2846 1005 2917 pet·

88 2925 184 2991 quam
205 2904 471 2971 consubstantialis
493 2921 538 2969 est
561 2906 654 2987 Patri,
678 2924 708 2973 ει
730 2912 865 2981 humana
895 2930 1004 2984 natura

88 2994 234 3081 perfecta,
256 2993 426 3060 secundum
449 3012 542 3079 quam
565 3010 610 3061 εει
635 2998 726 3064 unius
755 3006 867 3090 speciei
901 3007 1004 3071 nobir·

87 3104 170 3149 curn.
196 3083 257 3149 Sed
280 3082 319 3146 de
342 3079 529 3167 perfectione
551 3082 673 3153 divinae
688 3102 814 3157 naturae
837 3108 883 3158 εει
896 3095 1004 3159 volun·

88 3172 319 3248 tatemhaberc,
342 3184 375 3235 ut
397 3184 554 3236 ostensum
578 3189 624 3238 εει
647 3177 681 3258 ιι.
706 3178 736 3253 i,
759 3201 786 3245 c.
807 3184 878 3267 72);
899 3183 1004 3249 simili-

87 3274 136 3325 ter
151 3264 246 3325 etiam
258 3257 298 3324 de
321 3257 510 3345 perfectione
526 3261 662 3327 humane
697 3280 823 3335 naturae
839 3287 884 3336 εει
920 3273 1004 3359 quod

86 3349 199 3415 babeat
212 3348 410 3421 uoluntatem,
434 3368 488 3433 per
509 3370 601 3434 quarn
615 3365 659 3416 est
672 3355 766 3421 horno
778 3359 865 3425 liberi
878 3362 1004 3429 arbitrii.

83 3435 216 3525 Oportet
240 3438 331 3521 igitur
356 3439 386 3499 in
410 3435 530 3503 Christo
553 3460 630 3505 esse·
645 3443 721 3509 duas
745 3448 924 3515 voluntates.

92 3558 96 3564 ·
137 3527 271 3607 ‚Adhuc
296 3526 442 3595 Voluntas
458 3541 504 3593 εει
527 3548 588 3597 uua
611 3552 681 3618 pars
696 3538 868 3621 potentialis
883 3542 1004 3610 animae
