2484 3975
324 247 362 292 ne
384 246 566 292 suosrutrns
588 245 741 292 secuntus
925 227 989 297 485

78 315 156 404 quod
177 314 348 403 spirituales
376 315 558 380 substantias
591 313 731 398 ejusdem
764 314 890 384 rationis
922 337 989 386 esse

77 407 253 472 existimarit
275 425 346 468 cunt
369 405 576 469 materialibus
598 403 774 468 substantiis
797 424 876 508 quae
897 427 989 474 sensu
1096 473 1097 480 ,

77 497 288 582 percipiuntur3
311 493 392 578 quod
422 506 468 558 est
500 512 609 556 corum
649 495 700 593 qui
735 492 987 596 imaginationem

76 583 285 649 transcendere
308 603 371 646 trou
395 581 507 646 valent.
530 580 581 646 Sic
602 594 633 644 et
656 582 711 644 ista
736 583 841 666 opinio
868 603 905 648 ex
929 585 988 650 hoc

75 674 188 738 videtur
210 671 378 758 procedere
399 670 483 756 quod
507 670 617 735 elevari
642 690 704 734 non
735 683 833 755 potest
866 672 988 739 intelle·

73 776 136 827 ctus
157 759 196 827 ad
219 759 399 824 intuendum
423 759 517 824 alium
542 756 670 824 modum
706 758 852 824 causandi
892 781 986 848 quam

71 852 160 916 istum
182 850 234 935 qui
272 851 414 914 convenit
450 847 660 912 materialibus
694 847 795 912 rebus.
835 849 987 917 Paulatim

72 941 151 1004 enim
174 937 340 1002 humana
332 937 454 1021 ingenia
477 936 663 1023 processisse
686 934 828 1002 uidentur
850 938 911 1004 ad
903 958 986 1004 tuve-

71 1027 238 1129 stigandum
262 1044 365 1090 rerum
388 1025 550 1110 originem.
575 1025 677 1089 Primo
701 1045 833 1130 iramque
857 1026 886 1092 in
918 1027 984 1093 sola

70 1115 210 1182 exteriori
232 1115 402 1180 mutatione
438 1134 542 1178 rerum
564 1113 717 1198 originem
744 1119 909 1180 consistere
932 1116 987 1181 lto·

70 1207 167 1270 mines
188 1205 447 1278 existimaverunt3
469 1202 538 1267 dico
561 1218 664 1267 autern
688 1203 870 1268 exteriorem
893 1205 985 1288 origi·

70 1315 152 1374 nem,
172 1312 252 1378 quae
275 1292 308 1356 fit
328 1291 500 1357 secuudum
524 1290 728 1356 accidentales
757 1295 986 1358 transmutatio-

69 1403 133 1449 nes.
164 1382 258 1448 Primi
282 1379 366 1445 enim
395 1379 648 1467 philosophantes
682 1379 721 1444 tle
755 1381 882 1460 naturis,
920 1381 987 1448 lieri

65 1492 169 1537 rerum
192 1482 365 1536 statuerunt
387 1489 449 1534 non
472 1487 539 1534 esse
561 1467 645 1534 aliud
668 1489 761 1554 quarn
790 1469 922 1548 alterari,
944 1470 985 1536 ita

65 1561 148 1645 quod
171 1559 202 1624 id
224 1558 364 1644 quodcst
386 1577 490 1622 rerum
512 1557 690 1635 substantia,
714 1577 806 1642 quam
819 1560 986 1624 materiam

64 1649 277 1722 nominabant,
298 1649 337 1711 sit
375 1645 558 1732 principium
593 1647 727 1730 primum
765 1649 886 1732 penitus
921 1669 983 1714 nou

61 1752 231 1814 causatum3
253 1755 316 1800 nou
349 1736 434 1800 enim
466 1733 693 1798 distructionem
730 1736 918 1801 substantiae
951 1750 981 1802 et
1057 1809 1062 1821 Ι

61 1826 226 1893 accidentis
249 1822 404 1888 intellectu
426 1822 643 1888 transcendere
667 1837 815 1908 poterant.
838 1823 895 1888 Alii
909 1843 981 1891 vero

60 1913 285 2003 aliquantulum
309 1913 435 1977 ulterius
472 1911 683 2014 procetlentes,
717 1914 809 1978 etiam
844 1913 979 2000 ipsarum

59 2005 299 2071 substantiarum
312 2002 463 2087 originem
475 2002 743 2103 investigaverunt,
755 2015 903 2088 ponentes
925 2003 980 2068 ali·

59 2114 138 2178 quas
159 2091 343 2159 substautias
365 2112 489 2156 causam
511 2090 559 2154 sui
580 2110 648 2157 esse
672 2092 797 2169 babere;
819 2091 885 2169 sed,
908 2096 979 2178 quia

58 2183 138 2247 nibil
160 2196 282 2268 praeter
303 2200 433 2265 corpora
457 2192 560 2245 mente
583 2180 741 2266 percipere
768 2192 918 2265 poterant,
931 2200 981 2245 te·

56 2272 221 2337 solvebant
244 2268 369 2355 quidem
403 2270 588 2333 substantias
623 2271 652 2333 in
688 2269 788 2353 aliqua
823 2269 981 2354 principie,

53 2362 113 2425 scd
135 2362 319 2445 corporalia,
342 2374 492 2445 ponentes
515 2376 551 2421 et
571 2358 759 2443 quibusdam
798 2357 980 2443 corporibus

54 2450 253 2534 congregatis
276 2448 334 2513 alia
358 2445 436 2525 lieri,
459 2467 495 2513 ac
516 2448 543 2511 si
566 2446 618 2532 (l)
641 2468 745 2511 rerum
769 2446 899 2530 origoin
913 2446 979 2519 sola

56 2539 302 2622 congregatione
323 2549 354 2601 et
364 2536 578 2620 segregatione
589 2537 777 2600 consisteret.
793 2534 980 2601 Posteriores

56 2646 133 2691 vero
168 2626 343 2713 pbilosopbi
376 2624 503 2690 ulterius
537 2636 761 2711 processerunt,
795 2623 981 2689 resolventes

54 2715 221 2781 sensibiles
242 2715 427 2782 substantias
450 2714 481 2778 iu
504 2726 605 2799 partes
627 2713 789 2789 essentiae,
814 2731 893 2797 quae
908 2726 980 2779 sunt

53 2804 189 2869 materia
211 2817 242 2869 et
264 2801 374 2880 lorma;
396 2817 427 2867 et
447 2803 491 2868 sic
513 2801 579 2867 lieri
603 2822 707 2867 rerum
739 2799 954 2865 naturalium
947 2822 978 2867 m

54 2893 196 2979 quadam
218 2892 472 2957 transmutatione
495 2906 672 2981 posuerunt,
694 2890 866 2955 secundum
895 2889 979 2976 quod

53 2982 190 3047 materia
211 2980 383 3047 alternatim
405 2980 534 3045 diversis
555 2973 662 3045 lormis
685 2978 853 3063 subjicitur.

126 3070 193 3135 Sed
215 3070 293 3135 ultra
315 3071 397 3134 bunc
420 3068 549 3134 modum
571 3069 664 3135 fiendi
687 3088 812 3134 necesse
838 3077 893 3145 est,
931 3087 978 3131 se·

53 3159 200 3225 cundum
222 3159 406 3225 sententiam
429 3157 564 3224 Platonis
586 3171 618 3223 et
655 3155 831 3236 Aristotelis,
865 3174 981 3281 ponere

52 3248 156 3314 alium
178 3248 330 3313 altiorem

124 3337 207 3403 Cum
230 3336 314 3402 enim
336 3354 461 3399 necesse
482 3334 521 3401 sit
543 3334 678 3421 primum
701 3332 884 3422 principium
911 3306 983 3399 sim

53 3426 264 3514 plicissimum
287 3443 365 3503 esse,
388 3442 514 3491 necesse
534 3423 687 3511 estquod
709 3442 772 3489 non
795 3424 854 3491 boc
888 3422 983 3492 modo

108 3533 155 3602 (ι)
171 3531 212 3589 Aa
226 3531 286 3600 ri,
278 3548 297 3585 r.
313 3546 338 3585 e.
351 3535 383 3585 ut
399 3530 431 3602 si,
450 3529 559 3587 reiut
538 3545 570 3585 st·
