2484 3975
363 226 802 276 mmmmmm
975 209 1041 276 Μ

116 296 222 376 deant,
238 290 428 384 'mysterium
451 295 543 365 Verbi
571 296 719 365 incarnati
744 296 832 362 aliter
854 296 943 364 nohis
966 318 1040 370 cott-

113 385 256 472 jtrngitur
278 388 309 453 in
333 385 497 474 baptismo,
520 387 572 473 qui
596 398 643 451 est
657 384 823 473 spiritualis
835 388 1042 472 regeneratio,

117 489 211 562 atque
233 476 322 542 aliter
345 476 377 542 in
406 475 466 542 hoc
500 473 706 542 Eucharistiae
730 489 934 557 sacramento,
957 477 1039 565 quod

116 579 164 631 est
185 565 343 651 spirituale
354 564 547 639 alimentum
561 563 591 628 in
604 563 757 650 baptismo
771 563 853 628 enim
867 565 1041 633 continetur

117 650 265 722 Verbum·
278 654 471 720 incarnatum
493 653 596 719 solum
620 651 793 718 secundum
818 651 1040 731 victorianae

117 745 149 808 in
174 743 381 808 Eucharistiae
409 755 603 808 sacramento
638 739 823 809 confitemur
856 738 958 830 ipsum
992 765 1042 812 se·

115 831 485 903 rumantsutnnanan
519 831 679 897 contineri.
716 827 763 906 Et,
796 830 868 918 quia
902 831 1041 919 comple·

117 934 260 988 mentum
280 935 406 987 nostrae
438 919 544 986 salutis
566 915 681 1000 sactum
705 932 751 987 est
785 940 840 1006 per
864 915 1039 1006 passionem

119 1009 232 1077 Christi
254 1023 286 1075 et
307 1023 453 1087 mortem,
473 1029 530 1095 per
551 1027 646 1096 quam
669 1006 735 1094 ejus
757 1008 883 1097 sanguis
907 1031 932 1076 a.
947 1007 1040 1078 carne

118 1112 278 1184 separatus
301 1111 356 1176 est,
377 1097 542 1184 separatim
563 1096 655 1164 nohis
669 1095 798 1164 truditur
812 1112 1041 1170 sacramentnm

119 1187 259 1273 corporis
278 1185 346 1271 ejus
368 1187 542 1272 subspecie
565 1185 653 1272 petris
676 1199 706 1252 et
721 1185 846 1272 sanguis
867 1188 925 1259 sub
939 1188 1041 1278 specie

120 1275 193 1353 tini3
216 1288 248 1340 ut
271 1277 314 1340 sic
337 1275 369 1340 in
392 1276 452 1340 hoc
473 1287 668 1341 sacramento
693 1275 841 1360 passionis
866 1275 1041 1344 dominicae

117 1364 269 1430 memoria
294 1377 325 1429 et
358 1363 598 1452 repraesentatio
628 1362 786 1430 habeatur.
811 1363 846 1430 Et
868 1365 1040 1435 secundnm

118 1453 181 1518 linc
201 1452 348 1540 impletur
370 1453 454 1540 quod
484 1451 638 1520 Dominus
666 1451 751 1518 dixit:
778 1453 858 1520 Coro
882 1477 956 1544 nien
973 1476 1044 1522 cere

118 1553 166 1608 est
178 1540 274 1622 olna,
285 1553 315 1608 et
326 1543 453 1628 sanquis
463 1561 550 1606 mesta
562 1562 631 1607 cere
644 1551 690 1606 eat
700 1553 801 1626 patna,
813 1541 935 1626 loann,
947 1545 978 1624 6,
991 1543 1042 1612 56.

437 1713 610 1786 CAPUT
646 1717 736 1784 LXll.

123 1954 125 1957 .
223 1899 271 1964 De
292 1917 398 1964 errore
420 1896 592 1977 infidelium
615 1895 698 1962 cirea
722 1895 938 1964 Eucharistiae

468 1997 710 2054 somotnentnm.

163 2165 273 2232 .Sicut
305 2178 434 2245 autem,
467 2161 588 2238 Christo
622 2160 797 2250 proferente
831 2164 908 2233 hece
942 2164 1048 2246 uerba,

120 2253 248 2340 quidam
270 2254 493 2341 discipulorum
529 2250 640 2319 turbati
664 2267 745 2332 sunt,
767 2254 915 2321 dieentes:
940 2256 1045 2332 Dttrns

119 2355 166 2409 ert
188 2344 238 2409 hic
259 2364 373 2417 ammo,
395 2352 425 2408 el
446 2342 515 2428 quit
538 2352 640 2425 potest
662 2363 731 2407 enm
764 2344 891 2412 audire?
921 2346 1046 2428 loanu..

120 2432 155 2508 6,
171 2433 232 2508 et,
254 2434 294 2503 ita
316 2446 347 2497 et
369 2444 477 2499 contra
497 2428 669 2497 doctrinam
695 2430 846 2499 Ecclesiae
869 2435 1043 2501 insurrexe-

121 2537 195 2587 runt
227 2521 399 2598 haeretici,·
416 2521 576 2609 veritatem
611 2518 702 2604 hujus
733 2536 893 2607 negantes.
927 2522 1042 2594 Dicunt

121 2612 261 2677 enimin
285 2612 345 2678 hoc
368 2621 562 2675 sacramento
597 2628 660 2673 non
684 2609 806 2677 realiter
828 2632 896 2679 esse
928 2632 1042 2700 corpus

121 2708 153 2765 et
175 2702 359 2784 sangninem
386 2698 509 2777 Christi,
531 2696 586 2763 sed
620 2697 822 2783 significative
856 2715 986 2783 tautnun
1010 2718 1045 2769 ut
1092 2700 1102 2709 ’

121 2789 166 2855 sic
199 2787 387 2875 intelligatur
420 2786 505 2873 qnod
539 2786 678 2857 Christus
713 2788 798 2866 dixit,
833 2788 1045 2860 detnonstmtu

122 2896 218 2965 pane:
237 2879 303 2947 Hoc
326 2888 373 2943 ert
394 2897 505 2962 corpur
527 2896 641 2951 meum,
663 2896 699 2943 ac
722 2878 747 2944 si
771 2876 897 2947 diceret:
922 2880 986 2947 lloc
1001 2895 1048 2949 est

122 2966 247 3051 siguum
271 2967 320 3033 vel
344 2966 442 3051 sagara
466 2964 605 3051 corporis
639 2966 712 3042 meh
746 2967 918 3035 secundum
954 2989 1048 3055 quens

122 3055 253 3123 modum
277 3070 308 3121 et
332 3054 493 3142 Apostolus
515 3054 600 3119 dixit:
626 3052 718 3121 Petro
742 3068 846 3123 nutent
869 3068 938 3123 erat
963 3055 1051 3125 Chri·

122 3155 199 3221 rins,
225 3145 238 3211 l
264 3144 348 3225 Con,
372 3144 423 3224 l0,
443 3142 517 3221 nia
540 3157 588 3209 est
608 3141 720 3209 Christi
737 3142 847 3230 ligura.
865 3147 899 3213 Et
915 3144 1051 3217 atlhuno

124 3232 315 3300 intellectum
340 3232 477 3302 relerunt
500 3230 650 3319 quidquid
674 3232 1050 3322 iuSeripturisinteuitttr

124 3320 267 3388 similiter
288 3322 359 3389 dici.

127 3464 132 3471 .
191 3410 289 3497 liujus
311 3426 416 3477 autem
439 3409 594 3496 opinionis
616 3409 813 3479 occasionem
836 3426 1046 3498 assumentes

125 3498 229 3569 uerbis
257 3499 396 3583 Domini,
429 3499 494 3589 qui,
516 3498 556 3565 de
576 3500 626 3568 sui
647 3501 786 3590 corporis
809 3502 1051 3587 comestionem
