2484 3975
211 235 277 302 ddi)
584 250 756 298 orusouuuu
868 263 871 268 ¹

209 343 293 401 mre,
315 323 421 389 dieens
443 319 525 408 quod
549 321 717 386 animatum
752 318 947 404 distinguitur
970 319 1009 386 ab
1032 319 1134 386 inuni-

210 426 294 478 muto
317 412 348 476 in
372 409 514 488 visendo,
535 424 566 474 et
587 411 671 496 quod
695 408 791 476 multa
822 421 900 474 *sunt
934 429 1013 496 quae
1036 411 1133 495 perti·

210 515 285 566 nent
306 499 345 564 ad
369 499 472 576 uitam,
496 498 609 565 soiiieet
632 497 814 574 totottaaus,
830 518 949 575 sensus,
970 512 1084 577 motus,
1099 513 1133 566 et

210 603 306 655 statua
328 587 498 657 seeundum
524 589 640 661 locum,
672 601 703 656 et
724 601 826 652 motus
862 587 1032 652 seeundum
1069 597 1132 652 uu·

210 680 389 746 trimentum
412 691 442 742 et
465 690 677 758 augmentum,
693 674 827 758 itaquod
850 676 1035 761 suinumque
1051 675 1135 742 ioost

210 766 333 852 aliquod
358 767 468 831 trorum
491 765 603 830 dieitur
625 765 735 831 vivere.
758 765 853 828 Etiam
891 779 1016 830 ostenso
1054 784 1133 848 quo·

209 853 304 922 modo
327 855 383 921 ista
405 875 439 920 se
461 854 597 920 habeant
619 853 659 918 ad
682 854 823 926 invicem,
860 851 890 918 id
929 866 975 918 est
998 853 1134 939 qtraliter

209 963 307 1012 unum
330 944 397 1008 sine
419 942 515 1007 altero
539 943 651 1008 horum
675 941 785 1008 dioitur
819 942 922 1006 uiuere
945 954 975 1007 et
997 941 1135 1027 qualitor
1159 947 1163 964 '

210 1053 307 1098 riuum
331 1033 458 1097 istorum
480 1032 548 1096 sino
571 1030 667 1097 altero
690 1031 785 1117 possit
818 1050 897 1108 essa,
918 1030 1074 1096 concludit
1098 1033 1134 1096 in

210 1120 270 1191 hon
293 1121 375 1206 quod
398 1121 501 1184 anima
524 1121 562 1184 sit
584 1120 724 1186 omnium
759 1119 983 1205 praedictorum
1019 1120 1134 1204 prinei·

209 1210 306 1294 pium‚
328 1223 359 1274 et
380 1209 464 1293 quod
487 1210 590 1273 anima
612 1207 836 1274 determinetur
852 1227 906 1295 per
921 1229 992 1274 suas
1015 1221 1132 1293 partes.

210 1299 390 1381 vegetation,
415 1298 571 1374 sentium,
594 1311 625 1360 et
640 1297 842 1376 intelletum,
880 1309 922 1382 et
946 1298 1076 1374 motivo,
1099 1310 1133 1362 et

209 1386 292 1469 quod
317 1387 392 1451 haee
416 1386 520 1451 omnia
542 1387 690 1470 contingit
713 1387 826 1450 inuno
848 1400 880 1450 et
909 1386 1019 1452 eodem
1043 1387 1135 1452 iove·

211 1474 281 1552 uiri,
302 1475 380 1541 sieut
404 1475 435 1538 in
459 1476 594 1540 homine.
618 1474 652 1541 Et
675 1473 849 1560 quisptam
872 1475 972 1561 posuit
995 1475 1133 1546 diversas

210 1583 278 1630 etse
300 1564 419 1628 animas
441 1563 471 1627 in
496 1563 633 1639 bomine,
672 1563 844 1632 seeundum
878 1584 956 1650 quas
989 1563 1132 1629 diuersae

210 1652 405 1738 operationes
428 1653 507 1717 ritae
528 1652 557 1715 ei
577 1651 774 1726 conveniant,
796 1664 1021 1739 cousequenter
1041 1653 1136 1718 dubi-

209 1742 358 1811 tationem
380 1753 485 1806 movet
522 1753 624 1806 utrum
664 1742 907 1826 unumquodque
943 1741 1055 1808 horum
1092 1742 1132 1806 sit

209 1830 312 1896 noima
337 1851 392 1917 per
414 1850 448 1895 se
470 1828 519 1892 ret
539 1829 578 1894 sit
601 1827 702 1916 aliqua
726 1849 796 1915 pars
822 1833 953 1906 animam
967 1843 1009 1908 et,
1020 1832 1045 1896 si
1069 1828 1132 1894 sint

210 1931 311 2004 partes
335 1920 425 1986 unius
447 1917 581 1998 ortunae,
602 1931 705 1988 utrum
729 1917 871 1984 (differant
893 1918 993 1986 tolum
1017 1938 1129 1985 seeun-

209 2006 285 2074 dum
308 2010 470 2083 rationem,
492 2020 544 2073 out
566 2008 658 2073 etiam
682 2004 821 2073 differant
856 2009 934 2084 loco,
962 2008 992 2074 id
1016 2023 1062 2075 est
1078 2028 1128 2073 or·

209 2116 301 2181 gano.
326 2097 362 2162 Et
382 2096 539 2180 subjungit
561 2095 645 2181 quod
658 2152 662 2159 .
676 2096 739 2161 «da
760 2097 946 2182 quibusdam
971 2098 1030 2163 hoo
1053 2094 1131 2162 diffi-

209 2184 268 2251 uiie
290 2206 352 2251 non
375 2186 506 2258 videtur,
529 2185 583 2249 sed
607 2185 759 2271 quaedam
787 2202 860 2251 sunt
890 2202 972 2271 uuae
1006 2184 1131 2251 dubita-

210 2274 324 2339 tionem
348 2275 505 2341 habent».
528 2271 670 2342 Ostendit
691 2275 775 2343 enim
797 2286 1022 2359 consequenter
1044 2274 1129 2361 quod

209 2362 404 2430 manifestum
428 2378 474 2427 est
497 2362 537 2427 de
560 2364 708 2449 hisquae
732 2365 884 2448 pertinent
917 2362 955 2427 ad
990 2364 1126 2429 animam

210 2452 411 2536 vegetandam
435 2451 528 2515 etde
551 2452 599 2517 itis
624 2472 703 2535 quae
728 2453 879 2537 pertinent
916 2449 954 2515 nd
992 2452 1129 2517 animan

209 2540 399 2617 sensibiiem,
423 2560 478 2626 per
502 2540 560 2606 hoo
584 2539 667 2625 quod
681 2540 812 2626 plantae
828 2554 858 2607 et
869 2539 1011 2607 animalia
1034 2561 1130 2625 quae·

209 2628 285 2695 dam
305 2628 406 2695 deuito
430 2629 544 2703 vivunt,
566 2642 596 2693 et
619 2630 650 2695 iu
673 2629 809 2715 qualibet
825 2643 910 2716 parta
925 2640 1034 2695 omnes
1056 2650 1132 2711 ope·

208 2717 344 2783 rationes
366 2718 498 2795 animae,
521 2736 600 2802 quae
624 2729 695 2781 sunt
732 2724 770 2783 iu·
787 2732 860 2794 toto,
884 2730 1042 2803 apparent.
1066 2716 1129 2783 Sed

210 2806 250 2871 de
272 2806 385 2890 quibus
408 2806 632 2874 dubitationem
656 2804 768 2871 habeat
793 2806 936 2884 ostendit,
961 2824 1034 2871 sum
1057 2806 1135 2871 utatt

209 2894 294 2981 quod
312 2922 327 2953 ι
352 2894 392 2959 de
418 2896 573 2961 intellectu
596 2908 626 2959 et
660 2897 795 2979 potentia
831 2896 1025 2982 perspeutita·
1057 2895 1133 2961 nihii

196 2983 312 3052 ,edituo
334 2982 530 3049 manifestum
565 2997 611 3049 est
638 3010 670 3059 ι,
695 2983 776 3068 quod
816 2994 894 3049 uon'
917 2984 989 3061 dioit
1027 2983 1134 3049 rolens

209 3072 478 3157 ostenderequod
501 3072 672 3138 intellectus
694 3093 757 3137 non
780 3073 817 3137 sit
841 3072 954 3151 anima,
987 3086 1021 3139 ut
1043 3072 1135 3138 Com-

209 3174 367 3226 mentator
389 3180 532 3246 peruerse
552 3162 678 3247 exponit
700 3174 730 3227 et
752 3174 917 3227 sectatores
940 3162 1045 3248 ipsium
1069 3180 1135 3227 ma·

210 3248 321 3315 nitente
343 3251 426 3313 enirn
451 3248 509 3315 hoo
530 3268 595 3318 nou
618 3250 756 3336 sequitur
788 3250 827 3315 ad
853 3256 911 3315 hou
933 3250 1017 3334 quod
1040 3268 1133 3335 supra

209 3336 338 3403 dixerat
368 3337 558 3418 «Quondam
595 3338 679 3406 enirn
715 3338 936 3407 dubitationem
971 3340 1086 3405 babent
1100 3361 1134 3413 »ς

209 3427 293 3492 undo
315 3425 549 3509 intelligendum
570 3440 626 3493 est:
643 3426 721 3491 Nihil
738 3427 840 3504 adhuc
863 3426 1059 3495 manifestum
1082 3440 1136 3493 est

212 3533 252 3577 on
276 3514 448 3578 intellectus
481 3514 519 3579 sit
552 3515 655 3579 anima
689 3514 843 3603 reipars
864 3516 1006 3605 ‘animae
1045 3528 1085 3606 et,
1106 3516 1134 3581 si
