2484 3975
257 281 908 386 cmmmmfflm

428 448 590 526 [upum.
609 447 740 524 xxm]

521 609 655 665 5043

320 787 322 792 ’
409 821 760 890 rnooauruu

188 1000 268 1087 Quia
292 1023 405 1089 paruus
428 1023 518 1068 error
541 1003 571 1067 in
600 1001 751 1089 principio
783 1021 914 1085 magnus
944 1017 991 1069 est
1015 1004 1046 1068 in

123 1094 195 1169 linc.
216 1094 388 1159 secundum
414 1090 639 1178 Philosophum
668 1091 737 1175 (de
751 1089 843 1155 Caelo
866 1104 897 1157 et
920 1090 1048 1169 lllundo,

126 1184 156 1257 l,
180 1198 252 1248 text.
277 1202 392 1245 comm.
405 1180 447 1245 33
465 1230 480 1275 ,l
497 1180 556 1244 llos
572 1194 676 1244 autern
692 1192 723 1243 et
736 1180 867 1244 essentia
884 1194 956 1246 eunt
967 1202 1048 1269 quae

120 1272 224 1360 primo
236 1274 266 1337 io
282 1270 438 1335 intellectu
454 1271 670 1355 concipiuntur
685 1265 745 1349 (l),
757 1281 793 1333 ut
809 1268 881 1334 dicit
896 1270 1052 1337 dvicenna

173 1464 215 1532 (Ι)
236 1463 289 1517 Ena
312 1469 403 1518 ualeat
427 1468 454 1515 et
478 1460 757 1531 camaracenorum
773 1465 860 1531 primo
873 1466 902 1517 iro
920 1465 1054 1519 intellectu

117 1540 314 1605 concipiuntur.

174 1608 214 1660 Dc
241 1607 288 1659 hac
312 1604 477 1675 quaestione,
501 1618 569 1671 quac
594 1608 636 1655 cst
660 1604 739 1658 theaio
766 1604 799 1658 dc
819 1608 906 1674 prime
936 1609 1050 1677 coquito,

122 1680 235 1731 multum
255 1668 324 1747 inter
343 1676 518 1728 themisticom
541 1682 567 1726 ct
585 1677 743 1728 scotieticam
766 1677 868 1729 scholas
887 1678 1052 1747 disputatum

120 1748 238 1804 cotilae
247 1748 439 1801 wutrovcrsiaa
455 1747 605 1798 summatim
625 1762 756 1816 exponere
768 1764 864 1817 operae
878 1751 1051 1817 pretiumest3

123 1838 184 1874 num
203 1821 231 1872 in
248 1820 300 1873 illie
317 1819 422 1871 caedem
441 1819 576 1885 agitantur
597 1816 764 1871 difficultates
781 1820 851 1871 circa
873 1834 941 1891 quus
960 1836 1051 1873 recen·

123 1895 223 1945 tiorum
245 1891 469 1943 rationalistarum
494 1890 586 1953 luoor,
612 1890 645 1940 ad
670 1892 849 1959 quaestionem
874 1892 907 1942 de
932 1893 1051 1944 idearum

121 1966 223 2035 origine
233 1962 384 2016 solvendam
395 1960 451 2013 lcrc
463 1960 569 2013 omuino
583 1968 714 2014 vereatur.
731 1961 906 2016 'llromistiuae
916 1963 1051 2016 doctrinae

124 2038 295 2104 interpretem
313 2033 440 2085 habemus
456 2030 620 2100 Caletanum,
630 2039 759 2086 tractatus
777 2034 808 2085 dc
818 2031 920 2087 Eoiect
934 2033 1053 2088 &sentio

121 2113 365 2160 commentatorem.
384 2103 548 2158 Scoticticam
566 2105 756 2172 expositionem
774 2105 883 2174 praebet
902 2115 1052 2159 accuratam

124 2178 288 2231 crescencius
307 2175 425 2244 Krispcr,
442 2175 470 2230 in
489 2189 538 2225 cuo
560 2174 593 2226 dc
611 2174 680 2226 Scoti
704 2176 867 2247 philosophia
886 2177 962 2230 libro.
981 2177 1052 2230 Utri·

124 2263 211 2318 usquc
227 2251 343 2300 rationes
361 2247 516 2316 praecipuus
534 2244 684 2298 aderamus.

179 2319 207 2374 ln
226 2335 281 2390 quo
297 2324 350 2371 etet
370 2318 529 2386 quaestionis
551 2316 691 2369 difficultas
710 2312 852 2389 Cajetanus
874 2319 911 2372 sic
929 2319 1054 2372 declarat:

180 2390 331 2443 Universalc
348 2389 479 2458 duplicem
502 2387 582 2440 habet
612 2390 778 2455 totalitatem
808 2395 849 2441 est
871 2393 940 2442 enim
971 2396 1055 2443 totum

124 2461 258 2530 definitiic
275 2467 302 2514 ct
321 2466 405 2513 totum
423 2457 579 2511 uniuersale.
597 2456 730 2512 Differam
749 2466 839 2512 autem
852 2461 901 2514 hec
914 2463 1056 2514 totalitate·

124 2533 273 2602 tripliciter.
291 2530 315 2584 l.
335 2531 449 2583 totalitas
478 2529 613 2582 definitiva
631 2530 759 2584 scindatur
789 2546 870 2599 supra
891 2533 1056 2586 actualitates

126 2604 174 2656 rei.
187 2604 302 2656 totalitas
319 2610 407 2654 autem
426 2601 582 2654 umrcrsalia
597 2617 680 2670 cupra
698 2605 826 2654 virtutem
840 2617 887 2655 seu
900 2610 1056 2673 potestatem

124 2676 175 2741 τοῖς
191 2674 218 2726 2
237 2675 351 2727 totalitas
369 2673 506 2726 definitiva
522 2679 563 2724 cst
581 2673 609 2724 in
628 2673 719 2726 ordine
738 2673 771 2725 ud
785 2675 941 2743 ‚superium
970 2677 991 2728 si
1011 2691 1056 2727 su·

126 2746 233 2816 periora
250 2745 338 2811 hahct;
357 2745 472 2797 totalitas
489 2759 552 2796 vero
570 2745 725 2797 universalis
742 2751 782 2796 est
799 2745 826 2797 in
845 2746 937 2798 ordine
967 2747 1001 2799 ad
1018 2748 1059 2800 im

125 2818 233 2876 teriora:
249 2815 277 2868 ὅ.
297 2817 412 2869 totalitas
427 2813 565 2868 definitiva
582 2817 739 2868 naturaliter
755 2822 795 2868 ost
825 2816 898 2886 prior
928 2819 1057 2872 totalitate

126 2889 280 2941 univer-sali.
759 2909 765 2924 ·

181 2960 215 3012 lit
231 2961 300 3012 sicut
329 2957 477 3011 universale
496 2955 575 3009 habet
591 2957 723 3027 duplicem
742 2957 908 3025 totalitatem,
933 2960 970 3013 ita
998 2955 1058 3032 ejus

125 3037 169 3082 cat
186 3030 284 3100 duplex
301 3031 415 3098 cognitio
431 3027 539 3081 contusa
557 3036 585 3080 ct
601 3029 699 3098 duplex
718 3029 848 3082 distincta.
867 3031 955 3083 Prima
973 3032 1061 3100 cogni·

126 3103 166 3153 tio
182 3101 291 3154 conium
309 3119 342 3154 ca
358 3108 399 3153 est
417 3116 468 3169 qua
487 3100 655 3165 cognoscitur
682 3105 712 3152 ut
731 3107 816 3153 totum
836 3100 979 3169 definibile,
1006 3117 1060 3155 uon

126 3173 283 3227 resolvendo
300 3172 366 3225 illud
383 3175 411 3224 in
430 3178 518 3241 partes
536 3169 694 3237 definitivam
716 3173 831 3224 secunda
861 3177 974 3241 cognitio
998 3189 1063 3226 con·

126 3243 189 3296 lusa
205 3251 294 3296 cetea
311 3259 365 3313 qua
382 3243 551 3310 cognoscitur
568 3248 600 3294 ut
618 3248 702 3294 totam
726 3243 882 3310 universale,
911 3259 964 3296 non
993 3259 1064 3297 conr·

128 3315 251 3384 ponendo
269 3315 356 3385 ipsum
375 3331 436 3366 cum
457 3313 578 3382 partibus
596 3309 761 3386 sribjcctivis.
778 3313 867 3367 Primo
891 3315 1014 3368 distincta
1031 3331 1064 3368 ea

127 3394 172 3439 est
187 3401 242 3456 qua
259 3396 424 3455 cognoscitur
442 3391 528 3436 totum
551 3383 701 3451 delinitum,
736 3385 891 3440 resolvendo
910 3388 1005 3457 ‘ipsum
1037 3389 1064 3440 in

127 3457 248 3526 singular
267 3465 356 3527 partes
373 3455 542 3520 definitionis,
559 3463 587 3508 ct
605 3456 668 3509 haec
686 3457 827 3526 respondet
845 3459 946 3528 primae
975 3458 1069 3512 coniu-

127 3543 184 3597 ηις
199 3529 317 3590 mutuae
334 3531 457 3583 diadacta
475 3542 506 3582 ca
522 3534 564 3584 eet
580 3543 635 3599 qua
652 3529 819 3598 cognescitur
844 3535 928 3584 tetiam
959 3532 1067 3586 uuiver-
1096 3579 1099 3587 ,
