<?xml version="1.0" encoding="UTF-8"?>
<!DOCTYPE html PUBLIC "-//W3C//DTD XHTML 1.0 Transitional//EN"
    "http://www.w3.org/TR/xhtml1/DTD/xhtml1-transitional.dtd">
<html xmlns="http://www.w3.org/1999/xhtml" xml:lang="en" lang="en">
 <head>
  <title>
</title>
<meta http-equiv="Content-Type" content="text/html;charset=utf-8" />
  <meta name='ocr-system' content='tesseract 3.04.00' />
  <meta name='ocr-capabilities' content='ocr_page ocr_carea ocr_par ocr_line ocrx_word'/>
</head>
<body>
  <div class='ocr_page' id='page_1' title='image "./sanctithomaeaqu01thomgoog_0038.png"; bbox 0 0 2484 3975; ppageno 0'>
   <div class='ocr_carea' id='block_1_1' title="bbox 194 219 1142 2169">
    <p class='ocr_par' dir='ltr' id='par_1_1' title="bbox 214 219 894 284">
     <span class='ocr_line' id='line_1_1' title="bbox 214 219 894 284; baseline -0.001 -1"><span class='ocrx_word' id='word_1_1' title='bbox 214 219 258 283; x_wconf 80' lang='lat' dir='ltr'><strong>ot</strong></span> <span class='ocrx_word' id='word_1_2' title='bbox 470 239 527 284; x_wconf 82' lang='lat' dir='ltr'><strong>nn.</strong></span> <span class='ocrx_word' id='word_1_3' title='bbox 551 238 589 283; x_wconf 75' lang='grc' dir='ltr'><strong>ιν.</strong></span> <span class='ocrx_word' id='word_1_4' title='bbox 613 238 678 283; x_wconf 78' lang='lat' dir='ltr'><strong>car.</strong></span> <span class='ocrx_word' id='word_1_5' title='bbox 701 238 751 283; x_wconf 82' lang='lat' dir='ltr'><strong>tn.</strong></span> <span class='ocrx_word' id='word_1_6' title='bbox 772 234 811 281; x_wconf 77' lang='lat' dir='ltr'><strong>st</strong></span> <span class='ocrx_word' id='word_1_7' title='bbox 833 236 894 282; x_wconf 85' lang='lat' dir='ltr'><strong>unt.</strong></span> 
     </span>
    </p>

    <p class='ocr_par' dir='ltr' id='par_1_2' title="bbox 194 304 1142 2169">
     <span class='ocr_line' id='line_1_2' title="bbox 215 304 1139 392; baseline -0.001 -19"><span class='ocrx_word' id='word_1_8' title='bbox 215 325 351 385; x_wconf 88' lang='lat' dir='ltr'><strong>martam,</strong></span> <span class='ocrx_word' id='word_1_9' title='bbox 373 305 429 372; x_wconf 87' lang='lat' dir='ltr'><strong>sed</strong></span> <span class='ocrx_word' id='word_1_10' title='bbox 452 306 490 372; x_wconf 89' lang='lat' dir='ltr'><strong>ad</strong></span> <span class='ocrx_word' id='word_1_11' title='bbox 514 308 681 392; x_wconf 86' lang='lat' dir='ltr'><strong>quamdam</strong></span> <span class='ocrx_word' id='word_1_12' title='bbox 695 320 836 372; x_wconf 89' lang='lat' dir='ltr'><strong>naturam</strong></span> <span class='ocrx_word' id='word_1_13' title='bbox 851 318 998 385; x_wconf 82' lang='lat' dir='ltr'><strong>creatam,</strong></span> <span class='ocrx_word' id='word_1_14' title='bbox 1013 304 1139 392; x_wconf 76' lang='lat' dir='ltr'><strong>dignio-</strong></span> 
     </span>
     <span class='ocr_line' id='line_1_3' title="bbox 214 394 1138 463; baseline 0.002 -4"><span class='ocrx_word' id='word_1_15' title='bbox 214 416 281 461; x_wconf 85' lang='lat' dir='ltr'><strong>rem</strong></span> <span class='ocrx_word' id='word_1_16' title='bbox 306 396 444 463; x_wconf 86' lang='lat' dir='ltr'><strong>eaeteris.</strong></span> <span class='ocrx_word' id='word_1_17' title='bbox 468 396 576 463; x_wconf 80' lang='lat' dir='ltr'><strong>Differt</strong></span> <span class='ocrx_word' id='word_1_18' title='bbox 598 398 691 462; x_wconf 88' lang='lat' dir='ltr'><strong>etiam</strong></span> <span class='ocrx_word' id='word_1_19' title='bbox 715 397 804 461; x_wconf 83' lang='lat' dir='ltr'><strong>Arius</strong></span> <span class='ocrx_word' id='word_1_20' title='bbox 820 416 837 460; x_wconf 93' lang='lat' dir='ltr'><strong>a</strong></span> <span class='ocrx_word' id='word_1_21' title='bbox 854 394 990 461; x_wconf 82' lang='lat' dir='ltr'><strong>Sabellio</strong></span> <span class='ocrx_word' id='word_1_22' title='bbox 1006 409 1038 461; x_wconf 90' lang='lat' dir='ltr'><strong>et</strong></span> <span class='ocrx_word' id='word_1_23' title='bbox 1053 396 1138 462; x_wconf 85' lang='lat' dir='ltr'><strong>Plro·</strong></span> 
     </span>
     <span class='ocr_line' id='line_1_4' title="bbox 216 484 1138 572; baseline 0.001 -23"><span class='ocrx_word' id='word_1_24' title='bbox 216 486 279 550; x_wconf 89' lang='lat' dir='ltr'><strong>tino</strong></span> <span class='ocrx_word' id='word_1_25' title='bbox 302 485 333 549; x_wconf 89' lang='lat' dir='ltr'><strong>in</strong></span> <span class='ocrx_word' id='word_1_26' title='bbox 357 485 417 551; x_wconf 88' lang='lat' dir='ltr'><strong>hoe</strong></span> <span class='ocrx_word' id='word_1_27' title='bbox 439 487 523 572; x_wconf 89' lang='lat' dir='ltr'><strong>quod</strong></span> <span class='ocrx_word' id='word_1_28' title='bbox 546 484 724 570; x_wconf 84' lang='lat' dir='ltr'><strong>hujusmodi</strong></span> <span class='ocrx_word' id='word_1_29' title='bbox 740 485 973 569; x_wconf 75' lang='lat' dir='ltr'><strong>generationem</strong></span> <span class='ocrx_word' id='word_1_30' title='bbox 997 485 1138 570; x_wconf 85' lang='lat' dir='ltr'><strong>praedio·</strong></span> 
     </span>
     <span class='ocr_line' id='line_1_5' title="bbox 215 572 1142 651; baseline 0.001 -14"><span class='ocrx_word' id='word_1_31' title='bbox 215 588 276 639; x_wconf 83' lang='lat' dir='ltr'><strong>tam</strong></span> <span class='ocrx_word' id='word_1_32' title='bbox 301 574 409 639; x_wconf 88' lang='lat' dir='ltr'><strong>asserit</strong></span> <span class='ocrx_word' id='word_1_33' title='bbox 430 588 503 640; x_wconf 89' lang='lat' dir='ltr'><strong>ante</strong></span> <span class='ocrx_word' id='word_1_34' title='bbox 525 574 678 639; x_wconf 88' lang='lat' dir='ltr'><strong>mundum</strong></span> <span class='ocrx_word' id='word_1_35' title='bbox 703 572 806 651; x_wconf 86' lang='lat' dir='ltr'><strong>luisse,</strong></span> <span class='ocrx_word' id='word_1_36' title='bbox 832 572 872 637; x_wconf 89' lang='lat' dir='ltr'><strong>illi</strong></span> <span class='ocrx_word' id='word_1_37' title='bbox 889 593 962 639; x_wconf 82' lang='lat' dir='ltr'><strong>uero</strong></span> <span class='ocrx_word' id='word_1_38' title='bbox 978 593 1048 638; x_wconf 88' lang='lat' dir='ltr'><strong>eam</strong></span> <span class='ocrx_word' id='word_1_39' title='bbox 1062 572 1142 639; x_wconf 90' lang='lat' dir='ltr'><strong>lois-</strong></span> 
     </span>
     <span class='ocr_line' id='line_1_6' title="bbox 213 660 1139 748; baseline -0.001 -20"><span class='ocrx_word' id='word_1_40' title='bbox 213 682 248 728; x_wconf 84' lang='lat' dir='ltr'><strong>se</strong></span> <span class='ocrx_word' id='word_1_41' title='bbox 272 674 386 748; x_wconf 78' lang='lat' dir='ltr'><strong>negant</strong></span> <span class='ocrx_word' id='word_1_42' title='bbox 410 677 479 729; x_wconf 87' lang='lat' dir='ltr'><strong>ante</strong></span> <span class='ocrx_word' id='word_1_43' title='bbox 504 662 692 727; x_wconf 78' lang='lat' dir='ltr'><strong>nativitatem</strong></span> <span class='ocrx_word' id='word_1_44' title='bbox 732 682 771 727; x_wconf 85' lang='lat' dir='ltr'><strong>er</strong></span> <span class='ocrx_word' id='word_1_45' title='bbox 807 660 942 747; x_wconf 80' lang='lat' dir='ltr'><strong>Virgine.</strong></span> <span class='ocrx_word' id='word_1_46' title='bbox 980 661 1139 728; x_wconf 79' lang='lat' dir='ltr'><strong>sabellius</strong></span> 
     </span>
     <span class='ocr_line' id='line_1_7' title="bbox 215 749 1139 836; baseline -0.002 -19"><span class='ocrx_word' id='word_1_47' title='bbox 215 765 319 817; x_wconf 88' lang='lat' dir='ltr'><strong>tamen</strong></span> <span class='ocrx_word' id='word_1_48' title='bbox 342 772 359 816; x_wconf 91' lang='lat' dir='ltr'><strong>a</strong></span> <span class='ocrx_word' id='word_1_49' title='bbox 383 750 515 816; x_wconf 90' lang='lat' dir='ltr'><strong>Photino</strong></span> <span class='ocrx_word' id='word_1_50' title='bbox 539 750 640 816; x_wconf 88' lang='lat' dir='ltr'><strong>dillert</strong></span> <span class='ocrx_word' id='word_1_51' title='bbox 654 751 686 815; x_wconf 93' lang='lat' dir='ltr'><strong>in</strong></span> <span class='ocrx_word' id='word_1_52' title='bbox 704 751 763 817; x_wconf 86' lang='lat' dir='ltr'><strong>hoo</strong></span> <span class='ocrx_word' id='word_1_53' title='bbox 778 750 863 836; x_wconf 84' lang='lat' dir='ltr'><strong>quod</strong></span> <span class='ocrx_word' id='word_1_54' title='bbox 879 749 1033 817; x_wconf 75' lang='lat' dir='ltr'><strong>sabellius</strong></span> <span class='ocrx_word' id='word_1_55' title='bbox 1047 749 1139 816; x_wconf 86' lang='lat' dir='ltr'><strong>Chri-</strong></span> 
     </span>
     <span class='ocr_line' id='line_1_8' title="bbox 214 839 1138 917; baseline 0 -12"><span class='ocrx_word' id='word_1_56' title='bbox 214 854 296 905; x_wconf 86' lang='lat' dir='ltr'><strong>stum</strong></span> <span class='ocrx_word' id='word_1_57' title='bbox 318 860 426 905; x_wconf 87' lang='lat' dir='ltr'><strong>uerum</strong></span> <span class='ocrx_word' id='word_1_58' title='bbox 450 840 553 905; x_wconf 90' lang='lat' dir='ltr'><strong>Deum</strong></span> <span class='ocrx_word' id='word_1_59' title='bbox 588 839 751 904; x_wconf 82' lang='lat' dir='ltr'><strong>confitetur</strong></span> <span class='ocrx_word' id='word_1_60' title='bbox 788 851 819 903; x_wconf 92' lang='lat' dir='ltr'><strong>et</strong></span> <span class='ocrx_word' id='word_1_61' title='bbox 853 840 1037 917; x_wconf 82' lang='lat' dir='ltr'><strong>naturalem,</strong></span> <span class='ocrx_word' id='word_1_62' title='bbox 1071 860 1138 905; x_wconf 95' lang='lat' dir='ltr'><strong>non</strong></span> 
     </span>
     <span class='ocr_line' id='line_1_9' title="bbox 215 926 1136 1015; baseline 0 -22"><span class='ocrx_word' id='word_1_63' title='bbox 215 943 318 994; x_wconf 89' lang='lat' dir='ltr'><strong>autem</strong></span> <span class='ocrx_word' id='word_1_64' title='bbox 341 928 494 995; x_wconf 82' lang='lat' dir='ltr'><strong>Photinus</strong></span> <span class='ocrx_word' id='word_1_65' title='bbox 518 948 619 1013; x_wconf 89' lang='lat' dir='ltr'><strong>neque</strong></span> <span class='ocrx_word' id='word_1_66' title='bbox 644 928 743 1001; x_wconf 80' lang='lat' dir='ltr'><strong>Arius,</strong></span> <span class='ocrx_word' id='word_1_67' title='bbox 767 926 824 993; x_wconf 88' lang='lat' dir='ltr'><strong>sed</strong></span> <span class='ocrx_word' id='word_1_68' title='bbox 847 927 998 995; x_wconf 82' lang='lat' dir='ltr'><strong>Photinus</strong></span> <span class='ocrx_word' id='word_1_69' title='bbox 1021 950 1136 1015; x_wconf 86' lang='lat' dir='ltr'><strong>purum</strong></span> 
     </span>
     <span class='ocr_line' id='line_1_10' title="bbox 194 1016 1138 1103; baseline -0.002 -20"><span class='ocrx_word' id='word_1_70' title='bbox 194 1016 385 1095; x_wconf 83' lang='lat' dir='ltr'><strong>hominem,</strong></span> <span class='ocrx_word' id='word_1_71' title='bbox 419 1017 507 1082; x_wconf 87' lang='lat' dir='ltr'><strong>Arius</strong></span> <span class='ocrx_word' id='word_1_72' title='bbox 531 1031 634 1081; x_wconf 88' lang='lat' dir='ltr'><strong>autem</strong></span> <span class='ocrx_word' id='word_1_73' title='bbox 659 1016 747 1101; x_wconf 82' lang='lat' dir='ltr'><strong>quasi</strong></span> <span class='ocrx_word' id='word_1_74' title='bbox 769 1018 971 1081; x_wconf 82' lang='lat' dir='ltr'><strong>commixtum</strong></span> <span class='ocrx_word' id='word_1_75' title='bbox 998 1038 1036 1083; x_wconf 85' lang='lat' dir='ltr'><strong>er</strong></span> <span class='ocrx_word' id='word_1_76' title='bbox 1058 1038 1138 1103; x_wconf 88' lang='lat' dir='ltr'><strong>qua-</strong></span> 
     </span>
     <span class='ocr_line' id='line_1_11' title="bbox 214 1104 1138 1175; baseline 0.001 -4"><span class='ocrx_word' id='word_1_77' title='bbox 214 1106 285 1171; x_wconf 87' lang='lat' dir='ltr'><strong>dam</strong></span> <span class='ocrx_word' id='word_1_78' title='bbox 310 1105 564 1171; x_wconf 79' lang='lat' dir='ltr'><strong>excellentissima</strong></span> <span class='ocrx_word' id='word_1_79' title='bbox 588 1119 740 1175; x_wconf 84' lang='lat' dir='ltr'><strong>ereatura.</strong></span> <span class='ocrx_word' id='word_1_80' title='bbox 778 1104 882 1169; x_wconf 87' lang='lat' dir='ltr'><strong>divina</strong></span> <span class='ocrx_word' id='word_1_81' title='bbox 920 1119 950 1171; x_wconf 92' lang='lat' dir='ltr'><strong>et</strong></span> <span class='ocrx_word' id='word_1_82' title='bbox 988 1107 1138 1173; x_wconf 86' lang='lat' dir='ltr'><strong>humana.</strong></span> 
     </span>
     <span class='ocr_line' id='line_1_12' title="bbox 214 1193 1138 1281; baseline 0.001 -22"><span class='ocrx_word' id='word_1_83' title='bbox 214 1194 251 1259; x_wconf 90' lang='lat' dir='ltr'><strong>lli</strong></span> <span class='ocrx_word' id='word_1_84' title='bbox 275 1194 366 1259; x_wconf 87' lang='lat' dir='ltr'><strong>aliam</strong></span> <span class='ocrx_word' id='word_1_85' title='bbox 390 1214 458 1259; x_wconf 89' lang='lat' dir='ltr'><strong>esse</strong></span> <span class='ocrx_word' id='word_1_86' title='bbox 482 1214 646 1281; x_wconf 80' lang='lat' dir='ltr'><strong>personam</strong></span> <span class='ocrx_word' id='word_1_87' title='bbox 671 1193 769 1259; x_wconf 88' lang='lat' dir='ltr'><strong>Patris</strong></span> <span class='ocrx_word' id='word_1_88' title='bbox 791 1207 823 1258; x_wconf 92' lang='lat' dir='ltr'><strong>et</strong></span> <span class='ocrx_word' id='word_1_89' title='bbox 846 1193 913 1260; x_wconf 90' lang='lat' dir='ltr'><strong>Filii</strong></span> <span class='ocrx_word' id='word_1_90' title='bbox 938 1194 1138 1275; x_wconf 63' lang='lat' dir='ltr'><strong>confitentum</strong></span> 
     </span>
     <span class='ocr_line' id='line_1_13' title="bbox 214 1281 1137 1369; baseline 0.001 -21"><span class='ocrx_word' id='word_1_91' title='bbox 214 1283 298 1369; x_wconf 89' lang='lat' dir='ltr'><strong>quod</strong></span> <span class='ocrx_word' id='word_1_92' title='bbox 311 1282 463 1349; x_wconf 88' lang='lat' dir='ltr'><strong>Sabellius</strong></span> <span class='ocrx_word' id='word_1_93' title='bbox 480 1296 580 1368; x_wconf 78' lang='lat' dir='ltr'><strong>negat.</strong></span> <span class='ocrx_word' id='word_1_94' title='bbox 598 1281 689 1347; x_wconf 81' lang='lat' dir='ltr'><strong>Fides</strong></span> <span class='ocrx_word' id='word_1_95' title='bbox 705 1282 954 1367; x_wconf 77' lang='lat' dir='ltr'><strong>ergoeatltoliea,</strong></span> <span class='ocrx_word' id='word_1_96' title='bbox 971 1284 1072 1349; x_wconf 90' lang='lat' dir='ltr'><strong>media</strong></span> <span class='ocrx_word' id='word_1_97' title='bbox 1086 1285 1137 1349; x_wconf 85' lang='lat' dir='ltr'><strong>uia</strong></span> 
     </span>
     <span class='ocr_line' id='line_1_14' title="bbox 212 1371 1136 1450; baseline 0.002 -14"><span class='ocrx_word' id='word_1_98' title='bbox 212 1371 371 1450; x_wconf 85' lang='lat' dir='ltr'><strong>incedens,</strong></span> <span class='ocrx_word' id='word_1_99' title='bbox 394 1372 568 1448; x_wconf 86' lang='lat' dir='ltr'><strong>conlitetur,</strong></span> <span class='ocrx_word' id='word_1_100' title='bbox 592 1392 664 1437; x_wconf 83' lang='lat' dir='ltr'><strong>uum</strong></span> <span class='ocrx_word' id='word_1_101' title='bbox 687 1371 759 1437; x_wconf 77' lang='lat' dir='ltr'><strong>Ario</strong></span> <span class='ocrx_word' id='word_1_102' title='bbox 789 1384 820 1435; x_wconf 92' lang='lat' dir='ltr'><strong>et</strong></span> <span class='ocrx_word' id='word_1_103' title='bbox 856 1371 988 1436; x_wconf 88' lang='lat' dir='ltr'><strong>Photino</strong></span> <span class='ocrx_word' id='word_1_104' title='bbox 1027 1386 1136 1438; x_wconf 85' lang='lat' dir='ltr'><strong>eontra</strong></span> 
     </span>
     <span class='ocr_line' id='line_1_15' title="bbox 214 1459 1135 1547; baseline 0.001 -22"><span class='ocrx_word' id='word_1_105' title='bbox 214 1460 394 1539; x_wconf 90' lang='lat' dir='ltr'><strong>Sabellium,</strong></span> <span class='ocrx_word' id='word_1_106' title='bbox 417 1460 508 1525; x_wconf 89' lang='lat' dir='ltr'><strong>aliam</strong></span> <span class='ocrx_word' id='word_1_107' title='bbox 533 1481 697 1547; x_wconf 86' lang='lat' dir='ltr'><strong>personam</strong></span> <span class='ocrx_word' id='word_1_108' title='bbox 721 1459 818 1525; x_wconf 89' lang='lat' dir='ltr'><strong>Patris</strong></span> <span class='ocrx_word' id='word_1_109' title='bbox 833 1478 865 1525; x_wconf 88' lang='lat' dir='ltr'><strong>et</strong></span> <span class='ocrx_word' id='word_1_110' title='bbox 886 1460 965 1538; x_wconf 85' lang='lat' dir='ltr'><strong>Filii,</strong></span> <span class='ocrx_word' id='word_1_111' title='bbox 980 1477 1010 1525; x_wconf 92' lang='lat' dir='ltr'><strong>et</strong></span> <span class='ocrx_word' id='word_1_112' title='bbox 1021 1461 1135 1526; x_wconf 88' lang='lat' dir='ltr'><strong>Filium</strong></span> 
     </span>
     <span class='ocr_line' id='line_1_16' title="bbox 214 1549 1137 1635; baseline 0 -21"><span class='ocrx_word' id='word_1_113' title='bbox 214 1550 364 1635; x_wconf 74' lang='lat' dir='ltr'><strong>genitum,</strong></span> <span class='ocrx_word' id='word_1_114' title='bbox 387 1549 509 1613; x_wconf 86' lang='lat' dir='ltr'><strong>Patrem</strong></span> <span class='ocrx_word' id='word_1_115' title='bbox 535 1568 607 1614; x_wconf 86' lang='lat' dir='ltr'><strong>vero</strong></span> <span class='ocrx_word' id='word_1_116' title='bbox 631 1550 760 1613; x_wconf 91' lang='lat' dir='ltr'><strong>omnino</strong></span> <span class='ocrx_word' id='word_1_117' title='bbox 784 1550 967 1634; x_wconf 72' lang='lat' dir='ltr'><strong>ingenitum3</strong></span> <span class='ocrx_word' id='word_1_118' title='bbox 983 1570 1055 1615; x_wconf 85' lang='lat' dir='ltr'><strong>eum</strong></span> <span class='ocrx_word' id='word_1_119' title='bbox 1079 1549 1137 1615; x_wconf 88' lang='lat' dir='ltr'><strong>Sa·</strong></span> 
     </span>
     <span class='ocr_line' id='line_1_17' title="bbox 214 1637 1135 1715; baseline 0.002 -12"><span class='ocrx_word' id='word_1_120' title='bbox 214 1637 309 1704; x_wconf 87' lang='lat' dir='ltr'><strong>bellio</strong></span> <span class='ocrx_word' id='word_1_121' title='bbox 333 1658 406 1703; x_wconf 86' lang='lat' dir='ltr'><strong>vero</strong></span> <span class='ocrx_word' id='word_1_122' title='bbox 430 1651 536 1703; x_wconf 86' lang='lat' dir='ltr'><strong>eontra</strong></span> <span class='ocrx_word' id='word_1_123' title='bbox 561 1637 728 1703; x_wconf 88' lang='lat' dir='ltr'><strong>Photinum</strong></span> <span class='ocrx_word' id='word_1_124' title='bbox 756 1652 787 1701; x_wconf 90' lang='lat' dir='ltr'><strong>et</strong></span> <span class='ocrx_word' id='word_1_125' title='bbox 825 1639 942 1715; x_wconf 82' lang='lat' dir='ltr'><strong>Arium,</strong></span> <span class='ocrx_word' id='word_1_126' title='bbox 977 1638 1135 1705; x_wconf 80' lang='lat' dir='ltr'><strong>Christum</strong></span> 
     </span>
     <span class='ocr_line' id='line_1_18' title="bbox 214 1725 1138 1811; baseline 0.002 -20"><span class='ocrx_word' id='word_1_127' title='bbox 214 1747 322 1793; x_wconf 87' lang='lat' dir='ltr'><strong>verum</strong></span> <span class='ocrx_word' id='word_1_128' title='bbox 346 1741 377 1791; x_wconf 92' lang='lat' dir='ltr'><strong>et</strong></span> <span class='ocrx_word' id='word_1_129' title='bbox 401 1726 585 1801; x_wconf 87' lang='lat' dir='ltr'><strong>naturalem,</strong></span> <span class='ocrx_word' id='word_1_130' title='bbox 619 1727 722 1791; x_wconf 89' lang='lat' dir='ltr'><strong>Deum</strong></span> <span class='ocrx_word' id='word_1_131' title='bbox 758 1741 789 1792; x_wconf 90' lang='lat' dir='ltr'><strong>et</strong></span> <span class='ocrx_word' id='word_1_132' title='bbox 827 1725 968 1811; x_wconf 85' lang='lat' dir='ltr'><strong>ejusdem</strong></span> <span class='ocrx_word' id='word_1_133' title='bbox 1004 1742 1138 1793; x_wconf 86' lang='lat' dir='ltr'><strong>naturae</strong></span> 
     </span>
     <span class='ocr_line' id='line_1_19' title="bbox 213 1813 1136 1902; baseline 0 -21"><span class='ocrx_word' id='word_1_134' title='bbox 213 1836 287 1882; x_wconf 83' lang='lat' dir='ltr'><strong>eum</strong></span> <span class='ocrx_word' id='word_1_135' title='bbox 311 1814 412 1893; x_wconf 88' lang='lat' dir='ltr'><strong>Patre,</strong></span> <span class='ocrx_word' id='word_1_136' title='bbox 435 1816 505 1881; x_wconf 86' lang='lat' dir='ltr'><strong>lieet</strong></span> <span class='ocrx_word' id='word_1_137' title='bbox 528 1834 591 1881; x_wconf 91' lang='lat' dir='ltr'><strong>non</strong></span> <span class='ocrx_word' id='word_1_138' title='bbox 627 1816 768 1900; x_wconf 86' lang='lat' dir='ltr'><strong>ejusdem</strong></span> <span class='ocrx_word' id='word_1_139' title='bbox 807 1834 967 1901; x_wconf 85' lang='lat' dir='ltr'><strong>personae.</strong></span> <span class='ocrx_word' id='word_1_140' title='bbox 992 1813 1035 1881; x_wconf 84' lang='lat' dir='ltr'><strong>Ex</strong></span> <span class='ocrx_word' id='word_1_141' title='bbox 1071 1836 1136 1902; x_wconf 88' lang='lat' dir='ltr'><strong>quo</strong></span> 
     </span>
     <span class='ocr_line' id='line_1_20' title="bbox 214 1903 1137 1991; baseline 0 -21"><span class='ocrx_word' id='word_1_142' title='bbox 214 1906 307 1970; x_wconf 88' lang='lat' dir='ltr'><strong>etiam</strong></span> <span class='ocrx_word' id='word_1_143' title='bbox 327 1903 478 1990; x_wconf 80' lang='lat' dir='ltr'><strong>judicium</strong></span> <span class='ocrx_word' id='word_1_144' title='bbox 496 1903 631 1969; x_wconf 86' lang='lat' dir='ltr'><strong>veritatis</strong></span> <span class='ocrx_word' id='word_1_145' title='bbox 647 1904 814 1969; x_wconf 86' lang='lat' dir='ltr'><strong>catholioae</strong></span> <span class='ocrx_word' id='word_1_146' title='bbox 831 1904 911 1969; x_wconf 87' lang='lat' dir='ltr'><strong>sumi</strong></span> <span class='ocrx_word' id='word_1_147' title='bbox 928 1917 1039 1991; x_wconf 69' lang='lat' dir='ltr'><strong>potesu</strong></span> <span class='ocrx_word' id='word_1_148' title='bbox 1062 1925 1137 1970; x_wconf 89' lang='lat' dir='ltr'><strong>nam</strong></span> 
     </span>
     <span class='ocr_line' id='line_1_21' title="bbox 214 1992 1137 2080; baseline 0.002 -22"><span class='ocrx_word' id='word_1_149' title='bbox 214 2015 313 2071; x_wconf 87' lang='lat' dir='ltr'><strong>vero,</strong></span> <span class='ocrx_word' id='word_1_150' title='bbox 349 2007 380 2059; x_wconf 87' lang='lat' dir='ltr'><strong>ut</strong></span> <span class='ocrx_word' id='word_1_151' title='bbox 414 1993 620 2080; x_wconf 88' lang='lat' dir='ltr'><strong>Philosophus</strong></span> <span class='ocrx_word' id='word_1_152' title='bbox 659 1994 746 2072; x_wconf 85' lang='lat' dir='ltr'><strong>dicit,</strong></span> <span class='ocrx_word' id='word_1_153' title='bbox 782 1996 876 2059; x_wconf 85' lang='lat' dir='ltr'><strong>etiam</strong></span> <span class='ocrx_word' id='word_1_154' title='bbox 915 1992 989 2059; x_wconf 85' lang='lat' dir='ltr'><strong>salsa</strong></span> <span class='ocrx_word' id='word_1_155' title='bbox 1023 2007 1137 2060; x_wconf 88' lang='lat' dir='ltr'><strong>testau-</strong></span> 
     </span>
     <span class='ocr_line' id='line_1_22' title="bbox 214 2081 1136 2169; baseline 0 -21"><span class='ocrx_word' id='word_1_156' title='bbox 214 2097 273 2150; x_wconf 91' lang='lat' dir='ltr'><strong>tur:</strong></span> <span class='ocrx_word' id='word_1_157' title='bbox 298 2082 374 2148; x_wconf 82' lang='lat' dir='ltr'><strong>salsa</strong></span> <span class='ocrx_word' id='word_1_158' title='bbox 398 2102 471 2147; x_wconf 89' lang='lat' dir='ltr'><strong>vero</strong></span> <span class='ocrx_word' id='word_1_159' title='bbox 495 2103 557 2149; x_wconf 90' lang='lat' dir='ltr'><strong>non</strong></span> <span class='ocrx_word' id='word_1_160' title='bbox 587 2081 693 2169; x_wconf 39' lang='lat' dir='ltr'><strong>solum,</strong></span> <span class='ocrx_word' id='word_1_161' title='bbox 713 2103 732 2148; x_wconf 91' lang='lat' dir='ltr'><strong>a</strong></span> <span class='ocrx_word' id='word_1_162' title='bbox 754 2088 843 2163; x_wconf 86' lang='lat' dir='ltr'><strong>veris,</strong></span> <span class='ocrx_word' id='word_1_163' title='bbox 876 2083 933 2149; x_wconf 83' lang='lat' dir='ltr'><strong>sed</strong></span> <span class='ocrx_word' id='word_1_164' title='bbox 966 2084 1059 2148; x_wconf 89' lang='lat' dir='ltr'><strong>etiam</strong></span> <span class='ocrx_word' id='word_1_165' title='bbox 1093 2083 1136 2148; x_wconf 92' lang='lat' dir='ltr'><strong>ab</strong></span> 
     </span>
    </p>
   </div>
   <div class='ocr_carea' id='block_1_2' title="bbox 212 2171 836 2328">
    <p class='ocr_par' dir='ltr' id='par_1_3' title="bbox 212 2171 836 2328">
     <span class='ocr_line' id='line_1_23' title="bbox 212 2171 836 2239; baseline -0.005 -3"><span class='ocrx_word' id='word_1_166' title='bbox 212 2173 346 2239; x_wconf 86' lang='lat' dir='ltr'><strong>intieem</strong></span> <span class='ocrx_word' id='word_1_167' title='bbox 369 2171 491 2237; x_wconf 80' lang='lat' dir='ltr'><strong>distant.</strong></span> <span class='ocrx_word' id='word_1_168' title='bbox 833 2201 836 2207; x_wconf 36' lang='lat' dir='ltr'>v</span> 
     </span>
     <span class='ocr_line' id='line_1_24' title="bbox 526 2258 825 2328; baseline -0.007 -3"><span class='ocrx_word' id='word_1_169' title='bbox 526 2258 711 2326; x_wconf 83' lang='lat' dir='ltr'><strong>CAPUT</strong></span> <span class='ocrx_word' id='word_1_170' title='bbox 750 2259 825 2328; x_wconf 90' lang='lat' dir='ltr'><strong>lllll.</strong></span> 
     </span>
    </p>
   </div>
   <div class='ocr_carea' id='block_1_3' title="bbox 215 2437 1136 2523">
    <p class='ocr_par' dir='ltr' id='par_1_4' title="bbox 215 2437 1136 2523">
     <span class='ocr_line' id='line_1_25' title="bbox 215 2437 1136 2523; baseline 0.001 -18"><span class='ocrx_word' id='word_1_171' title='bbox 215 2439 332 2506; x_wconf 84' lang='lat' dir='ltr'><strong>Salutio</strong></span> <span class='ocrx_word' id='word_1_172' title='bbox 355 2437 399 2504; x_wconf 81' lang='lat' dir='ltr'><strong>ml</strong></span> <span class='ocrx_word' id='word_1_173' title='bbox 413 2439 614 2504; x_wconf 76' lang='lat' dir='ltr'><strong>auctoritates</strong></span> <span class='ocrx_word' id='word_1_174' title='bbox 635 2438 820 2523; x_wconf 75' lang='lat' dir='ltr'><strong>quusrlriua</strong></span> <span class='ocrx_word' id='word_1_175' title='bbox 831 2457 891 2523; x_wconf 78' lang='lat' dir='ltr'><strong>pro</strong></span> <span class='ocrx_word' id='word_1_176' title='bbox 905 2458 938 2504; x_wconf 85' lang='lat' dir='ltr'><strong>ae</strong></span> <span class='ocrx_word' id='word_1_177' title='bbox 960 2437 1136 2506; x_wconf 81' lang='lat' dir='ltr'><strong>inducebat.</strong></span> 
     </span>
    </p>
   </div>
   <div class='ocr_carea' id='block_1_4' title="bbox 202 2614 1136 3126">
    <p class='ocr_par' dir='ltr' id='par_1_5' title="bbox 202 2614 1136 3126">
     <span class='ocr_line' id='line_1_26' title="bbox 278 2614 1136 2698; baseline -0.001 -17"><span class='ocrx_word' id='word_1_178' title='bbox 278 2616 357 2698; x_wconf 87' lang='lat' dir='ltr'><strong>Quia</strong></span> <span class='ocrx_word' id='word_1_179' title='bbox 381 2637 455 2682; x_wconf 85' lang='lat' dir='ltr'><strong>vero</strong></span> <span class='ocrx_word' id='word_1_180' title='bbox 479 2615 590 2682; x_wconf 80' lang='lat' dir='ltr'><strong>veritas</strong></span> <span class='ocrx_word' id='word_1_181' title='bbox 619 2614 739 2681; x_wconf 86' lang='lat' dir='ltr'><strong>ueritati</strong></span> <span class='ocrx_word' id='word_1_182' title='bbox 777 2615 929 2681; x_wconf 86' lang='lat' dir='ltr'><strong>contraria</strong></span> <span class='ocrx_word' id='word_1_183' title='bbox 964 2635 1032 2680; x_wconf 90' lang='lat' dir='ltr'><strong>esse</strong></span> <span class='ocrx_word' id='word_1_184' title='bbox 1070 2636 1136 2681; x_wconf 93' lang='lat' dir='ltr'><strong>non</strong></span> 
     </span>
     <span class='ocr_line' id='line_1_27' title="bbox 212 2704 1136 2793; baseline -0.002 -23"><span class='ocrx_word' id='word_1_185' title='bbox 212 2718 322 2793; x_wconf 81' lang='lat' dir='ltr'><strong>potest,</strong></span> <span class='ocrx_word' id='word_1_186' title='bbox 346 2704 542 2770; x_wconf 85' lang='lat' dir='ltr'><strong>manifestum</strong></span> <span class='ocrx_word' id='word_1_187' title='bbox 567 2717 614 2770; x_wconf 89' lang='lat' dir='ltr'><strong>est</strong></span> <span class='ocrx_word' id='word_1_188' title='bbox 637 2724 776 2790; x_wconf 88' lang='lat' dir='ltr'><strong>eaquae</strong></span> <span class='ocrx_word' id='word_1_189' title='bbox 799 2724 837 2768; x_wconf 84' lang='lat' dir='ltr'><strong>ex</strong></span> <span class='ocrx_word' id='word_1_190' title='bbox 862 2704 1028 2793; x_wconf 74' lang='lat' dir='ltr'><strong>seripturis</strong></span> <span class='ocrx_word' id='word_1_191' title='bbox 1056 2706 1136 2769; x_wconf 88' lang='lat' dir='ltr'><strong>veri·</strong></span> 
     </span>
     <span class='ocr_line' id='line_1_28' title="bbox 202 2792 1136 2858; baseline 0 0"><span class='ocrx_word' id='word_1_192' title='bbox 202 2795 280 2858; x_wconf 90' lang='lat' dir='ltr'><strong>tatis</strong></span> <span class='ocrx_word' id='word_1_193' title='bbox 293 2794 331 2858; x_wconf 89' lang='lat' dir='ltr'><strong>ab</strong></span> <span class='ocrx_word' id='word_1_194' title='bbox 344 2794 463 2858; x_wconf 86' lang='lat' dir='ltr'><strong>Arianis</strong></span> <span class='ocrx_word' id='word_1_195' title='bbox 476 2793 648 2858; x_wconf 83' lang='lat' dir='ltr'><strong>introducta</strong></span> <span class='ocrx_word' id='word_1_196' title='bbox 660 2805 732 2858; x_wconf 88' lang='lat' dir='ltr'><strong>sunt</strong></span> <span class='ocrx_word' id='word_1_197' title='bbox 747 2792 786 2857; x_wconf 88' lang='lat' dir='ltr'><strong>nd</strong></span> <span class='ocrx_word' id='word_1_198' title='bbox 801 2813 892 2857; x_wconf 86' lang='lat' dir='ltr'><strong>suum</strong></span> <span class='ocrx_word' id='word_1_199' title='bbox 910 2813 1047 2858; x_wconf 91' lang='lat' dir='ltr'><strong>errorem</strong></span> <span class='ocrx_word' id='word_1_200' title='bbox 1059 2813 1136 2858; x_wconf 90' lang='lat' dir='ltr'><strong>eon·</strong></span> 
     </span>
     <span class='ocr_line' id='line_1_29' title="bbox 212 2881 1136 2960; baseline 0 -12"><span class='ocrx_word' id='word_1_201' title='bbox 212 2881 411 2960; x_wconf 79' lang='lat' dir='ltr'><strong>firmandum,</strong></span> <span class='ocrx_word' id='word_1_202' title='bbox 426 2901 535 2947; x_wconf 91' lang='lat' dir='ltr'><strong>eorum</strong></span> <span class='ocrx_word' id='word_1_203' title='bbox 552 2882 722 2948; x_wconf 81' lang='lat' dir='ltr'><strong>sententiae</strong></span> <span class='ocrx_word' id='word_1_204' title='bbox 745 2882 945 2948; x_wconf 81' lang='lat' dir='ltr'><strong>accommoda</strong></span> <span class='ocrx_word' id='word_1_205' title='bbox 969 2903 1033 2948; x_wconf 90' lang='lat' dir='ltr'><strong>non</strong></span> <span class='ocrx_word' id='word_1_206' title='bbox 1056 2901 1136 2948; x_wconf 88' lang='lat' dir='ltr'><strong>esse.</strong></span> 
     </span>
     <span class='ocr_line' id='line_1_30' title="bbox 211 2968 1135 3057; baseline 0.001 -21"><span class='ocrx_word' id='word_1_207' title='bbox 211 2972 289 3036; x_wconf 82' lang='lat' dir='ltr'><strong>llum</strong></span> <span class='ocrx_word' id='word_1_208' title='bbox 313 2970 395 3034; x_wconf 91' lang='lat' dir='ltr'><strong>enim</strong></span> <span class='ocrx_word' id='word_1_209' title='bbox 419 2990 457 3034; x_wconf 85' lang='lat' dir='ltr'><strong>ex</strong></span> <span class='ocrx_word' id='word_1_210' title='bbox 478 2969 642 3057; x_wconf 81' lang='lat' dir='ltr'><strong>Scripturis</strong></span> <span class='ocrx_word' id='word_1_211' title='bbox 666 2968 774 3033; x_wconf 85' lang='lat' dir='ltr'><strong>divinis</strong></span> <span class='ocrx_word' id='word_1_212' title='bbox 798 2983 957 3036; x_wconf 90' lang='lat' dir='ltr'><strong>ostensum</strong></span> <span class='ocrx_word' id='word_1_213' title='bbox 980 2970 1019 3035; x_wconf 88' lang='lat' dir='ltr'><strong>sit</strong></span> <span class='ocrx_word' id='word_1_214' title='bbox 1035 2970 1135 3037; x_wconf 89' lang='lat' dir='ltr'><strong>Patris</strong></span> 
     </span>
     <span class='ocr_line' id='line_1_31' title="bbox 211 3057 1136 3126; baseline 0.002 -2"><span class='ocrx_word' id='word_1_215' title='bbox 211 3074 242 3125; x_wconf 88' lang='lat' dir='ltr'><strong>et</strong></span> <span class='ocrx_word' id='word_1_216' title='bbox 265 3058 332 3125; x_wconf 89' lang='lat' dir='ltr'><strong>Filii</strong></span> <span class='ocrx_word' id='word_1_217' title='bbox 355 3057 499 3124; x_wconf 84' lang='lat' dir='ltr'><strong>eamdem</strong></span> <span class='ocrx_word' id='word_1_218' title='bbox 524 3079 655 3124; x_wconf 87' lang='lat' dir='ltr'><strong>numero</strong></span> <span class='ocrx_word' id='word_1_219' title='bbox 678 3059 843 3124; x_wconf 82' lang='lat' dir='ltr'><strong>essentiam</strong></span> <span class='ocrx_word' id='word_1_220' title='bbox 867 3079 934 3125; x_wconf 87' lang='lat' dir='ltr'><strong>esse</strong></span> <span class='ocrx_word' id='word_1_221' title='bbox 947 3073 977 3124; x_wconf 91' lang='lat' dir='ltr'><strong>et</strong></span> <span class='ocrx_word' id='word_1_222' title='bbox 991 3073 1136 3126; x_wconf 88' lang='lat' dir='ltr'><strong>naturam</strong></span> 
     </span>
    </p>
   </div>
   <div class='ocr_carea' id='block_1_5' title="bbox 211 3145 1228 3234">
    <p class='ocr_par' dir='ltr' id='par_1_6' title="bbox 211 3145 1228 3234">
     <span class='ocr_line' id='line_1_32' title="bbox 211 3145 1228 3234; baseline -0.001 -20"><span class='ocrx_word' id='word_1_223' title='bbox 211 3149 360 3223; x_wconf 84' lang='lat' dir='ltr'><strong>divinam,</strong></span> <span class='ocrx_word' id='word_1_224' title='bbox 389 3145 561 3214; x_wconf 85' lang='lat' dir='ltr'><strong>seeundum</strong></span> <span class='ocrx_word' id='word_1_225' title='bbox 595 3167 691 3234; x_wconf 87' lang='lat' dir='ltr'><strong>quam</strong></span> <span class='ocrx_word' id='word_1_226' title='bbox 728 3161 858 3233; x_wconf 89' lang='lat' dir='ltr'><strong>uterque</strong></span> <span class='ocrx_word' id='word_1_227' title='bbox 894 3168 984 3213; x_wconf 81' lang='lat' dir='ltr'><strong>verus</strong></span> <span class='ocrx_word' id='word_1_228' title='bbox 1023 3147 1137 3213; x_wconf 86' lang='lat' dir='ltr'><strong>dieitur</strong></span> <span class='ocrx_word' id='word_1_229' title='bbox 1227 3164 1228 3169; x_wconf 73' lang='grc'>’</span> 
     </span>
    </p>
   </div>
   <div class='ocr_carea' id='block_1_6' title="bbox 161 3235 1136 3589">
    <p class='ocr_par' dir='ltr' id='par_1_7' title="bbox 161 3235 1136 3589">
     <span class='ocr_line' id='line_1_33' title="bbox 210 3235 1136 3324; baseline -0.003 -20"><span class='ocrx_word' id='word_1_230' title='bbox 210 3238 306 3315; x_wconf 86' lang='lat' dir='ltr'><strong>Deus,</strong></span> <span class='ocrx_word' id='word_1_231' title='bbox 347 3249 470 3324; x_wconf 89' lang='lat' dir='ltr'><strong>oportet</strong></span> <span class='ocrx_word' id='word_1_232' title='bbox 502 3235 627 3302; x_wconf 88' lang='lat' dir='ltr'><strong>Patrem</strong></span> <span class='ocrx_word' id='word_1_233' title='bbox 660 3250 692 3302; x_wconf 88' lang='lat' dir='ltr'><strong>et</strong></span> <span class='ocrx_word' id='word_1_234' title='bbox 714 3236 837 3313; x_wconf 88' lang='lat' dir='ltr'><strong>Filium,</strong></span> <span class='ocrx_word' id='word_1_235' title='bbox 861 3256 925 3302; x_wconf 92' lang='lat' dir='ltr'><strong>non</strong></span> <span class='ocrx_word' id='word_1_236' title='bbox 945 3237 1024 3302; x_wconf 87' lang='lat' dir='ltr'><strong>duos</strong></span> <span class='ocrx_word' id='word_1_237' title='bbox 1047 3235 1136 3317; x_wconf 87' lang='lat' dir='ltr'><strong>deos,</strong></span> 
     </span>
     <span class='ocr_line' id='line_1_34' title="bbox 161 3324 1136 3412; baseline -0.003 -20"><span class='ocrx_word' id='word_1_238' title='bbox 161 3335 172 3360; x_wconf 90' lang='grc'>·</span> <span class='ocrx_word' id='word_1_239' title='bbox 210 3326 265 3392; x_wconf 84' lang='lat' dir='ltr'><strong>sed</strong></span> <span class='ocrx_word' id='word_1_240' title='bbox 289 3346 386 3392; x_wconf 93' lang='lat' dir='ltr'><strong>unum</strong></span> <span class='ocrx_word' id='word_1_241' title='bbox 410 3325 511 3392; x_wconf 84' lang='lat' dir='ltr'><strong>Deum</strong></span> <span class='ocrx_word' id='word_1_242' title='bbox 535 3345 612 3392; x_wconf 84' lang='lat' dir='ltr'><strong>esse.</strong></span> <span class='ocrx_word' id='word_1_243' title='bbox 637 3324 671 3390; x_wconf 92' lang='lat' dir='ltr'><strong>Si</strong></span> <span class='ocrx_word' id='word_1_244' title='bbox 693 3327 778 3392; x_wconf 90' lang='lat' dir='ltr'><strong>enim</strong></span> <span class='ocrx_word' id='word_1_245' title='bbox 803 3325 907 3412; x_wconf 82' lang='lat' dir='ltr'><strong>plures</strong></span> <span class='ocrx_word' id='word_1_246' title='bbox 942 3325 985 3390; x_wconf 90' lang='lat' dir='ltr'><strong>dii</strong></span> <span class='ocrx_word' id='word_1_247' title='bbox 1020 3337 1136 3405; x_wconf 89' lang='lat' dir='ltr'><strong>essent,</strong></span> 
     </span>
     <span class='ocr_line' id='line_1_35' title="bbox 211 3414 1135 3501; baseline 0.001 -22"><span class='ocrx_word' id='word_1_248' title='bbox 211 3427 367 3501; x_wconf 84' lang='lat' dir='ltr'><strong>oporteret</strong></span> <span class='ocrx_word' id='word_1_249' title='bbox 390 3433 450 3501; x_wconf 88' lang='lat' dir='ltr'><strong>per·</strong></span> <span class='ocrx_word' id='word_1_250' title='bbox 468 3433 662 3499; x_wconf 83' lang='lat' dir='ltr'><strong>consequeus</strong></span> <span class='ocrx_word' id='word_1_251' title='bbox 697 3414 862 3480; x_wconf 83' lang='lat' dir='ltr'><strong>divinitatis</strong></span> <span class='ocrx_word' id='word_1_252' title='bbox 899 3414 1068 3480; x_wconf 87' lang='lat' dir='ltr'><strong>essentiam</strong></span> <span class='ocrx_word' id='word_1_253' title='bbox 1100 3414 1135 3481; x_wconf 91' lang='lat' dir='ltr'><strong>in</strong></span> 
     </span>
     <span class='ocr_line' id='line_1_36' title="bbox 210 3501 1136 3589; baseline 0.003 -21"><span class='ocrx_word' id='word_1_254' title='bbox 210 3517 342 3588; x_wconf 88' lang='lat' dir='ltr'><strong>utroque</strong></span> <span class='ocrx_word' id='word_1_255' title='bbox 365 3505 507 3589; x_wconf 81' lang='lat' dir='ltr'><strong>partitam</strong></span> <span class='ocrx_word' id='word_1_256' title='bbox 531 3522 611 3583; x_wconf 85' lang='lat' dir='ltr'><strong>esse,</strong></span> <span class='ocrx_word' id='word_1_257' title='bbox 634 3501 713 3572; x_wconf 87' lang='lat' dir='ltr'><strong>siout</strong></span> <span class='ocrx_word' id='word_1_258' title='bbox 734 3502 767 3568; x_wconf 91' lang='lat' dir='ltr'><strong>iu</strong></span> <span class='ocrx_word' id='word_1_259' title='bbox 805 3501 927 3572; x_wconf 88' lang='lat' dir='ltr'><strong>duobus</strong></span> <span class='ocrx_word' id='word_1_260' title='bbox 950 3501 1136 3572; x_wconf 85' lang='lat' dir='ltr'><strong>hominihus</strong></span> 
     </span>
    </p>
   </div>
   <div class='ocr_carea' id='block_1_7' title="bbox 0 0 1246 3975">
    <p class='ocr_par' dir='ltr' id='par_1_8' title="bbox 0 0 1246 3975">
     <span class='ocr_line' id='line_1_37' title="bbox 0 0 1246 3975; baseline 0 0"><span class='ocrx_word' id='word_1_261' title='bbox 0 0 1246 3975; x_wconf 95' lang='lat' dir='ltr'><strong> </strong></span> 
     </span>
    </p>
   </div>
  </div>
 </body>
</html>
