<?xml version="1.0" encoding="UTF-8"?>
<!DOCTYPE html PUBLIC "-//W3C//DTD XHTML 1.0 Transitional//EN"
    "http://www.w3.org/TR/xhtml1/DTD/xhtml1-transitional.dtd">
<html xmlns="http://www.w3.org/1999/xhtml" xml:lang="en" lang="en">
 <head>
  <title>
</title>
<meta http-equiv="Content-Type" content="text/html;charset=utf-8" />
  <meta name='ocr-system' content='tesseract 3.04.00' />
  <meta name='ocr-capabilities' content='ocr_page ocr_carea ocr_par ocr_line ocrx_word'/>
</head>
<body>
  <div class='ocr_page' id='page_1' title='image "./sanctithomaeaqu01thomgoog_0139.png"; bbox 0 0 2484 3975; ppageno 0'>
   <div class='ocr_carea' id='block_1_1' title="bbox 93 233 1017 846">
    <p class='ocr_par' dir='ltr' id='par_1_1' title="bbox 93 233 1017 846">
     <span class='ocr_line' id='line_1_1' title="bbox 403 233 1013 301; baseline 0.005 -3"><span class='ocrx_word' id='word_1_1' title='bbox 403 257 458 300; x_wconf 79' lang='lat' dir='ltr'><strong>uro.</strong></span> <span class='ocrx_word' id='word_1_2' title='bbox 482 256 520 300; x_wconf 73' lang='grc' dir='ltr'><strong>ιν.</strong></span> <span class='ocrx_word' id='word_1_3' title='bbox 545 254 608 300; x_wconf 78' lang='lat' dir='ltr'><strong>uto.</strong></span> <span class='ocrx_word' id='word_1_4' title='bbox 633 254 700 300; x_wconf 79' lang='lat' dir='ltr'>xxx.</span> <span class='ocrx_word' id='word_1_5' title='bbox 949 233 1013 301; x_wconf 73' lang='lat' dir='ltr'><strong>tat</strong></span> 
     </span>
     <span class='ocr_line' id='line_1_2' title="bbox 96 321 1014 408; baseline -0.004 -14"><span class='ocrx_word' id='word_1_6' title='bbox 96 347 134 394; x_wconf 85' lang='lat' dir='ltr'><strong>ex</strong></span> <span class='ocrx_word' id='word_1_7' title='bbox 156 337 282 392; x_wconf 84' lang='lat' dir='ltr'><strong>materra</strong></span> <span class='ocrx_word' id='word_1_8' title='bbox 306 337 336 390; x_wconf 83' lang='lat' dir='ltr'><strong>et</strong></span> <span class='ocrx_word' id='word_1_9' title='bbox 371 323 468 389; x_wconf 88' lang='lat' dir='ltr'><strong>iorrna</strong></span> <span class='ocrx_word' id='word_1_10' title='bbox 504 325 684 408; x_wconf 85' lang='lat' dir='ltr'><strong>composita.</strong></span> <span class='ocrx_word' id='word_1_11' title='bbox 720 321 792 402; x_wconf 86' lang='lat' dir='ltr'><strong>Sed,</strong></span> <span class='ocrx_word' id='word_1_12' title='bbox 826 324 905 390; x_wconf 86' lang='lat' dir='ltr'><strong>sicut</strong></span> <span class='ocrx_word' id='word_1_13' title='bbox 941 345 1014 390; x_wconf 84' lang='lat' dir='ltr'><strong>caro</strong></span> 
     </span>
     <span class='ocr_line' id='line_1_3' title="bbox 95 413 1015 500; baseline -0.003 -18"><span class='ocrx_word' id='word_1_14' title='bbox 95 417 229 482; x_wconf 84' lang='lat' dir='ltr'><strong>humana</strong></span> <span class='ocrx_word' id='word_1_15' title='bbox 253 429 282 480; x_wconf 85' lang='lat' dir='ltr'><strong>et</strong></span> <span class='ocrx_word' id='word_1_16' title='bbox 306 431 339 479; x_wconf 86' lang='lat' dir='ltr'><strong>os</strong></span> <span class='ocrx_word' id='word_1_17' title='bbox 363 427 393 476; x_wconf 90' lang='lat' dir='ltr'><strong>et</strong></span> <span class='ocrx_word' id='word_1_18' title='bbox 417 413 594 498; x_wconf 86' lang='lat' dir='ltr'><strong>hujusmodi</strong></span> <span class='ocrx_word' id='word_1_19' title='bbox 617 426 688 476; x_wconf 83' lang='lat' dir='ltr'><strong>sunt</strong></span> <span class='ocrx_word' id='word_1_20' title='bbox 725 413 852 476; x_wconf 85' lang='lat' dir='ltr'><strong>materia</strong></span> <span class='ocrx_word' id='word_1_21' title='bbox 891 415 1015 500; x_wconf 85' lang='lat' dir='ltr'><strong>propria</strong></span> 
     </span>
     <span class='ocr_line' id='line_1_4' title="bbox 95 499 1015 588; baseline -0.003 -18"><span class='ocrx_word' id='word_1_22' title='bbox 95 505 241 583; x_wconf 86' lang='lat' dir='ltr'><strong>hominis,</strong></span> <span class='ocrx_word' id='word_1_23' title='bbox 261 504 302 568; x_wconf 90' lang='lat' dir='ltr'><strong>ita</strong></span> <span class='ocrx_word' id='word_1_24' title='bbox 326 501 417 588; x_wconf 76' lang='lat' dir='ltr'><strong>iguis,</strong></span> <span class='ocrx_word' id='word_1_25' title='bbox 439 523 501 581; x_wconf 86' lang='lat' dir='ltr'><strong>aer,</strong></span> <span class='ocrx_word' id='word_1_26' title='bbox 524 522 602 587; x_wconf 85' lang='lat' dir='ltr'><strong>aqua</strong></span> <span class='ocrx_word' id='word_1_27' title='bbox 626 515 657 564; x_wconf 86' lang='lat' dir='ltr'><strong>et</strong></span> <span class='ocrx_word' id='word_1_28' title='bbox 680 514 761 566; x_wconf 87' lang='lat' dir='ltr'><strong>terra</strong></span> <span class='ocrx_word' id='word_1_29' title='bbox 784 514 815 566; x_wconf 87' lang='lat' dir='ltr'><strong>et</strong></span> <span class='ocrx_word' id='word_1_30' title='bbox 837 499 1015 586; x_wconf 86' lang='lat' dir='ltr'><strong>hujusmodi</strong></span> 
     </span>
     <span class='ocr_line' id='line_1_5' title="bbox 94 590 1017 681; baseline -0.002 -24"><span class='ocrx_word' id='word_1_31' title='bbox 94 593 194 681; x_wconf 85' lang='lat' dir='ltr'><strong>qualia</strong></span> <span class='ocrx_word' id='word_1_32' title='bbox 219 593 369 656; x_wconf 85' lang='lat' dir='ltr'><strong>sentimus</strong></span> <span class='ocrx_word' id='word_1_33' title='bbox 398 603 469 654; x_wconf 89' lang='lat' dir='ltr'><strong>suut</strong></span> <span class='ocrx_word' id='word_1_34' title='bbox 508 590 634 654; x_wconf 84' lang='lat' dir='ltr'><strong>materia</strong></span> <span class='ocrx_word' id='word_1_35' title='bbox 673 590 774 654; x_wconf 82' lang='lat' dir='ltr'><strong>earnis</strong></span> <span class='ocrx_word' id='word_1_36' title='bbox 808 603 838 653; x_wconf 91' lang='lat' dir='ltr'><strong>et</strong></span> <span class='ocrx_word' id='word_1_37' title='bbox 873 591 949 655; x_wconf 88' lang='lat' dir='ltr'><strong>ossis</strong></span> <span class='ocrx_word' id='word_1_38' title='bbox 986 603 1017 655; x_wconf 92' lang='lat' dir='ltr'><strong>et</strong></span> 
     </span>
     <span class='ocr_line' id='line_1_6' title="bbox 93 677 1016 768; baseline -0.004 -20"><span class='ocrx_word' id='word_1_39' title='bbox 93 680 271 767; x_wconf 86' lang='lat' dir='ltr'><strong>hujusmodi</strong></span> <span class='ocrx_word' id='word_1_40' title='bbox 296 681 437 768; x_wconf 88' lang='lat' dir='ltr'><strong>partium.</strong></span> <span class='ocrx_word' id='word_1_41' title='bbox 461 679 492 744; x_wconf 87' lang='lat' dir='ltr'><strong>Si</strong></span> <span class='ocrx_word' id='word_1_42' title='bbox 532 680 624 764; x_wconf 77' lang='lat' dir='ltr'><strong>igitur</strong></span> <span class='ocrx_word' id='word_1_43' title='bbox 659 677 913 764; x_wconf 77' lang='lat' dir='ltr'><strong>eorpus·unristi</strong></span> <span class='ocrx_word' id='word_1_44' title='bbox 954 701 1016 744; x_wconf 89' lang='lat' dir='ltr'><strong>non</strong></span> 
     </span>
     <span class='ocr_line' id='line_1_7' title="bbox 93 766 1016 846; baseline -0.004 -10"><span class='ocrx_word' id='word_1_45' title='bbox 93 770 150 836; x_wconf 88' lang='lat' dir='ltr'><strong>luit</strong></span> <span class='ocrx_word' id='word_1_46' title='bbox 172 785 342 844; x_wconf 89' lang='lat' dir='ltr'><strong>terrenum,</strong></span> <span class='ocrx_word' id='word_1_47' title='bbox 366 789 422 832; x_wconf 91' lang='lat' dir='ltr'><strong>nec</strong></span> <span class='ocrx_word' id='word_1_48' title='bbox 447 769 477 832; x_wconf 86' lang='lat' dir='ltr'><strong>in</strong></span> <span class='ocrx_word' id='word_1_49' title='bbox 501 769 568 846; x_wconf 89' lang='lat' dir='ltr'><strong>ipso</strong></span> <span class='ocrx_word' id='word_1_50' title='bbox 592 766 649 831; x_wconf 85' lang='lat' dir='ltr'><strong>luit</strong></span> <span class='ocrx_word' id='word_1_51' title='bbox 671 787 742 831; x_wconf 87' lang='lat' dir='ltr'><strong>vera</strong></span> <span class='ocrx_word' id='word_1_52' title='bbox 766 780 838 831; x_wconf 83' lang='lat' dir='ltr'><strong>cero</strong></span> <span class='ocrx_word' id='word_1_53' title='bbox 855 779 885 831; x_wconf 93' lang='lat' dir='ltr'><strong>ct</strong></span> <span class='ocrx_word' id='word_1_54' title='bbox 907 789 1016 833; x_wconf 82' lang='lat' dir='ltr'><strong>rerum</strong></span> 
     </span>
    </p>
   </div>
   <div class='ocr_carea' id='block_1_2' title="bbox 94 852 1115 942">
    <p class='ocr_par' dir='ltr' id='par_1_2' title="bbox 94 852 1115 942">
     <span class='ocr_line' id='line_1_8' title="bbox 94 852 1115 942; baseline -0.003 -18"><span class='ocrx_word' id='word_1_55' title='bbox 94 883 139 938; x_wconf 89' lang='lat' dir='ltr'><strong>os,</strong></span> <span class='ocrx_word' id='word_1_56' title='bbox 163 859 218 924; x_wconf 91' lang='lat' dir='ltr'><strong>sed</strong></span> <span class='ocrx_word' id='word_1_57' title='bbox 244 859 346 923; x_wconf 88' lang='lat' dir='ltr'><strong>omnia</strong></span> <span class='ocrx_word' id='word_1_58' title='bbox 374 857 543 921; x_wconf 87' lang='lat' dir='ltr'><strong>secundum</strong></span> <span class='ocrx_word' id='word_1_59' title='bbox 583 856 794 942; x_wconf 85' lang='lat' dir='ltr'><strong>apparentiam</strong></span> <span class='ocrx_word' id='word_1_60' title='bbox 834 869 962 921; x_wconf 89' lang='lat' dir='ltr'><strong>tanturn:</strong></span> <span class='ocrx_word' id='word_1_61' title='bbox 987 871 1018 922; x_wconf 90' lang='lat' dir='ltr'><strong>et</strong></span> <span class='ocrx_word' id='word_1_62' title='bbox 1105 852 1115 876; x_wconf 41' lang='lat' dir='ltr'><strong>l</strong></span> 
     </span>
    </p>
   </div>
   <div class='ocr_carea' id='block_1_3' title="bbox 23 945 1025 3610">
    <p class='ocr_par' dir='ltr' id='par_1_3' title="bbox 94 945 1018 1202">
     <span class='ocr_line' id='line_1_9' title="bbox 94 945 1017 1030; baseline -0.004 -16"><span class='ocrx_word' id='word_1_63' title='bbox 94 949 134 1014; x_wconf 86' lang='lat' dir='ltr'><strong>ita</strong></span> <span class='ocrx_word' id='word_1_64' title='bbox 159 949 252 1012; x_wconf 85' lang='lat' dir='ltr'><strong>etiarn</strong></span> <span class='ocrx_word' id='word_1_65' title='bbox 276 964 336 1010; x_wconf 90' lang='lat' dir='ltr'><strong>non</strong></span> <span class='ocrx_word' id='word_1_66' title='bbox 361 945 417 1011; x_wconf 87' lang='lat' dir='ltr'><strong>fuit</strong></span> <span class='ocrx_word' id='word_1_67' title='bbox 440 966 529 1010; x_wconf 89' lang='lat' dir='ltr'><strong>verus</strong></span> <span class='ocrx_word' id='word_1_68' title='bbox 552 945 658 1022; x_wconf 87' lang='lat' dir='ltr'><strong>homo,</strong></span> <span class='ocrx_word' id='word_1_69' title='bbox 674 945 728 1009; x_wconf 86' lang='lat' dir='ltr'><strong>sed</strong></span> <span class='ocrx_word' id='word_1_70' title='bbox 753 965 914 1030; x_wconf 86' lang='lat' dir='ltr'><strong>apparens,</strong></span> <span class='ocrx_word' id='word_1_71' title='bbox 945 967 1017 1010; x_wconf 88' lang='lat' dir='ltr'><strong>curn</strong></span> 
     </span>
     <span class='ocr_line' id='line_1_10' title="bbox 95 1033 1018 1120; baseline -0.001 -19"><span class='ocrx_word' id='word_1_72' title='bbox 95 1051 199 1101; x_wconf 84' lang='lat' dir='ltr'><strong>tamen</strong></span> <span class='ocrx_word' id='word_1_73' title='bbox 224 1048 257 1100; x_wconf 90' lang='lat' dir='ltr'><strong>ut</strong></span> <span class='ocrx_word' id='word_1_74' title='bbox 280 1035 393 1098; x_wconf 89' lang='lat' dir='ltr'><strong>dietum</strong></span> <span class='ocrx_word' id='word_1_75' title='bbox 417 1048 472 1110; x_wconf 86' lang='lat' dir='ltr'><strong>est,</strong></span> <span class='ocrx_word' id='word_1_76' title='bbox 495 1036 560 1120; x_wconf 89' lang='lat' dir='ltr'><strong>ipse</strong></span> <span class='ocrx_word' id='word_1_77' title='bbox 586 1035 676 1098; x_wconf 85' lang='lat' dir='ltr'><strong>dicet:</strong></span> <span class='ocrx_word' id='word_1_78' title='bbox 718 1033 854 1116; x_wconf 78' lang='lat' dir='ltr'><strong>Spiritus</strong></span> <span class='ocrx_word' id='word_1_79' title='bbox 893 1055 1018 1100; x_wconf 85' lang='lat' dir='ltr'><strong>earnem</strong></span> 
     </span>
     <span class='ocr_line' id='line_1_11' title="bbox 97 1123 1016 1202; baseline -0.002 -12"><span class='ocrx_word' id='word_1_80' title='bbox 97 1139 127 1190; x_wconf 91' lang='lat' dir='ltr'><strong>et</strong></span> <span class='ocrx_word' id='word_1_81' title='bbox 150 1145 222 1188; x_wconf 83' lang='lat' dir='ltr'><strong>ceso</strong></span> <span class='ocrx_word' id='word_1_82' title='bbox 244 1123 420 1202; x_wconf 75' lang='lat' dir='ltr'><em>nonhabet,</em></span> <span class='ocrx_word' id='word_1_83' title='bbox 443 1126 522 1188; x_wconf 72' lang='lat' dir='ltr'><strong>staur</strong></span> <span class='ocrx_word' id='word_1_84' title='bbox 545 1143 601 1188; x_wconf 84' lang='lat' dir='ltr'><strong>rne</strong></span> <span class='ocrx_word' id='word_1_85' title='bbox 638 1123 751 1187; x_wconf 66' lang='lat' dir='ltr'><strong>cadetis</strong></span> <span class='ocrx_word' id='word_1_86' title='bbox 785 1123 908 1198; x_wconf 81' lang='lat' dir='ltr'><strong>tatere,</strong></span> <span class='ocrx_word' id='word_1_87' title='bbox 943 1125 1016 1190; x_wconf 87' lang='lat' dir='ltr'><strong>Luc.</strong></span> 
     </span>
    </p>

    <p class='ocr_par' dir='ltr' id='par_1_4' title="bbox 23 1263 1020 2013">
     <span class='ocr_line' id='line_1_12' title="bbox 143 1263 1017 1386; baseline 0.001 -20"><span class='ocrx_word' id='word_1_88' title='bbox 143 1263 282 1377; x_wconf 63' lang='lat' dir='ltr'><strong>&#39;Adbuc</strong></span> <span class='ocrx_word' id='word_1_89' title='bbox 308 1300 425 1386; x_wconf 87' lang='lat' dir='ltr'><strong>Corpus</strong></span> <span class='ocrx_word' id='word_1_90' title='bbox 449 1300 581 1368; x_wconf 88' lang='lat' dir='ltr'><strong>caeleste</strong></span> <span class='ocrx_word' id='word_1_91' title='bbox 605 1298 776 1365; x_wconf 87' lang='lat' dir='ltr'><strong>seeundum</strong></span> <span class='ocrx_word' id='word_1_92' title='bbox 801 1321 889 1366; x_wconf 86' lang='lat' dir='ltr'><strong>suern</strong></span> <span class='ocrx_word' id='word_1_93' title='bbox 928 1316 1017 1367; x_wconf 86' lang='lat' dir='ltr'><strong>nato-</strong></span> 
     </span>
     <span class='ocr_line' id='line_1_13' title="bbox 96 1390 1017 1474; baseline -0.002 -16"><span class='ocrx_word' id='word_1_94' title='bbox 96 1413 163 1458; x_wconf 83' lang='lat' dir='ltr'><strong>tarn</strong></span> <span class='ocrx_word' id='word_1_95' title='bbox 187 1405 232 1456; x_wconf 85' lang='lat' dir='ltr'><strong>est</strong></span> <span class='ocrx_word' id='word_1_96' title='bbox 256 1390 484 1474; x_wconf 75' lang='lat' dir='ltr'><strong>incorruptibile</strong></span> <span class='ocrx_word' id='word_1_97' title='bbox 508 1403 538 1454; x_wconf 90' lang='lat' dir='ltr'><strong>et</strong></span> <span class='ocrx_word' id='word_1_98' title='bbox 561 1390 761 1466; x_wconf 76' lang='lat' dir='ltr'><strong>inalterabile,</strong></span> <span class='ocrx_word' id='word_1_99' title='bbox 776 1404 806 1455; x_wconf 92' lang='lat' dir='ltr'><strong>et</strong></span> <span class='ocrx_word' id='word_1_100' title='bbox 828 1405 1017 1456; x_wconf 84' lang='lat' dir='ltr'><strong>extrasnuur</strong></span> 
     </span>
     <span class='ocr_line' id='line_1_14' title="bbox 93 1478 1017 1565; baseline -0.001 -20"><span class='ocrx_word' id='word_1_101' title='bbox 93 1479 233 1545; x_wconf 72' lang='lat' dir='ltr'><strong>arbitron</strong></span> <span class='ocrx_word' id='word_1_102' title='bbox 258 1492 356 1565; x_wconf 90' lang='lat' dir='ltr'><strong>potest</strong></span> <span class='ocrx_word' id='word_1_103' title='bbox 379 1479 548 1543; x_wconf 81' lang='lat' dir='ltr'><strong>transferri.</strong></span> <span class='ocrx_word' id='word_1_104' title='bbox 572 1479 638 1543; x_wconf 91' lang='lat' dir='ltr'><strong>Non</strong></span> <span class='ocrx_word' id='word_1_105' title='bbox 665 1491 768 1542; x_wconf 86' lang='lat' dir='ltr'><strong>autem</strong></span> <span class='ocrx_word' id='word_1_106' title='bbox 792 1478 909 1543; x_wconf 77' lang='lat' dir='ltr'><strong>decuit·</strong></span> <span class='ocrx_word' id='word_1_107' title='bbox 933 1480 1017 1565; x_wconf 84' lang='lat' dir='ltr'><strong>quod</strong></span> 
     </span>
     <span class='ocr_line' id='line_1_15' title="bbox 94 1567 1020 1652; baseline -0.001 -18"><span class='ocrx_word' id='word_1_108' title='bbox 94 1569 179 1634; x_wconf 88' lang='lat' dir='ltr'><strong>Deus</strong></span> <span class='ocrx_word' id='word_1_109' title='bbox 203 1567 297 1632; x_wconf 86' lang='lat' dir='ltr'><strong>Filius</strong></span> <span class='ocrx_word' id='word_1_110' title='bbox 321 1567 459 1652; x_wconf 78' lang='lat' dir='ltr'><strong>dignitati</strong></span> <span class='ocrx_word' id='word_1_111' title='bbox 485 1579 612 1632; x_wconf 83' lang='lat' dir='ltr'><strong>naturae</strong></span> <span class='ocrx_word' id='word_1_112' title='bbox 637 1581 811 1652; x_wconf 84' lang='lat' dir='ltr'><strong>assumptae</strong></span> <span class='ocrx_word' id='word_1_113' title='bbox 827 1568 941 1652; x_wconf 86' lang='lat' dir='ltr'><strong>aliquid</strong></span> <span class='ocrx_word' id='word_1_114' title='bbox 965 1569 1020 1633; x_wconf 82' lang='lat' dir='ltr'><strong>de·</strong></span> 
     </span>
     <span class='ocr_line' id='line_1_16' title="bbox 95 1656 1017 1741; baseline -0.001 -19"><span class='ocrx_word' id='word_1_115' title='bbox 95 1659 241 1726; x_wconf 86' lang='lat' dir='ltr'><strong>traheret.</strong></span> <span class='ocrx_word' id='word_1_116' title='bbox 266 1657 318 1720; x_wconf 89' lang='lat' dir='ltr'><strong>scd</strong></span> <span class='ocrx_word' id='word_1_117' title='bbox 344 1657 441 1740; x_wconf 76' lang='lat' dir='ltr'><strong>magis</strong></span> <span class='ocrx_word' id='word_1_118' title='bbox 464 1657 547 1741; x_wconf 91' lang='lat' dir='ltr'><strong>quod</strong></span> <span class='ocrx_word' id='word_1_119' title='bbox 572 1677 640 1721; x_wconf 84' lang='lat' dir='ltr'><strong>eam</strong></span> <span class='ocrx_word' id='word_1_120' title='bbox 678 1656 836 1721; x_wconf 82' lang='lat' dir='ltr'><strong>exaltaret.</strong></span> <span class='ocrx_word' id='word_1_121' title='bbox 871 1657 938 1721; x_wconf 91' lang='lat' dir='ltr'><strong>Non</strong></span> <span class='ocrx_word' id='word_1_122' title='bbox 962 1657 1017 1741; x_wconf 80' lang='lat' dir='ltr'><strong>igi·</strong></span> 
     </span>
     <span class='ocr_line' id='line_1_17' title="bbox 23 1745 1017 1832; baseline -0.001 -20"><span class='ocrx_word' id='word_1_123' title='bbox 23 1779 25 1784; x_wconf 96' lang='lat'>·</span> <span class='ocrx_word' id='word_1_124' title='bbox 96 1759 146 1812; x_wconf 90' lang='lat' dir='ltr'><strong>tur</strong></span> <span class='ocrx_word' id='word_1_125' title='bbox 169 1767 281 1832; x_wconf 87' lang='lat' dir='ltr'><strong>corpus</strong></span> <span class='ocrx_word' id='word_1_126' title='bbox 304 1745 435 1809; x_wconf 86' lang='lat' dir='ltr'><strong>caeleste</strong></span> <span class='ocrx_word' id='word_1_127' title='bbox 467 1758 520 1810; x_wconf 84' lang='lat' dir='ltr'><strong>aut</strong></span> <span class='ocrx_word' id='word_1_128' title='bbox 543 1745 774 1831; x_wconf 80' lang='lat' dir='ltr'><strong>incorruptibile</strong></span> <span class='ocrx_word' id='word_1_129' title='bbox 797 1745 835 1808; x_wconf 83' lang='lat' dir='ltr'><strong>ad</strong></span> <span class='ocrx_word' id='word_1_130' title='bbox 873 1746 1017 1811; x_wconf 76' lang='lat' dir='ltr'><strong>interiora</strong></span> 
     </span>
     <span class='ocr_line' id='line_1_18' title="bbox 95 1835 1018 1924; baseline 0.001 -24"><span class='ocrx_word' id='word_1_131' title='bbox 95 1837 237 1924; x_wconf 83' lang='lat' dir='ltr'><strong>portavit,</strong></span> <span class='ocrx_word' id='word_1_132' title='bbox 261 1835 314 1898; x_wconf 87' lang='lat' dir='ltr'><strong>sed</strong></span> <span class='ocrx_word' id='word_1_133' title='bbox 353 1836 450 1916; x_wconf 70' lang='lat' dir='ltr'><strong>tnagis</strong></span> <span class='ocrx_word' id='word_1_134' title='bbox 488 1847 679 1920; x_wconf 84' lang='lat' dir='ltr'><strong>assumptum</strong></span> <span class='ocrx_word' id='word_1_135' title='bbox 714 1847 870 1899; x_wconf 83' lang='lat' dir='ltr'><strong>terrenum</strong></span> <span class='ocrx_word' id='word_1_136' title='bbox 907 1855 1018 1924; x_wconf 86' lang='lat' dir='ltr'><strong>corpus</strong></span> 
     </span>
     <span class='ocr_line' id='line_1_19' title="bbox 96 1923 929 2013; baseline -0.002 -22"><span class='ocrx_word' id='word_1_137' title='bbox 96 1938 129 1991; x_wconf 86' lang='lat' dir='ltr'><strong>et</strong></span> <span class='ocrx_word' id='word_1_138' title='bbox 153 1924 296 2013; x_wconf 87' lang='lat' dir='ltr'><strong>passibile</strong></span> <span class='ocrx_word' id='word_1_139' title='bbox 318 1923 550 2009; x_wconf 75' lang='lat' dir='ltr'><strong>incorruptibile</strong></span> <span class='ocrx_word' id='word_1_140' title='bbox 574 1923 706 1986; x_wconf 86' lang='lat' dir='ltr'><strong>reddidit</strong></span> <span class='ocrx_word' id='word_1_141' title='bbox 729 1936 759 1986; x_wconf 88' lang='lat' dir='ltr'><strong>et</strong></span> <span class='ocrx_word' id='word_1_142' title='bbox 789 1924 929 1989; x_wconf 83' lang='lat' dir='ltr'><strong>coeleste.</strong></span> 
     </span>
    </p>

    <p class='ocr_par' dir='ltr' id='par_1_5' title="bbox 97 2012 1021 2367">
     <span class='ocr_line' id='line_1_20' title="bbox 166 2012 1020 2104; baseline 0.002 -27"><span class='ocrx_word' id='word_1_143' title='bbox 166 2014 253 2090; x_wconf 89' lang='lat' dir='ltr'><strong>ltern,</strong></span> <span class='ocrx_word' id='word_1_144' title='bbox 276 2013 436 2104; x_wconf 82' lang='lat' dir='ltr'><strong>Apostolus</strong></span> <span class='ocrx_word' id='word_1_145' title='bbox 460 2012 532 2077; x_wconf 88' lang='lat' dir='ltr'><strong>dicit</strong></span> <span class='ocrx_word' id='word_1_146' title='bbox 554 2014 593 2077; x_wconf 89' lang='lat' dir='ltr'><strong>de</strong></span> <span class='ocrx_word' id='word_1_147' title='bbox 618 2013 695 2077; x_wconf 87' lang='lat' dir='ltr'><strong>Filio</strong></span> <span class='ocrx_word' id='word_1_148' title='bbox 730 2012 787 2077; x_wconf 87' lang='lat' dir='ltr'><strong>Dei</strong></span> <span class='ocrx_word' id='word_1_149' title='bbox 811 2014 894 2099; x_wconf 86' lang='lat' dir='ltr'><strong>quob</strong></span> <span class='ocrx_word' id='word_1_150' title='bbox 920 2014 1020 2098; x_wconf 73' lang='lat' dir='ltr'><strong>foetos</strong></span> 
     </span>
     <span class='ocr_line' id='line_1_21' title="bbox 97 2101 1021 2180; baseline 0 -13"><span class='ocrx_word' id='word_1_151' title='bbox 97 2114 145 2167; x_wconf 85' lang='lat' dir='ltr'><strong>eet</strong></span> <span class='ocrx_word' id='word_1_152' title='bbox 168 2103 196 2166; x_wconf 83' lang='lat' dir='ltr'><strong>er&#39;</strong></span> <span class='ocrx_word' id='word_1_153' title='bbox 218 2122 256 2167; x_wconf 86' lang='lat' dir='ltr'><strong>eoo</strong></span> <span class='ocrx_word' id='word_1_154' title='bbox 277 2104 391 2166; x_wconf 86' lang='lat' dir='ltr'><strong>semine</strong></span> <span class='ocrx_word' id='word_1_155' title='bbox 414 2101 518 2166; x_wconf 86' lang='lat' dir='ltr'><strong>Duuiol</strong></span> <span class='ocrx_word' id='word_1_156' title='bbox 551 2104 719 2167; x_wconf 82' lang='lat' dir='ltr'><strong>secundnm</strong></span> <span class='ocrx_word' id='word_1_157' title='bbox 753 2122 888 2178; x_wconf 86' lang='lat' dir='ltr'><strong>curnem,</strong></span> <span class='ocrx_word' id='word_1_158' title='bbox 922 2105 1021 2180; x_wconf 63' lang='lat' dir='ltr'><strong>Rom,</strong></span> 
     </span>
     <span class='ocr_line' id='line_1_22' title="bbox 99 2190 1021 2277; baseline 0.001 -20"><span class='ocrx_word' id='word_1_159' title='bbox 99 2193 131 2266; x_wconf 80' lang='grc'><strong>1,</strong></span> <span class='ocrx_word' id='word_1_160' title='bbox 156 2193 185 2257; x_wconf 83' lang='grc'><strong>5.</strong></span> <span class='ocrx_word' id='word_1_161' title='bbox 209 2190 269 2255; x_wconf 88' lang='lat' dir='ltr'><strong>Sed</strong></span> <span class='ocrx_word' id='word_1_162' title='bbox 294 2211 404 2277; x_wconf 86' lang='lat' dir='ltr'><strong>corpus</strong></span> <span class='ocrx_word' id='word_1_163' title='bbox 438 2191 537 2255; x_wconf 86' lang='lat' dir='ltr'><strong>David</strong></span> <span class='ocrx_word' id='word_1_164' title='bbox 574 2205 732 2256; x_wconf 88' lang='lat' dir='ltr'><strong>terrenum</strong></span> <span class='ocrx_word' id='word_1_165' title='bbox 771 2192 835 2257; x_wconf 91' lang='lat' dir='ltr'><strong>luit.</strong></span> <span class='ocrx_word' id='word_1_166' title='bbox 875 2192 953 2277; x_wconf 80' lang='lat' dir='ltr'><strong>Ergo</strong></span> <span class='ocrx_word' id='word_1_167' title='bbox 991 2206 1021 2258; x_wconf 88' lang='lat' dir='ltr'><strong>et</strong></span> 
     </span>
     <span class='ocr_line' id='line_1_23' title="bbox 99 2279 358 2367; baseline -0.015 -21"><span class='ocrx_word' id='word_1_168' title='bbox 99 2300 214 2367; x_wconf 85' lang='lat' dir='ltr'><strong>corpus</strong></span> <span class='ocrx_word' id='word_1_169' title='bbox 237 2279 358 2343; x_wconf 83' lang='lat' dir='ltr'><strong>Christi.</strong></span> 
     </span>
    </p>

    <p class='ocr_par' dir='ltr' id='par_1_6' title="bbox 96 2366 1025 2991">
     <span class='ocr_line' id='line_1_24' title="bbox 167 2366 1023 2455; baseline 0.002 -24"><span class='ocrx_word' id='word_1_170' title='bbox 167 2368 315 2455; x_wconf 82' lang='lat' dir='ltr'><strong>Amplius,</strong></span> <span class='ocrx_word' id='word_1_171' title='bbox 339 2367 422 2431; x_wconf 90' lang='lat' dir='ltr'><strong>ldern</strong></span> <span class='ocrx_word' id='word_1_172' title='bbox 446 2367 608 2452; x_wconf 82' lang='lat' dir='ltr'><strong>Apostolus</strong></span> <span class='ocrx_word' id='word_1_173' title='bbox 631 2366 703 2434; x_wconf 90' lang='lat' dir='ltr'><strong>dicit</strong></span> <span class='ocrx_word' id='word_1_174' title='bbox 726 2368 809 2453; x_wconf 88' lang='lat' dir='ltr'><strong>quod</strong></span> <span class='ocrx_word' id='word_1_175' title='bbox 842 2369 1023 2435; x_wconf 83' lang='lat' dir='ltr'><strong>Deuornisr&#39;t</strong></span> 
     </span>
     <span class='ocr_line' id='line_1_25' title="bbox 98 2457 1023 2540; baseline 0.002 -18"><span class='ocrx_word' id='word_1_176' title='bbox 98 2458 217 2522; x_wconf 84' lang='lat' dir='ltr'><strong>Filium</strong></span> <span class='ocrx_word' id='word_1_177' title='bbox 240 2478 330 2521; x_wconf 79' lang='lat' dir='ltr'><strong>aunon</strong></span> <span class='ocrx_word' id='word_1_178' title='bbox 352 2457 468 2540; x_wconf 75' lang='lat' dir='ltr'><strong>fuctum</strong></span> <span class='ocrx_word' id='word_1_179' title='bbox 490 2477 528 2519; x_wconf 86' lang='lat' dir='ltr'><strong>eor</strong></span> <span class='ocrx_word' id='word_1_180' title='bbox 550 2459 689 2535; x_wconf 85' lang='lat' dir='ltr'><strong>muliere,</strong></span> <span class='ocrx_word' id='word_1_181' title='bbox 728 2458 837 2534; x_wconf 80' lang='lat' dir='ltr'><strong>Galat,</strong></span> <span class='ocrx_word' id='word_1_182' title='bbox 872 2460 903 2535; x_wconf 80' lang='lat' dir='ltr'><strong>b,</strong></span> <span class='ocrx_word' id='word_1_183' title='bbox 938 2459 969 2536; x_wconf 81' lang='lat' dir='ltr'><strong>b;</strong></span> <span class='ocrx_word' id='word_1_184' title='bbox 992 2473 1023 2524; x_wconf 90' lang='lat' dir='ltr'><strong>et</strong></span> 
     </span>
     <span class='ocr_line' id='line_1_26' title="bbox 98 2540 1024 2633; baseline 0.002 -22"><span class='ocrx_word' id='word_1_185' title='bbox 98 2546 184 2633; x_wconf 90' lang='lat' dir='ltr'><strong>quod</strong></span> <span class='ocrx_word' id='word_1_186' title='bbox 206 2544 301 2609; x_wconf 79' lang='lat' dir='ltr'><strong>Jacob</strong></span> <span class='ocrx_word' id='word_1_187' title='bbox 324 2546 427 2629; x_wconf 74' lang='lat' dir='ltr'><strong>perierit</strong></span> <span class='ocrx_word' id='word_1_188' title='bbox 450 2545 562 2627; x_wconf 83' lang='lat' dir='ltr'><strong>losepb</strong></span> <span class='ocrx_word' id='word_1_189' title='bbox 585 2548 687 2609; x_wconf 75' lang='lat' dir='ltr'><strong>utnon</strong></span> <span class='ocrx_word' id='word_1_190' title='bbox 717 2547 848 2624; x_wconf 85' lang='lat' dir='ltr'><strong>Mariae,</strong></span> <span class='ocrx_word' id='word_1_191' title='bbox 885 2540 931 2612; x_wconf 74' lang='lat' dir='ltr'><strong>de&#39;</strong></span> <span class='ocrx_word' id='word_1_192' title='bbox 961 2568 1024 2633; x_wconf 82' lang='lat' dir='ltr'><strong>qno</strong></span> 
     </span>
     <span class='ocr_line' id='line_1_27' title="bbox 96 2634 1021 2717; baseline 0.005 -18"><span class='ocrx_word' id='word_1_193' title='bbox 96 2646 191 2699; x_wconf 81' lang='lat' dir='ltr'><strong>notus</strong></span> <span class='ocrx_word' id='word_1_194' title='bbox 215 2646 260 2699; x_wconf 82' lang='lat' dir='ltr'><strong>est</strong></span> <span class='ocrx_word' id='word_1_195' title='bbox 281 2634 454 2717; x_wconf 59' lang='lat' dir='ltr'><strong>larameri</strong></span> <span class='ocrx_word' id='word_1_196' title='bbox 474 2645 602 2698; x_wconf 87' lang='lat' dir='ltr'><strong>ooeotnr</strong></span> <span class='ocrx_word' id='word_1_197' title='bbox 621 2635 772 2714; x_wconf 79' lang='lat' dir='ltr'><strong>Christos,</strong></span> <span class='ocrx_word' id='word_1_198' title='bbox 787 2636 903 2715; x_wconf 86' lang='lat' dir='ltr'><strong>blattb.,</strong></span> <span class='ocrx_word' id='word_1_199' title='bbox 923 2638 1021 2716; x_wconf 90' lang='grc'><strong>1,16.</strong></span> 
     </span>
     <span class='ocr_line' id='line_1_28' title="bbox 98 2722 1025 2806; baseline 0.003 -17"><span class='ocrx_word' id='word_1_200' title='bbox 98 2724 168 2789; x_wconf 86' lang='lat' dir='ltr'><strong>Non</strong></span> <span class='ocrx_word' id='word_1_201' title='bbox 185 2737 287 2788; x_wconf 87' lang='lat' dir='ltr'><strong>autern</strong></span> <span class='ocrx_word' id='word_1_202' title='bbox 313 2723 360 2786; x_wconf 91' lang='lat' dir='ltr'><strong>vel</strong></span> <span class='ocrx_word' id='word_1_203' title='bbox 379 2743 416 2785; x_wconf 85' lang='lat' dir='ltr'><strong>ex</strong></span> <span class='ocrx_word' id='word_1_204' title='bbox 428 2743 464 2786; x_wconf 89' lang='lat' dir='ltr'><strong>ea</strong></span> <span class='ocrx_word' id='word_1_205' title='bbox 479 2722 574 2787; x_wconf 87' lang='lat' dir='ltr'><strong>lactus</strong></span> <span class='ocrx_word' id='word_1_206' title='bbox 587 2725 635 2788; x_wconf 89' lang='lat' dir='ltr'><strong>vel</strong></span> <span class='ocrx_word' id='word_1_207' title='bbox 652 2744 688 2788; x_wconf 84' lang='lat' dir='ltr'><strong>ex</strong></span> <span class='ocrx_word' id='word_1_208' title='bbox 706 2745 741 2788; x_wconf 89' lang='lat' dir='ltr'><strong>ca</strong></span> <span class='ocrx_word' id='word_1_209' title='bbox 756 2738 844 2789; x_wconf 89' lang='lat' dir='ltr'><strong>natus</strong></span> <span class='ocrx_word' id='word_1_210' title='bbox 860 2726 1025 2806; x_wconf 86' lang='lat' dir='ltr'><strong>diceretur,</strong></span> 
     </span>
     <span class='ocr_line' id='line_1_29' title="bbox 97 2812 1022 2898; baseline 0.006 -21"><span class='ocrx_word' id='word_1_211' title='bbox 97 2814 123 2877; x_wconf 89' lang='lat' dir='ltr'><strong>si</strong></span> <span class='ocrx_word' id='word_1_212' title='bbox 137 2812 237 2877; x_wconf 87' lang='lat' dir='ltr'><strong>solum</strong></span> <span class='ocrx_word' id='word_1_213' title='bbox 252 2832 306 2898; x_wconf 84' lang='lat' dir='ltr'><strong>per</strong></span> <span class='ocrx_word' id='word_1_214' title='bbox 329 2832 397 2875; x_wconf 88' lang='lat' dir='ltr'><strong>earn</strong></span> <span class='ocrx_word' id='word_1_215' title='bbox 417 2813 493 2877; x_wconf 88' lang='lat' dir='ltr'><strong>sicut</strong></span> <span class='ocrx_word' id='word_1_216' title='bbox 518 2833 573 2898; x_wconf 87' lang='lat' dir='ltr'><strong>per</strong></span> <span class='ocrx_word' id='word_1_217' title='bbox 596 2814 729 2878; x_wconf 84' lang='lat' dir='ltr'><strong>fistulam</strong></span> <span class='ocrx_word' id='word_1_218' title='bbox 756 2815 922 2893; x_wconf 81' lang='lat' dir='ltr'><strong>transisset,</strong></span> <span class='ocrx_word' id='word_1_219' title='bbox 946 2818 1022 2883; x_wconf 89' lang='lat' dir='ltr'><strong>nilril</strong></span> 
     </span>
     <span class='ocr_line' id='line_1_30' title="bbox 96 2901 933 2991; baseline 0.002 -24"><span class='ocrx_word' id='word_1_220' title='bbox 96 2922 136 2967; x_wconf 85' lang='lat' dir='ltr'><strong>ex</strong></span> <span class='ocrx_word' id='word_1_221' title='bbox 160 2922 196 2965; x_wconf 91' lang='lat' dir='ltr'><strong>ea</strong></span> <span class='ocrx_word' id='word_1_222' title='bbox 221 2922 388 2965; x_wconf 84' lang='lat' dir='ltr'><strong>assumens.</strong></span> <span class='ocrx_word' id='word_1_223' title='bbox 415 2901 454 2965; x_wconf 86' lang='lat' dir='ltr'><strong>Ex</strong></span> <span class='ocrx_word' id='word_1_224' title='bbox 471 2922 507 2965; x_wconf 87' lang='lat' dir='ltr'><strong>ea</strong></span> <span class='ocrx_word' id='word_1_225' title='bbox 531 2902 933 2991; x_wconf 75' lang='lat' dir='ltr'><strong>igiturcorpusassumpoit.</strong></span> 
     </span>
    </p>

    <p class='ocr_par' dir='ltr' id='par_1_7' title="bbox 98 2986 1025 3253">
     <span class='ocr_line' id='line_1_31' title="bbox 167 2986 1024 3076; baseline 0.006 -22"><span class='ocrx_word' id='word_1_226' title='bbox 167 2990 340 3066; x_wconf 85' lang='lat' dir='ltr'><strong>Praeterea,</strong></span> <span class='ocrx_word' id='word_1_227' title='bbox 374 2990 440 3055; x_wconf 88' lang='lat' dir='ltr'><strong>Non</strong></span> <span class='ocrx_word' id='word_1_228' title='bbox 465 2986 567 3076; x_wconf 89' lang='lat' dir='ltr'><strong>posset</strong></span> <span class='ocrx_word' id='word_1_229' title='bbox 599 2990 658 3055; x_wconf 87' lang='lat' dir='ltr'><strong>dici</strong></span> <span class='ocrx_word' id='word_1_230' title='bbox 688 3006 787 3056; x_wconf 82' lang='lat' dir='ltr'><strong>meter</strong></span> <span class='ocrx_word' id='word_1_231' title='bbox 808 2994 881 3058; x_wconf 89' lang='lat' dir='ltr'><strong>lesu</strong></span> <span class='ocrx_word' id='word_1_232' title='bbox 919 2994 1024 3076; x_wconf 83' lang='lat' dir='ltr'><strong>llario,</strong></span> 
     </span>
     <span class='ocr_line' id='line_1_32' title="bbox 98 3080 1025 3165; baseline 0.008 -22"><span class='ocrx_word' id='word_1_233' title='bbox 98 3081 184 3165; x_wconf 87' lang='lat' dir='ltr'><strong>quod</strong></span> <span class='ocrx_word' id='word_1_234' title='bbox 209 3080 397 3161; x_wconf 80' lang='lat' dir='ltr'><strong>Evangelisra</strong></span> <span class='ocrx_word' id='word_1_235' title='bbox 421 3093 558 3155; x_wconf 86' lang='lat' dir='ltr'><strong>testatur,</strong></span> <span class='ocrx_word' id='word_1_236' title='bbox 580 3080 685 3144; x_wconf 88' lang='lat' dir='ltr'><strong>llattb.</strong></span> <span class='ocrx_word' id='word_1_237' title='bbox 711 3082 741 3161; x_wconf 90' lang='grc'><strong>1,</strong></span> <span class='ocrx_word' id='word_1_238' title='bbox 768 3082 885 3148; x_wconf 77' lang='lat' dir='ltr'><strong>nisiex</strong></span> <span class='ocrx_word' id='word_1_239' title='bbox 909 3104 945 3149; x_wconf 84' lang='lat' dir='ltr'><strong>ea</strong></span> <span class='ocrx_word' id='word_1_240' title='bbox 968 3085 1025 3149; x_wconf 84' lang='lat' dir='ltr'><strong>ali·</strong></span> 
     </span>
     <span class='ocr_line' id='line_1_33' title="bbox 99 3168 374 3253; baseline 0 -21"><span class='ocrx_word' id='word_1_241' title='bbox 99 3168 175 3253; x_wconf 88' lang='lat' dir='ltr'><strong>quid</strong></span> <span class='ocrx_word' id='word_1_242' title='bbox 203 3170 374 3253; x_wconf 85' lang='lat' dir='ltr'><strong>accepisset.</strong></span> 
     </span>
    </p>

    <p class='ocr_par' dir='ltr' id='par_1_8' title="bbox 100 3256 1025 3610">
     <span class='ocr_line' id='line_1_34' title="bbox 168 3256 1025 3343; baseline 0.009 -24"><span class='ocrx_word' id='word_1_243' title='bbox 168 3256 274 3320; x_wconf 80' lang='lat' dir='ltr'><strong>bdlruc</strong></span> <span class='ocrx_word' id='word_1_244' title='bbox 298 3256 460 3342; x_wconf 85' lang='lat' dir='ltr'><strong>Apostolus</strong></span> <span class='ocrx_word' id='word_1_245' title='bbox 485 3256 567 3321; x_wconf 90' lang='lat' dir='ltr'><strong>dicit:</strong></span> <span class='ocrx_word' id='word_1_246' title='bbox 593 3258 654 3338; x_wconf 83' lang='lat' dir='ltr'><strong>Qui</strong></span> <span class='ocrx_word' id='word_1_247' title='bbox 689 3259 872 3343; x_wconf 62' lang='lat' dir='ltr'><strong>sanctificat,</strong></span> <span class='ocrx_word' id='word_1_248' title='bbox 908 3262 1025 3327; x_wconf 85' lang='lat' dir='ltr'><strong>scilicet</strong></span> 
     </span>
     <span class='ocr_line' id='line_1_35' title="bbox 100 3343 1024 3433; baseline 0.009 -25"><span class='ocrx_word' id='word_1_249' title='bbox 100 3343 249 3418; x_wconf 81' lang='lat' dir='ltr'><strong>Christus,</strong></span> <span class='ocrx_word' id='word_1_250' title='bbox 274 3349 366 3433; x_wconf 83' lang='lat' dir='ltr'><strong>etqui</strong></span> <span class='ocrx_word' id='word_1_251' title='bbox 389 3346 634 3427; x_wconf 80' lang='lat' dir='ltr'><strong>sanctificantur,</strong></span> <span class='ocrx_word' id='word_1_252' title='bbox 652 3348 766 3412; x_wconf 85' lang='lat' dir='ltr'><strong>seilicet</strong></span> <span class='ocrx_word' id='word_1_253' title='bbox 781 3346 889 3414; x_wconf 88' lang='lat' dir='ltr'><strong>lideles</strong></span> <span class='ocrx_word' id='word_1_254' title='bbox 901 3350 1024 3431; x_wconf 85' lang='lat' dir='ltr'><strong>Christi,</strong></span> 
     </span>
     <span class='ocr_line' id='line_1_36' title="bbox 100 3442 1024 3526; baseline 0.009 -29"><span class='ocrx_word' id='word_1_255' title='bbox 100 3452 140 3497; x_wconf 83' lang='lat' dir='ltr'><strong>ec</strong></span> <span class='ocrx_word' id='word_1_256' title='bbox 162 3454 221 3497; x_wconf 84' lang='lat' dir='ltr'><strong>ono</strong></span> <span class='ocrx_word' id='word_1_257' title='bbox 237 3454 350 3511; x_wconf 64' lang='lat' dir='ltr'><strong>umnec</strong></span> <span class='ocrx_word' id='word_1_258' title='bbox 369 3446 499 3519; x_wconf 83' lang='lat' dir='ltr'><strong>propter</strong></span> <span class='ocrx_word' id='word_1_259' title='bbox 522 3456 612 3519; x_wconf 88' lang='lat' dir='ltr'><strong>qnam</strong></span> <span class='ocrx_word' id='word_1_260' title='bbox 636 3458 763 3501; x_wconf 77' lang='lat' dir='ltr'><strong>courum</strong></span> <span class='ocrx_word' id='word_1_261' title='bbox 800 3457 861 3501; x_wconf 89' lang='lat' dir='ltr'><strong>non</strong></span> <span class='ocrx_word' id='word_1_262' title='bbox 900 3442 1024 3526; x_wconf 68' lang='lat' dir='ltr'><strong>consun-</strong></span> 
     </span>
     <span class='ocr_line' id='line_1_37' title="bbox 102 3522 1023 3610; baseline 0.015 -25"><span class='ocrx_word' id='word_1_263' title='bbox 102 3522 188 3587; x_wconf 83' lang='lat' dir='ltr'><strong>ditur</strong></span> <span class='ocrx_word' id='word_1_264' title='bbox 209 3523 324 3608; x_wconf 72' lang='lat' dir='ltr'><strong>(ratres</strong></span> <span class='ocrx_word' id='word_1_265' title='bbox 347 3544 399 3588; x_wconf 77' lang='lat' dir='ltr'><strong>eos·</strong></span> <span class='ocrx_word' id='word_1_266' title='bbox 422 3544 542 3604; x_wconf 87' lang='lat' dir='ltr'><strong>occure,</strong></span> <span class='ocrx_word' id='word_1_267' title='bbox 565 3526 680 3606; x_wconf 85' lang='lat' dir='ltr'><strong>dicens,</strong></span> <span class='ocrx_word' id='word_1_268' title='bbox 718 3526 843 3608; x_wconf 74' lang='lat' dir='ltr'><strong>Pselm,</strong></span> <span class='ocrx_word' id='word_1_269' title='bbox 877 3528 932 3610; x_wconf 68' lang='grc'><strong>91,</strong></span> <span class='ocrx_word' id='word_1_270' title='bbox 968 3531 1023 3598; x_wconf 68' lang='lat' dir='ltr'><strong>toz</strong></span> 
     </span>
    </p>
   </div>
   <div class='ocr_carea' id='block_1_4' title="bbox 0 0 1256 3975">
    <p class='ocr_par' dir='ltr' id='par_1_9' title="bbox 0 0 1256 3975">
     <span class='ocr_line' id='line_1_38' title="bbox 0 0 1256 3975; baseline 0 0"><span class='ocrx_word' id='word_1_271' title='bbox 0 0 1256 3975; x_wconf 95' lang='lat' dir='ltr'><strong> </strong></span> 
     </span>
    </p>
   </div>
  </div>
 </body>
</html>
