2484 3975
372 252 409 295 ue
432 252 585 299 enuncians
609 252 741 298 utrumn
954 232 1018 297 t57

104 318 237 395 univoce,
261 318 428 403 aequivoce
449 336 479 385 ει
494 322 662 405 analogice.
679 358 722 371 -
739 320 871 386 Unitoce
894 318 1021 406 quidem

104 408 291 492 praedicatur
319 407 433 493 aliquid
456 411 627 475 secundum
665 410 748 476 illem
773 426 886 473 nomen
920 422 951 473 et
973 430 1023 474 se·

103 497 232 562 cundum
250 497 393 561 eamdem
410 500 573 566 rationem.
590 499 620 564 id
637 514 682 565 εει
706 497 928 565 definitionem:
943 498 1022 563 sicut

104 586 212 651 animal
228 587 424 672 praedicatur
440 588 478 652 de
495 589 621 653 homine
637 602 667 652 ει
682 589 778 663 ιιείιιο;
792 600 921 671 uterque
937 586 1022 652 enim

103 673 207 740 dicitur
223 675 347 753 animal,
360 689 390 739 et
403 690 532 758 uterque
548 691 593 741 est
615 677 783 742 substantia
808 676 941 740 animata
954 696 1022 739 sen·

102 763 207 837 sibilis,
243 765 326 849 quod
361 779 407 829 est
438 766 577 831 delinitio
616 766 768 831 animalis.
791 802 834 813 -
855 763 1023 848 AEquiuooe

102 852 292 936 praedicatur
314 853 396 939 quod
420 854 614 939 praedicatur
629 855 668 919 de
684 853 836 941 aliquibus
851 852 1023 919 seeundum

102 941 181 1004 idem
205 961 319 1005 nomen
343 957 372 1006 ει
396 944 566 1007 seeundum
590 944 743 1009 diversam
760 943 921 1016 rationem3
945 942 1023 1007 siout

102 1031 182 1094 oanis
205 1030 316 1094 dicitur
338 1030 377 1095 de
400 1031 529 1097 latrabili
561 1048 592 1097 et
614 1033 655 1097 de
677 1032 778 1097 sidere
812 1030 945 1106 caelesti,
969 1032 1022 1117 qui

102 1118 284 1182 conveniunt
308 1120 337 1183 in
362 1121 488 1185 nomine
510 1135 540 1185 ει
563 1142 626 1186 non
664 1121 695 1185 in
719 1120 897 1187 delinitione
920 1139 1022 1205 neque

102 1208 330 1291 significatione
354 1209 384 1273 iu
411 1213 493 1274 enim
511 1211 595 1295 quod
617 1208 806 1294 significator
829 1229 884 1295 per
906 1228 1022 1272 nomen

102 1310 145 1359 est
167 1295 402 1370 delinitiqsieut
418 1298 529 1363 dieitur
553 1300 582 1363 in
606 1313 715 1385 quarto
729 1299 1021 1383 lletaplnysioorum.

100 1385 317 1469 -Analogioe
340 1387 450 1452 dieitur
466 1388 635 1473 praedicari
658 1387 740 1472 quod
765 1387 959 1471 praedicatur
982 1386 1022 1449 ile

100 1473 238 1559 pluribus
262 1494 394 1558 quorum
419 1479 553 1541 rationes
588 1489 621 1541 et
654 1475 848 1540 delinitiones
883 1487 954 1539 sunt
977 1474 1023 1538 di-

99 1582 215 1636 versae,
238 1562 292 1627 aed
316 1564 525 1630 attribuuntur
547 1568 599 1631 uni
624 1564 715 1631 alioui
739 1564 857 1642 etuenq·
875 1565 954 1628 siout
975 1584 1024 1627 εε-

99 1672 172 1716 ιιιιιιι
197 1651 308 1716 dieitur
331 1652 523 1739 deeorpore
562 1654 705 1719 animalis
741 1666 770 1717 et
808 1653 848 1717 de
885 1652 974 1717 urina
996 1664 1027 1715 et

100 1741 235 1822 potione,
250 1740 304 1805 sed
330 1761 391 1805 nou
414 1763 451 1807 ex
477 1755 541 1807 toto
563 1741 647 1809 idem
683 1742 836 1827 signifieat
869 1742 900 1805 in
925 1741 1026 1804 omni·

99 1829 155 1893 bns
179 1829 411 1896 tribustdioitur
434 1832 517 1896 enim
541 1832 580 1896 de
605 1834 692 1897 urina
732 1845 764 1896 ut
788 1830 938 1913 designo
976 1848 1026 1893 sa-

98 1917 209 1998 nitatis,
233 1918 272 1982 de
295 1939 425 2005 corpore
449 1934 482 1985 ut
504 1920 544 1984 ‹le
566 1921 716 2007 subierim,
740 1920 779 1984 de
803 1918 927 2006 potione
944 1931 975 1981 ιιι
986 1918 1026 1983 de

97 2027 202 2079 cauam
224 2009 278 2072 aed
303 2023 405 2073 tamen
429 2031 538 2075 omnes
560 2009 636 2074 istae
660 2012 795 2074 rationes
818 2009 1028 2074 attribuuntur

97 2097 150 2160 uni
174 2097 240 2174 lini,
264 2098 381 2163 scilieet
403 2100 535 2163 sanitati.
559 2099 733 2182 Aliquando
771 2099 853 2162 euim
877 2118 913 2161 eu
947 2117 1028 2182 quae

96 2186 286 2250 conveniunt
309 2187 481 2252 seeundum
506 2187 680 2272 analogiam
698 2200 727 2251 et
751 2187 981 2274 proportionem
994 2199 1025 2250 et

93 2276 370 2359 comparationem,
393 2276 601 2341 attribuuntur
619 2277 676 2341 uni
716 2275 779 2352 fini,
811 2277 888 2340 siout
925 2274 1022 2360 patuit

95 2361 128 2424 in
153 2363 309 2448 praedicto
332 2365 474 2449 exemplo
496 2365 645 2440 sanitatis,·
659 2364 823 2451 aliquando
839 2364 891 2428 uni
907 2365 1020 2446 agenti,

93 2450 174 2514 sicut
197 2451 334 2517 medicus
357 2453 467 2518 dicitur
490 2453 529 2518 de
552 2474 590 2518 eo
612 2455 666 2540 qui
689 2471 833 2539 operatur
855 2465 1018 2538 perentam

93 2551 126 2602 et
150 2538 190 2603 de
212 2559 250 2604 eo
273 2541 324 2626 qui
349 2555 494 2626 operatur
515 2543 582 2606 aine
604 2557 680 2616 arte,
705 2555 736 2606 ut
754 2542 864 2618 uetula,
879 2553 909 2605 ει
925 2544 1018 2608 etiam

94 2626 137 2691 de
162 2628 385 2705 instrumentis,
409 2631 463 2694 aed
487 2651 542 2714 ner
575 2631 805 2696 attributionem
839 2629 878 2693 ad
912 2651 1021 2713 genus,

91 2716 180 2800 quod
204 2731 250 2783 est
272 2720 434 2795 madiolum
465 2719 632 2804 aliquando
666 2733 769 2785 autem
805 2739 859 2804 per
896 2720 1022 2785 attribu-

96 2807 217 2871 tionem
241 2807 279 2871 ad
304 2829 400 2873 uutrm
423 2807 608 2892 subjeetum,
632 2821 665 2874 ut
688 2808 866 2873 eusdioitur
890 2807 929 2872 tle
951 2809 1025 2872 sub·

97 2895 223 2972 stantia,
247 2898 425 2983 quantitate,
448 2896 595 2983 qualitate
617 2911 647 2962 et
670 2897 736 2962 aliis
759 2897 1027 2983 praedicamentisa

96 3003 165 3047 uon
189 2984 273 3049 oraim
298 3007 335 3050 ειι
358 3001 421 3050 ιοιο
444 2998 491 3050 εει
514 2985 624 3051 eadem
663 2986 740 3050 ratio
763 3006 823 3071 qua
861 2986 1029 3052 substantia

94 3086 146 3136 eat
171 3087 269 3137 enset
292 3074 423 3162 qualitas
446 3087 475 3138 ει
500 3076 604 3139 omnia
640 3075 709 3149 alia;
746 3074 801 3139 sed
840 3076 944 3139 omnia
983 3075 1029 3140 di-

93 3175 215 3226 cuntur
238 3183 294 3228 ειιε
318 3183 356 3227 ex
390 3183 429 3228 eo
466 3163 550 3247 quod
588 3165 797 3229 attribuuntur
833 3165 1032 3241 substantiae,

94 3265 245 3334 quaeest
269 3252 398 3317 aliorum
423 3251 607 3336 subjeetum
631 3267 661 3318 et
683 3252 753 3317 ideo
776 3253 953 3318 ensdioitur
975 3273 1031 3339 per

92 3338 187 3423 priua
211 3340 251 3404 de
275 3341 454 3415 substantia,
477 3355 507 3405 et
531 3361 586 3427 per
625 3343 777 3428 posterius
811 3341 851 3406 de
888 3342 965 3419 aliia;
999 3355 1031 3407 et

92 3425 173 3491 ideo
207 3447 263 3494 ens
301 3449 363 3494 non
400 3443 446 3493 est
468 3449 566 3513 genus
604 3431 793 3496 substantiae
827 3445 856 3496 et
894 3430 1026 3497 aliorum

88 3514 435 3599 oraedioumentorum
458 3519 529 3607 quia
552 3519 672 3586 nullum
711 3539 809 3606 genus
831 3520 1026 3608 praedicatur
