2484 3975
427 275 482 320 un.
505 273 544 317 tt.
568 272 631 324 etr.
655 267 698 315 ιιι.
956 251 1020 317 tot

97 343 220 418 Christi,
242 341 425 428 inquantum
449 343 589 409 Christus
611 361 680 407 eam
704 357 741 404 ex
758 337 905 405 charitate
917 359 1020 407 susee-

99 434 143 519 pit
163 445 195 496 et
216 431 337 497 fortiter
358 433 511 498 sustinuit.

165 519 253 584 Unde
276 534 359 607 patet
380 521 464 606 qnod
487 542 549 586 non
574 520 631 585 luit
665 517 795 604 impium
832 529 862 582 et
896 517 1023 584 crudele

96 609 180 692 quod
204 609 288 674 Deus
311 610 401 674 Pater
424 609 579 675 Christum
604 607 682 673 mori
707 607 812 680 uoluit.
852 619 885 672 ut
924 621 1023 671 sexta-

97 697 219 763 deoima
242 698 320 764 ratio
341 699 556 774 ooneludebaq
579 715 642 763 non
666 697 749 760 enim
761 695 862 778 coegit
879 696 1019 773 invitum,

96 787 153 851 aed
176 787 360 872 eomptaoutr
384 788 412 851 ei
436 788 576 852 voluntas
600 804 661 869 qua
675 803 711 849 ex
723 783 872 848 enaritate
884 783 1023 850 Christus

99 888 231 940 mortem
254 876 398 960 suscepte
421 888 452 940 et
474 877 554 941 hano
573 877 669 940 etiam
692 873 874 938 alteritatem
909 875 940 937 i'n
958 872 1023 959 eius

100 965 204 1030 anima
228 979 371 1046 operatus
386 978 442 1029 est.

78 1064 82 1073 “
167 1051 316 1117 Similiter
337 1053 429 1117 etiam
451 1073 515 1118 non
533 1045 786 1117 inconvenienter
801 1049 913 1115 dieitur
928 1051 1023 1136 quod,

103 1155 229 1226 propter
249 1141 452 1206 ltnmilitatem
476 1139 761 1216 demonstrandam,
783 1138 922 1204 Christus
941 1161 1024 1205 mor·

102 1245 165 1296 tem
187 1231 287 1296 erneis
310 1231 405 1294 voluit
429 1231 499 1314 pati.
525 1231 559 1294 Et
582 1249 689 1294 revera
715 1227 840 1314 quidem
867 1229 1023 1294 humilitas

102 1320 133 1384 in
157 1319 256 1382 Deum
279 1337 341 1384 oon
364 1319 455 1396 eadit,
479 1332 512 1382 ut
534 1319 784 1402 decimoseptimo
807 1317 885 1381 ratio
909 1335 1023 1404 propo·

103 1406 204 1482 nobee
226 1407 297 1492 quia
322 1408 417 1472 uirtus
455 1407 634 1472 humilitatis
670 1407 699 1470 in
737 1407 796 1470 ltno
831 1407 968 1472 consistit
991 1421 1026 1471 ut

101 1495 299 1580 aliquisinlra
315 1517 389 1560 suos
402 1498 548 1561 terminos
559 1517 593 1560 se
605 1496 770 1572 contineat,
783 1494 820 1558 ad
834 1513 869 1558 ea
883 1513 963 1580 quae
975 1515 1025 1560 su·

101 1605 157 1669 pra
171 1603 204 1648 re
227 1598 299 1648 sunt
321 1604 383 1649 non
408 1605 441 1649 se
461 1581 710 1660 extendens‚sed
724 1583 873 1668 superiori
887 1583 1026 1669 sesubji-

100 1674 172 1748 oiat3
194 1673 277 1737 unde
301 1686 387 1757 patet
406 1674 489 1758 quod
512 1674 579 1738 Deo
597 1673 754 1738 humilitas
769 1672 937 1737 eonvenire
959 1692 1024 1738 non

105 1774 215 1847 potest,
238 1762 290 1846 qui
314 1763 505 1847 superiorem
527 1781 591 1826 non
623 1761 726 1837 habet,
751 1760 805 1826 sed
843 1761 908 1844 ipse
931 1782 1026 1846 super

104 1851 210 1915 omnia
234 1849 343 1914 existit.
366 1850 401 1914 Si
423 1865 526 1914 antem
555 1851 664 1935 aliquis
677 1849 723 1914 nel
749 1849 867 1933 aequali
906 1850 956 1915 tel
981 1851 1025 1914 in·

102 1938 208 2005 teriori
224 1957 257 2004 se
279 1957 317 2003 ex
339 1939 511 2005 hnmilitate
534 1937 700 2025 aliqnando
723 1937 875 2021 subjiciat,
906 1940 964 2004 hoe
980 1951 1026 2005 est

102 2030 177 2113 quia
200 2026 370 2093 seeundum
395 2028 510 2113 aliquid
533 2048 604 2093 eum
629 2030 680 2113 qui
695 2027 875 2112 simpliciter
891 2028 1026 2113 aequalis

104 2118 156 2181 rel
179 2116 305 2180 inferior
327 2131 373 2181 est
396 2119 587 2204 superiorem
611 2136 644 2180 sa
668 2117 840 2183 arbitratur.
880 2117 1027 2198 Quamvis

103 2206 201 2291 igitur
222 2204 355 2284 Christo,
379 2206 552 2271 seeundum
576 2206 711 2269 diuinam
737 2205 1026 2279 naturamlrumili·

104 2296 176 2359 tatis
206 2294 301 2359 rirtus
339 2314 400 2359 non
437 2308 602 2380 competat,
641 2295 785 2375 competit
819 2308 924 2365 tamen
958 2294 1027 2368 sibi,

104 2382 278 2449 secundum
304 2384 472 2447 humanam
511 2398 664 2447 naturam.
706 2383 739 2447 Et
772 2381 841 2467 ejus
876 2382 1032 2448 humilitas

103 2492 150 2551 ex,
170 2470 237 2555 ejus
260 2471 418 2536 diuinitate
442 2472 625 2537 laudabilior
638 2470 788 2546 redditum
804 2471 936 2553 dignitas
948 2472 1031 2537 enim

105 2578 259 2647 personae
282 2559 385 2644 adjicit
407 2560 445 2624 ad
469 2560 593 2625 laudem
610 2560 800 2631 humilitatis,
819 2573 890 2645 puta
907 2558 1032 2645 quando

105 2668 164 2735 pro
188 2648 289 2733 aliqua
330 2651 510 2714 necessitate
548 2648 673 2732 expedit
711 2648 844 2731 aliquem
883 2668 1032 2731 magnum

102 2736 207 2824 aliqua
231 2738 336 2802 infima
359 2739 432 2823 pati;
455 2736 538 2802 nulla
565 2750 668 2800 autem
692 2748 777 2801 tanta
808 2736 939 2819 dignitas
965 2756 1032 2801 esse

104 2839 206 2911 potest
229 2826 362 2891 hominis
385 2846 479 2912 quam
502 2826 586 2911 qnod
609 2826 648 2889 sit
670 2825 764 2896 Densa
788 2826 870 2889 unde
899 2826 1033 2891 hominis

104 2915 165 2979 Dei
193 2914 351 2980 humilitas
386 2916 521 2980 maxime
556 2914 721 2980 laudabilis
756 2914 919 2993 inuenitur,
959 2913 1034 2980 dum

104 3003 225 3087 abjecta
248 3004 391 3068 sustinuit
413 3024 493 3087 quae
518 3021 573 3090 pro
597 3003 696 3066 salute
733 3002 895 3067 hominum
932 3002 1033 3089 ipsum
1057 3004 1063 3009 ’

11 3153 12 3156 ,
105 3092 168 3178 pati
192 3092 382 3176 expediebat.
408 3093 501 3157 Erant
526 3093 611 3155 enim
642 3090 795 3168 homines,
834 3104 959 3177 propter
982 3110 1035 3157 att-

105 3180 259 3265 perbiam‚
296 3181 472 3245 mundanae
510 3181 628 3264 gloriae
667 3194 831 3245 amatores.
872 3178 909 3242 Ut
943 3180 1035 3263 igitur

106 3269 269 3334 hominum
293 3272 412 3334 animos
435 3271 474 3334 ab
498 3283 606 3333 amore
642 3268 821 3332 mundanae
859 3267 979 3351 gloriae
1003 3269 1033 3333 in

11 3395 12 3400 κ
106 3374 245 3422 amorem
269 3357 391 3422 diuinae
408 3358 523 3442 gloriae
536 3370 770 3431 transmutaret,
787 3356 882 3419 uoluit
901 3369 1034 3421 mortem

107 3448 340 3522 sustinete‚non
355 3448 614 3532 qualemcumque
627 3445 682 3509 sed
700 3444 946 3530 abjectissimam.
958 3444 1039 3510 Sunt

107 3534 192 3601 euim
215 3534 340 3622 quidam
363 3536 427 3624 qui,
450 3536 506 3602 etsi
530 3548 664 3601 mortem
704 3554 767 3601 non
803 3534 942 3615 timeant,
982 3534 1036 3601 ab·
