<?xml version="1.0" encoding="UTF-8"?>
<!DOCTYPE html PUBLIC "-//W3C//DTD XHTML 1.0 Transitional//EN"
    "http://www.w3.org/TR/xhtml1/DTD/xhtml1-transitional.dtd">
<html xmlns="http://www.w3.org/1999/xhtml" xml:lang="en" lang="en">
 <head>
  <title>
</title>
<meta http-equiv="Content-Type" content="text/html;charset=utf-8" />
  <meta name='ocr-system' content='tesseract 3.04.00' />
  <meta name='ocr-capabilities' content='ocr_page ocr_carea ocr_par ocr_line ocrx_word'/>
</head>
<body>
  <div class='ocr_page' id='page_1' title='image "./sanctithomaeaqu01thomgoog_0098.png"; bbox 0 0 2484 3975; ppageno 0'>
   <div class='ocr_carea' id='block_1_1' title="bbox 227 230 1154 403">
    <p class='ocr_par' dir='ltr' id='par_1_1' title="bbox 227 230 1154 403">
     <span class='ocr_line' id='line_1_1' title="bbox 227 230 844 298; baseline -0.01 0"><span class='ocrx_word' id='word_1_1' title='bbox 227 230 272 298; x_wconf 78' lang='lat' dir='ltr'><strong>ut</strong></span> <span class='ocrx_word' id='word_1_2' title='bbox 546 248 602 294; x_wconf 80' lang='lat' dir='ltr'><strong>ern.</strong></span> <span class='ocrx_word' id='word_1_3' title='bbox 638 248 677 293; x_wconf 88' lang='lat' dir='ltr'><strong>rv.</strong></span> <span class='ocrx_word' id='word_1_4' title='bbox 699 247 764 293; x_wconf 80' lang='lat' dir='ltr'><strong>car.</strong></span> <span class='ocrx_word' id='word_1_5' title='bbox 787 247 844 293; x_wconf 76' lang='grc' dir='ltr'><strong>ιιι.</strong></span> 
     </span>
     <span class='ocr_line' id='line_1_2' title="bbox 228 311 1154 403; baseline -0.018 -16"><span class='ocrx_word' id='word_1_6' title='bbox 228 319 403 393; x_wconf 81' lang='lat' dir='ltr'><strong>videantur,</strong></span> <span class='ocrx_word' id='word_1_7' title='bbox 425 311 463 383; x_wconf 76' lang='lat' dir='ltr'><strong>ul</strong></span> <span class='ocrx_word' id='word_1_8' title='bbox 481 316 670 393; x_wconf 85' lang='lat' dir='ltr'><strong>desiderare,</strong></span> <span class='ocrx_word' id='word_1_9' title='bbox 689 317 846 394; x_wconf 85' lang='lat' dir='ltr'><strong>delectari,</strong></span> <span class='ocrx_word' id='word_1_10' title='bbox 868 311 956 379; x_wconf 88' lang='lat' dir='ltr'><strong>odire</strong></span> <span class='ocrx_word' id='word_1_11' title='bbox 977 326 1008 378; x_wconf 90' lang='grc' dir='ltr'><strong>ει</strong></span> <span class='ocrx_word' id='word_1_12' title='bbox 1041 314 1154 403; x_wconf 55' lang='lat' dir='ltr'><strong>hojum</strong></span> 
     </span>
    </p>
   </div>
   <div class='ocr_carea' id='block_1_2' title="bbox 189 402 1222 2709">
    <p class='ocr_par' dir='ltr' id='par_1_2' title="bbox 189 402 1222 2709">
     <span class='ocr_line' id='line_1_3' title="bbox 229 402 1155 488; baseline -0.002 -14"><span class='ocrx_word' id='word_1_13' title='bbox 229 408 327 484; x_wconf 85' lang='lat' dir='ltr'><strong>modi,</strong></span> <span class='ocrx_word' id='word_1_14' title='bbox 350 408 489 472; x_wconf 87' lang='lat' dir='ltr'><strong>omnium</strong></span> <span class='ocrx_word' id='word_1_15' title='bbox 514 421 618 470; x_wconf 88' lang='lat' dir='ltr'><strong>tamen</strong></span> <span class='ocrx_word' id='word_1_16' title='bbox 641 425 730 471; x_wconf 91' lang='lat' dir='ltr'><strong>amor</strong></span> <span class='ocrx_word' id='word_1_17' title='bbox 751 418 783 470; x_wconf 91' lang='lat' dir='ltr'><strong>et</strong></span> <span class='ocrx_word' id='word_1_18' title='bbox 804 423 902 468; x_wconf 91' lang='lat' dir='ltr'><strong>unum</strong></span> <span class='ocrx_word' id='word_1_19' title='bbox 916 402 1100 488; x_wconf 88' lang='lat' dir='ltr'><strong>principium</strong></span> <span class='ocrx_word' id='word_1_20' title='bbox 1115 419 1155 472; x_wconf 87' lang='lat' dir='ltr'><strong>et</strong></span> 
     </span>
     <span class='ocr_line' id='line_1_4' title="bbox 227 492 1154 581; baseline -0.003 -18"><span class='ocrx_word' id='word_1_21' title='bbox 227 498 403 563; x_wconf 83' lang='lat' dir='ltr'><strong>communis</strong></span> <span class='ocrx_word' id='word_1_22' title='bbox 427 497 513 560; x_wconf 80' lang='lat' dir='ltr'>radix</span> <span class='ocrx_word' id='word_1_23' title='bbox 537 495 699 559; x_wconf 89' lang='lat' dir='ltr'><strong>invenitur.</strong></span> <span class='ocrx_word' id='word_1_24' title='bbox 724 493 816 576; x_wconf 86' lang='lat' dir='ltr'><strong>Quod</strong></span> <span class='ocrx_word' id='word_1_25' title='bbox 838 512 877 557; x_wconf 82' lang='lat' dir='ltr'><strong>ex</strong></span> <span class='ocrx_word' id='word_1_26' title='bbox 899 492 946 556; x_wconf 78' lang='lat' dir='ltr'><strong>nis</strong></span> <span class='ocrx_word' id='word_1_27' title='bbox 972 495 1069 581; x_wconf 80' lang='lat' dir='ltr'><strong>accipi</strong></span> <span class='ocrx_word' id='word_1_28' title='bbox 1093 515 1154 581; x_wconf 83' lang='lat' dir='ltr'><strong>po·</strong></span> 
     </span>
     <span class='ocr_line' id='line_1_5' title="bbox 227 579 1154 666; baseline -0.002 -16"><span class='ocrx_word' id='word_1_29' title='bbox 227 597 296 651; x_wconf 72' lang='lat' dir='ltr'><strong>test:</strong></span> <span class='ocrx_word' id='word_1_30' title='bbox 319 619 362 634; x_wconf 87' lang='lat'><strong>·-</strong></span> <span class='ocrx_word' id='word_1_31' title='bbox 385 583 531 650; x_wconf 76' lang='lat' dir='ltr'>Voluntas</span> <span class='ocrx_word' id='word_1_32' title='bbox 555 585 651 661; x_wconf 87' lang='lat' dir='ltr'><strong>enim,</strong></span> <span class='ocrx_word' id='word_1_33' title='bbox 674 598 707 648; x_wconf 94' lang='lat' dir='ltr'><strong>ut</strong></span> <span class='ocrx_word' id='word_1_34' title='bbox 730 583 916 647; x_wconf 81' lang='lat' dir='ltr'><strong>dictumest</strong></span> <span class='ocrx_word' id='word_1_35' title='bbox 937 579 1154 666; x_wconf 56' lang='lat' dir='ltr'><strong>(tumea),</strong></span> 
     </span>
     <span class='ocr_line' id='line_1_6' title="bbox 226 668 1155 740; baseline -0.002 0"><span class='ocrx_word' id='word_1_36' title='bbox 226 675 271 740; x_wconf 78' lang='lat' dir='ltr'><strong>sic</strong></span> <span class='ocrx_word' id='word_1_37' title='bbox 293 693 326 739; x_wconf 87' lang='grc' dir='ltr'><strong>εε</strong></span> <span class='ocrx_word' id='word_1_38' title='bbox 359 673 452 738; x_wconf 86' lang='lat' dir='ltr'><strong>habet</strong></span> <span class='ocrx_word' id='word_1_39' title='bbox 490 675 521 736; x_wconf 91' lang='lat' dir='ltr'><strong>ln</strong></span> <span class='ocrx_word' id='word_1_40' title='bbox 559 673 653 736; x_wconf 86' lang='lat' dir='ltr'><strong>rebus</strong></span> <span class='ocrx_word' id='word_1_41' title='bbox 688 668 945 736; x_wconf 69' lang='lat' dir='ltr'><strong>intellectualibus</strong></span> <span class='ocrx_word' id='word_1_42' title='bbox 982 671 1060 736; x_wconf 79' lang='lat' dir='ltr'><strong>sicut</strong></span> <span class='ocrx_word' id='word_1_43' title='bbox 1094 693 1155 738; x_wconf 85' lang='lat' dir='ltr'><strong>na·</strong></span> 
     </span>
     <span class='ocr_line' id='line_1_7' title="bbox 226 757 1156 845; baseline -0.003 -16"><span class='ocrx_word' id='word_1_44' title='bbox 226 763 333 828; x_wconf 84' lang='lat' dir='ltr'><strong>turalis</strong></span> <span class='ocrx_word' id='word_1_45' title='bbox 373 761 528 826; x_wconf 72' lang='lat' dir='ltr'><strong>inclinatio</strong></span> <span class='ocrx_word' id='word_1_46' title='bbox 574 761 605 825; x_wconf 95' lang='lat' dir='ltr'><strong>in</strong></span> <span class='ocrx_word' id='word_1_47' title='bbox 642 760 736 824; x_wconf 88' lang='lat' dir='ltr'><strong>rebus</strong></span> <span class='ocrx_word' id='word_1_48' title='bbox 772 757 963 824; x_wconf 77' lang='lat' dir='ltr'><strong>naturalibus</strong></span> <span class='ocrx_word' id='word_1_49' title='bbox 1000 778 1081 845; x_wconf 88' lang='lat' dir='ltr'><strong>quac</strong></span> <span class='ocrx_word' id='word_1_50' title='bbox 1117 773 1156 826; x_wconf 87' lang='grc' dir='ltr'><strong>ει</strong></span> 
     </span>
     <span class='ocr_line' id='line_1_8' title="bbox 224 847 1155 936; baseline -0.001 -20"><span class='ocrx_word' id='word_1_51' title='bbox 224 851 371 916; x_wconf 87' lang='lat' dir='ltr'><strong>naturalis</strong></span> <span class='ocrx_word' id='word_1_52' title='bbox 410 851 560 936; x_wconf 85' lang='lat' dir='ltr'><strong>appetitus</strong></span> <span class='ocrx_word' id='word_1_53' title='bbox 602 849 723 913; x_wconf 88' lang='lat' dir='ltr'><strong>dicitur.</strong></span> <span class='ocrx_word' id='word_1_54' title='bbox 762 847 805 911; x_wconf 80' lang='lat' dir='ltr'><strong>Ex</strong></span> <span class='ocrx_word' id='word_1_55' title='bbox 828 848 888 911; x_wconf 86' lang='lat' dir='ltr'><strong>hoc</strong></span> <span class='ocrx_word' id='word_1_56' title='bbox 913 860 1016 910; x_wconf 90' lang='lat' dir='ltr'><strong>autem</strong></span> <span class='ocrx_word' id='word_1_57' title='bbox 1046 848 1155 915; x_wconf 85' lang='lat' dir='ltr'><strong>oritur</strong></span> 
     </span>
     <span class='ocr_line' id='line_1_9' title="bbox 227 933 1156 1022; baseline -0.001 -19"><span class='ocrx_word' id='word_1_58' title='bbox 227 938 384 1004; x_wconf 78' lang='lat' dir='ltr'><strong>inclinatio</strong></span> <span class='ocrx_word' id='word_1_59' title='bbox 408 937 556 1003; x_wconf 87' lang='lat' dir='ltr'><strong>naturalis</strong></span> <span class='ocrx_word' id='word_1_60' title='bbox 579 938 663 1022; x_wconf 85' lang='lat' dir='ltr'><strong>quod</strong></span> <span class='ocrx_word' id='word_1_61' title='bbox 686 957 736 1002; x_wconf 79' lang='lat' dir='ltr'><strong>res</strong></span> <span class='ocrx_word' id='word_1_62' title='bbox 759 933 907 1000; x_wconf 82' lang='lat' dir='ltr'><strong>naturalis</strong></span> <span class='ocrx_word' id='word_1_63' title='bbox 932 934 1025 1002; x_wconf 87' lang='lat' dir='ltr'><strong>habet</strong></span> <span class='ocrx_word' id='word_1_64' title='bbox 1050 936 1156 1002; x_wconf 85' lang='lat' dir='ltr'><strong>affini·</strong></span> 
     </span>
     <span class='ocr_line' id='line_1_10' title="bbox 227 1022 1156 1112; baseline 0 -20"><span class='ocrx_word' id='word_1_65' title='bbox 227 1041 321 1093; x_wconf 88' lang='lat' dir='ltr'><strong>tatem</strong></span> <span class='ocrx_word' id='word_1_66' title='bbox 345 1041 376 1092; x_wconf 93' lang='lat' dir='ltr'><strong>et</strong></span> <span class='ocrx_word' id='word_1_67' title='bbox 398 1027 643 1091; x_wconf 81' lang='lat' dir='ltr'><strong>convenientiam</strong></span> <span class='ocrx_word' id='word_1_68' title='bbox 667 1024 838 1091; x_wconf 88' lang='lat' dir='ltr'><strong>seeundum</strong></span> <span class='ocrx_word' id='word_1_69' title='bbox 868 1022 1012 1102; x_wconf 86' lang='lat' dir='ltr'><strong>lormam,</strong></span> <span class='ocrx_word' id='word_1_70' title='bbox 1052 1046 1156 1112; x_wconf 86' lang='lat' dir='ltr'><strong>quam</strong></span> 
     </span>
     <span class='ocr_line' id='line_1_11' title="bbox 227 1114 1155 1199; baseline 0 -17"><span class='ocrx_word' id='word_1_71' title='bbox 227 1117 360 1182; x_wconf 83' lang='lat' dir='ltr'><strong>diximus</strong></span> <span class='ocrx_word' id='word_1_72' title='bbox 383 1134 451 1191; x_wconf 78' lang='lat' dir='ltr'><strong>esse</strong></span> <span class='ocrx_word' id='word_1_73' title='bbox 474 1115 679 1190; x_wconf 83' lang='lat' dir='ltr'><strong>inclinationis</strong></span> <span class='ocrx_word' id='word_1_74' title='bbox 712 1114 895 1199; x_wconf 78' lang='lat' dir='ltr'><strong>principium</strong></span> <span class='ocrx_word' id='word_1_75' title='bbox 928 1132 1001 1177; x_wconf 88' lang='lat' dir='ltr'><strong>cum</strong></span> <span class='ocrx_word' id='word_1_76' title='bbox 1035 1133 1075 1179; x_wconf 89' lang='lat' dir='ltr'><strong>eo</strong></span> <span class='ocrx_word' id='word_1_77' title='bbox 1104 1115 1155 1182; x_wconf 83' lang='lat' dir='ltr'><strong>ad</strong></span> 
     </span>
     <span class='ocr_line' id='line_1_12' title="bbox 227 1199 1222 1292; baseline 0.001 -23"><span class='ocrx_word' id='word_1_78' title='bbox 227 1205 312 1292; x_wconf 92' lang='lat' dir='ltr'><strong>quod</strong></span> <span class='ocrx_word' id='word_1_79' title='bbox 336 1217 484 1280; x_wconf 87' lang='lat' dir='ltr'><strong>movetur,</strong></span> <span class='ocrx_word' id='word_1_80' title='bbox 507 1205 584 1268; x_wconf 88' lang='lat' dir='ltr'><strong>sicut</strong></span> <span class='ocrx_word' id='word_1_81' title='bbox 605 1221 699 1288; x_wconf 88' lang='lat' dir='ltr'><strong>grave</strong></span> <span class='ocrx_word' id='word_1_82' title='bbox 721 1222 792 1267; x_wconf 90' lang='lat' dir='ltr'><strong>cum</strong></span> <span class='ocrx_word' id='word_1_83' title='bbox 816 1202 883 1267; x_wconf 90' lang='lat' dir='ltr'><strong>loco</strong></span> <span class='ocrx_word' id='word_1_84' title='bbox 899 1199 1046 1267; x_wconf 79' lang='lat' dir='ltr'><strong>inferiori.</strong></span> <span class='ocrx_word' id='word_1_85' title='bbox 1060 1203 1155 1270; x_wconf 85' lang='lat' dir='ltr'><strong>Unde</strong></span> <span class='ocrx_word' id='word_1_86' title='bbox 1221 1202 1222 1243; x_wconf 68' lang='grc' dir='ltr'>ἶ</span> 
     </span>
     <span class='ocr_line' id='line_1_13' title="bbox 228 1289 1154 1371; baseline 0 -13"><span class='ocrx_word' id='word_1_87' title='bbox 228 1294 321 1358; x_wconf 84' lang='lat' dir='ltr'><strong>etiam</strong></span> <span class='ocrx_word' id='word_1_88' title='bbox 346 1293 417 1356; x_wconf 87' lang='lat' dir='ltr'><strong>hinc</strong></span> <span class='ocrx_word' id='word_1_89' title='bbox 439 1294 537 1356; x_wconf 87' lang='lat' dir='ltr'><strong>oritur</strong></span> <span class='ocrx_word' id='word_1_90' title='bbox 570 1294 671 1359; x_wconf 88' lang='lat' dir='ltr'><strong>omnis</strong></span> <span class='ocrx_word' id='word_1_91' title='bbox 709 1290 866 1357; x_wconf 88' lang='lat' dir='ltr'><strong>inclinatio</strong></span> <span class='ocrx_word' id='word_1_92' title='bbox 901 1289 1074 1371; x_wconf 84' lang='lat' dir='ltr'><strong>voluntatis,</strong></span> <span class='ocrx_word' id='word_1_93' title='bbox 1108 1312 1154 1358; x_wconf 87' lang='lat' dir='ltr'><strong>eo</strong></span> 
     </span>
     <span class='ocr_line' id='line_1_14' title="bbox 228 1378 1152 1468; baseline -0.003 -21"><span class='ocrx_word' id='word_1_94' title='bbox 228 1380 311 1468; x_wconf 91' lang='lat' dir='ltr'><strong>quod</strong></span> <span class='ocrx_word' id='word_1_95' title='bbox 335 1400 390 1467; x_wconf 88' lang='lat' dir='ltr'><strong>per</strong></span> <span class='ocrx_word' id='word_1_96' title='bbox 414 1378 546 1446; x_wconf 84' lang='lat' dir='ltr'><strong>lormam</strong></span> <span class='ocrx_word' id='word_1_97' title='bbox 569 1379 794 1463; x_wconf 72' lang='lat' dir='ltr'><strong>intelligibilem</strong></span> <span class='ocrx_word' id='word_1_98' title='bbox 820 1378 936 1462; x_wconf 83' lang='lat' dir='ltr'><strong>aliquid</strong></span> <span class='ocrx_word' id='word_1_99' title='bbox 970 1381 1152 1465; x_wconf 75' lang='lat' dir='ltr'><strong>apprehen-</strong></span> 
     </span>
     <span class='ocr_line' id='line_1_15' title="bbox 228 1465 1153 1536; baseline -0.001 0"><span class='ocrx_word' id='word_1_100' title='bbox 228 1473 311 1536; x_wconf 86' lang='lat' dir='ltr'><strong>ditur</strong></span> <span class='ocrx_word' id='word_1_101' title='bbox 334 1484 367 1535; x_wconf 88' lang='lat' dir='ltr'><strong>ut</strong></span> <span class='ocrx_word' id='word_1_102' title='bbox 389 1472 575 1534; x_wconf 77' lang='lat' dir='ltr'><strong>conveniens</strong></span> <span class='ocrx_word' id='word_1_103' title='bbox 599 1469 646 1533; x_wconf 89' lang='lat' dir='ltr'><strong>vel</strong></span> <span class='ocrx_word' id='word_1_104' title='bbox 670 1469 816 1534; x_wconf 81' lang='lat' dir='ltr'><strong>officiens.</strong></span> <span class='ocrx_word' id='word_1_105' title='bbox 850 1465 934 1531; x_wconf 81' lang='lat' dir='ltr'><strong>Adici</strong></span> <span class='ocrx_word' id='word_1_106' title='bbox 968 1484 1071 1533; x_wconf 84' lang='lat' dir='ltr'><strong>notem</strong></span> <span class='ocrx_word' id='word_1_107' title='bbox 1106 1469 1153 1536; x_wconf 87' lang='lat' dir='ltr'><strong>ad</strong></span> 
     </span>
     <span class='ocr_line' id='line_1_16' title="bbox 228 1555 1153 1646; baseline 0 -22"><span class='ocrx_word' id='word_1_108' title='bbox 228 1558 407 1646; x_wconf 76' lang='lat' dir='ltr'><strong>aliquid,&#39;in</strong></span> <span class='ocrx_word' id='word_1_109' title='bbox 431 1571 579 1643; x_wconf 88' lang='lat' dir='ltr'><strong>quantum</strong></span> <span class='ocrx_word' id='word_1_110' title='bbox 604 1555 792 1642; x_wconf 80' lang='lat' dir='ltr'><strong>hujusmodi,</strong></span> <span class='ocrx_word' id='word_1_111' title='bbox 813 1568 859 1620; x_wconf 88' lang='grc' dir='ltr'><strong>εει</strong></span> <span class='ocrx_word' id='word_1_112' title='bbox 884 1575 990 1621; x_wconf 85' lang='lat' dir='ltr'><strong>omaro</strong></span> <span class='ocrx_word' id='word_1_113' title='bbox 1034 1557 1153 1644; x_wconf 80' lang='lat' dir='ltr'><strong>ipsum.</strong></span> 
     </span>
     <span class='ocr_line' id='line_1_17' title="bbox 227 1644 1153 1732; baseline -0.002 -19"><span class='ocrx_word' id='word_1_114' title='bbox 227 1645 338 1713; x_wconf 82' lang='lat' dir='ltr'><strong>Omnis</strong></span> <span class='ocrx_word' id='word_1_115' title='bbox 361 1647 452 1732; x_wconf 79' lang='lat' dir='ltr'><strong>igitur</strong></span> <span class='ocrx_word' id='word_1_116' title='bbox 476 1646 632 1712; x_wconf 88' lang='lat' dir='ltr'><strong>inclinatio</strong></span> <span class='ocrx_word' id='word_1_117' title='bbox 658 1644 823 1710; x_wconf 84' lang='lat' dir='ltr'><strong>voluntatis</strong></span> <span class='ocrx_word' id='word_1_118' title='bbox 845 1659 875 1708; x_wconf 90' lang='lat' dir='ltr'><strong>et</strong></span> <span class='ocrx_word' id='word_1_119' title='bbox 891 1644 1153 1731; x_wconf 79' lang='lat' dir='ltr'><strong>etiamappetitus</strong></span> 
     </span>
     <span class='ocr_line' id='line_1_18' title="bbox 228 1732 1153 1818; baseline -0.002 -16"><span class='ocrx_word' id='word_1_120' title='bbox 228 1734 383 1802; x_wconf 77' lang='lat' dir='ltr'><strong>sensibilis</strong></span> <span class='ocrx_word' id='word_1_121' title='bbox 405 1755 443 1800; x_wconf 85' lang='lat' dir='ltr'><strong>ox</strong></span> <span class='ocrx_word' id='word_1_122' title='bbox 466 1755 573 1800; x_wconf 87' lang='lat' dir='ltr'><strong>amore</strong></span> <span class='ocrx_word' id='word_1_123' title='bbox 596 1735 751 1818; x_wconf 74' lang='lat' dir='ltr'><strong>originem</strong></span> <span class='ocrx_word' id='word_1_124' title='bbox 775 1732 878 1797; x_wconf 87' lang='lat' dir='ltr'><strong>habet.</strong></span> <span class='ocrx_word' id='word_1_125' title='bbox 916 1732 959 1797; x_wconf 81' lang='lat' dir='ltr'><strong>Ex</strong></span> <span class='ocrx_word' id='word_1_126' title='bbox 980 1734 1040 1799; x_wconf 85' lang='lat' dir='ltr'><strong>hoc</strong></span> <span class='ocrx_word' id='word_1_127' title='bbox 1062 1736 1153 1801; x_wconf 89' lang='lat' dir='ltr'><strong>enim</strong></span> 
     </span>
     <span class='ocr_line' id='line_1_19' title="bbox 228 1819 1153 1911; baseline -0.003 -22"><span class='ocrx_word' id='word_1_128' title='bbox 228 1824 311 1911; x_wconf 87' lang='lat' dir='ltr'><strong>quod</strong></span> <span class='ocrx_word' id='word_1_129' title='bbox 335 1824 452 1910; x_wconf 89' lang='lat' dir='ltr'><strong>aliquid</strong></span> <span class='ocrx_word' id='word_1_130' title='bbox 474 1845 616 1888; x_wconf 88' lang='lat' dir='ltr'><strong>amamus</strong></span> <span class='ocrx_word' id='word_1_131' title='bbox 638 1823 854 1887; x_wconf 79' lang='lat' dir='ltr'><strong>desideramus</strong></span> <span class='ocrx_word' id='word_1_132' title='bbox 876 1819 965 1896; x_wconf 87' lang='lat' dir='ltr'><strong>illud,</strong></span> <span class='ocrx_word' id='word_1_133' title='bbox 998 1823 1024 1887; x_wconf 82' lang='lat' dir='ltr'><strong>si</strong></span> <span class='ocrx_word' id='word_1_134' title='bbox 1057 1823 1153 1900; x_wconf 66' lang='lat' dir='ltr'><strong>absim</strong></span> 
     </span>
     <span class='ocr_line' id='line_1_20' title="bbox 228 1909 1153 1999; baseline 0 -22"><span class='ocrx_word' id='word_1_135' title='bbox 228 1913 402 1999; x_wconf 75' lang='lat' dir='ltr'><strong>gaudemus</strong></span> <span class='ocrx_word' id='word_1_136' title='bbox 426 1927 540 1988; x_wconf 83' lang='lat' dir='ltr'><strong>autern,</strong></span> <span class='ocrx_word' id='word_1_137' title='bbox 563 1932 635 1976; x_wconf 88' lang='lat' dir='ltr'><strong>cum</strong></span> <span class='ocrx_word' id='word_1_138' title='bbox 658 1911 757 1985; x_wconf 67' lang='lat' dir='ltr'><strong>adeun</strong></span> <span class='ocrx_word' id='word_1_139' title='bbox 780 1924 812 1975; x_wconf 89' lang='lat' dir='ltr'><strong>et</strong></span> <span class='ocrx_word' id='word_1_140' title='bbox 834 1909 1001 1984; x_wconf 85' lang='lat' dir='ltr'><strong>tristamur,</strong></span> <span class='ocrx_word' id='word_1_141' title='bbox 1023 1913 1153 1978; x_wconf 79' lang='lat' dir='ltr'><strong>cumuli</strong></span> 
     </span>
     <span class='ocr_line' id='line_1_21' title="bbox 228 1999 1155 2087; baseline -0.002 -18"><span class='ocrx_word' id='word_1_142' title='bbox 228 2021 267 2069; x_wconf 87' lang='lat' dir='ltr'><strong>eo</strong></span> <span class='ocrx_word' id='word_1_143' title='bbox 291 2003 488 2087; x_wconf 89' lang='lat' dir='ltr'><strong>impedimur;</strong></span> <span class='ocrx_word' id='word_1_144' title='bbox 512 2017 543 2067; x_wconf 88' lang='grc' dir='ltr'><strong>ει</strong></span> <span class='ocrx_word' id='word_1_145' title='bbox 566 2002 688 2066; x_wconf 80' lang='lat' dir='ltr'><strong>odimus</strong></span> <span class='ocrx_word' id='word_1_146' title='bbox 710 2020 792 2086; x_wconf 82' lang='lat' dir='ltr'><strong>qvvae</strong></span> <span class='ocrx_word' id='word_1_147' title='bbox 814 2020 871 2065; x_wconf 86' lang='lat' dir='ltr'><strong>nos</strong></span> <span class='ocrx_word' id='word_1_148' title='bbox 893 1999 933 2065; x_wconf 91' lang='lat' dir='ltr'><strong>ad</strong></span> <span class='ocrx_word' id='word_1_149' title='bbox 965 2013 1068 2066; x_wconf 84' lang='lat' dir='ltr'><strong>amato</strong></span> <span class='ocrx_word' id='word_1_150' title='bbox 1091 2001 1155 2067; x_wconf 90' lang='lat' dir='ltr'><strong>im·</strong></span> 
     </span>
     <span class='ocr_line' id='line_1_22' title="bbox 228 2087 1154 2178; baseline 0 -22"><span class='ocrx_word' id='word_1_151' title='bbox 228 2091 367 2178; x_wconf 85' lang='lat' dir='ltr'><strong>pediunt,</strong></span> <span class='ocrx_word' id='word_1_152' title='bbox 396 2104 427 2155; x_wconf 91' lang='lat' dir='ltr'><strong>et</strong></span> <span class='ocrx_word' id='word_1_153' title='bbox 450 2091 610 2156; x_wconf 84' lang='lat' dir='ltr'><strong>irascimur</strong></span> <span class='ocrx_word' id='word_1_154' title='bbox 635 2104 743 2155; x_wconf 89' lang='lat' dir='ltr'><strong>contra</strong></span> <span class='ocrx_word' id='word_1_155' title='bbox 776 2108 825 2153; x_wconf 87' lang='lat' dir='ltr'><strong>ea.</strong></span> <span class='ocrx_word' id='word_1_156' title='bbox 848 2087 901 2153; x_wconf 89' lang='lat' dir='ltr'><strong>Sic</strong></span> <span class='ocrx_word' id='word_1_157' title='bbox 938 2089 1030 2172; x_wconf 82' lang='lat' dir='ltr'><strong>igitur</strong></span> <span class='ocrx_word' id='word_1_158' title='bbox 1063 2090 1154 2176; x_wconf 88' lang='lat' dir='ltr'><strong>quod</strong></span> 
     </span>
     <span class='ocr_line' id='line_1_23' title="bbox 227 2176 1153 2256; baseline 0.002 -12"><span class='ocrx_word' id='word_1_159' title='bbox 227 2195 348 2245; x_wconf 90' lang='lat' dir='ltr'><strong>amatur</strong></span> <span class='ocrx_word' id='word_1_160' title='bbox 383 2200 446 2243; x_wconf 93' lang='lat' dir='ltr'><strong>non</strong></span> <span class='ocrx_word' id='word_1_161' title='bbox 487 2178 588 2243; x_wconf 88' lang='lat' dir='ltr'><strong>solurn</strong></span> <span class='ocrx_word' id='word_1_162' title='bbox 624 2191 670 2242; x_wconf 90' lang='lat' dir='ltr'><strong>est</strong></span> <span class='ocrx_word' id='word_1_163' title='bbox 694 2179 725 2242; x_wconf 94' lang='lat' dir='ltr'><strong>in</strong></span> <span class='ocrx_word' id='word_1_164' title='bbox 748 2176 906 2242; x_wconf 88' lang='lat' dir='ltr'><strong>intellectu</strong></span> <span class='ocrx_word' id='word_1_165' title='bbox 928 2178 1068 2256; x_wconf 83' lang='lat' dir='ltr'><strong>amantis,</strong></span> <span class='ocrx_word' id='word_1_166' title='bbox 1091 2178 1153 2246; x_wconf 80' lang='lat' dir='ltr'><strong>sed</strong></span> 
     </span>
     <span class='ocr_line' id='line_1_24' title="bbox 228 2265 1151 2353; baseline 0 -20"><span class='ocrx_word' id='word_1_167' title='bbox 228 2268 321 2334; x_wconf 87' lang='lat' dir='ltr'><strong>etiam</strong></span> <span class='ocrx_word' id='word_1_168' title='bbox 346 2267 377 2331; x_wconf 95' lang='lat' dir='ltr'><strong>in</strong></span> <span class='ocrx_word' id='word_1_169' title='bbox 404 2265 559 2334; x_wconf 89' lang='lat' dir='ltr'><strong>voluntate</strong></span> <span class='ocrx_word' id='word_1_170' title='bbox 582 2268 688 2353; x_wconf 82' lang='lat' dir='ltr'><strong>ipsius3</strong></span> <span class='ocrx_word' id='word_1_171' title='bbox 710 2266 798 2331; x_wconf 83' lang='lat' dir='ltr'><strong>aliter</strong></span> <span class='ocrx_word' id='word_1_172' title='bbox 820 2279 923 2330; x_wconf 88' lang='lat' dir='ltr'><strong>tamen</strong></span> <span class='ocrx_word' id='word_1_173' title='bbox 946 2279 977 2330; x_wconf 89' lang='lat' dir='ltr'><strong>et</strong></span> <span class='ocrx_word' id='word_1_174' title='bbox 992 2266 1088 2332; x_wconf 83' lang='lat' dir='ltr'><strong>aliter.</strong></span> <span class='ocrx_word' id='word_1_175' title='bbox 1113 2267 1151 2334; x_wconf 91' lang='lat' dir='ltr'><strong>ln</strong></span> 
     </span>
     <span class='ocr_line' id='line_1_25' title="bbox 227 2354 1152 2423; baseline -0.002 0"><span class='ocrx_word' id='word_1_176' title='bbox 227 2356 383 2423; x_wconf 83' lang='lat' dir='ltr'><strong>intellectu</strong></span> <span class='ocrx_word' id='word_1_177' title='bbox 405 2356 490 2421; x_wconf 90' lang='lat' dir='ltr'><strong>enim</strong></span> <span class='ocrx_word' id='word_1_178' title='bbox 513 2370 559 2421; x_wconf 84' lang='grc' dir='ltr'><strong>εει</strong></span> <span class='ocrx_word' id='word_1_179' title='bbox 589 2355 762 2420; x_wconf 80' lang='lat' dir='ltr'><strong>secondum</strong></span> <span class='ocrx_word' id='word_1_180' title='bbox 800 2354 1035 2420; x_wconf 77' lang='lat' dir='ltr'><strong>vimitttoutnem</strong></span> <span class='ocrx_word' id='word_1_181' title='bbox 1070 2374 1152 2421; x_wconf 72' lang='lat' dir='ltr'><strong>utrae</strong></span> 
     </span>
     <span class='ocr_line' id='line_1_26' title="bbox 189 2442 1152 2533; baseline -0.002 -22"><span class='ocrx_word' id='word_1_182' title='bbox 189 2490 193 2511; x_wconf 77' lang='grc'><em>.</em></span> <span class='ocrx_word' id='word_1_183' title='bbox 227 2448 352 2533; x_wconf 77' lang='lat' dir='ltr'><strong>speciei3</strong></span> <span class='ocrx_word' id='word_1_184' title='bbox 376 2445 407 2509; x_wconf 91' lang='lat' dir='ltr'><strong>in</strong></span> <span class='ocrx_word' id='word_1_185' title='bbox 431 2444 589 2511; x_wconf 87' lang='lat' dir='ltr'><strong>voluntate</strong></span> <span class='ocrx_word' id='word_1_186' title='bbox 611 2460 717 2509; x_wconf 87' lang='lat' dir='ltr'><strong>autem</strong></span> <span class='ocrx_word' id='word_1_187' title='bbox 739 2442 882 2518; x_wconf 82' lang='lat' dir='ltr'><strong>amantis,</strong></span> <span class='ocrx_word' id='word_1_188' title='bbox 904 2456 951 2508; x_wconf 89' lang='grc' dir='ltr'><strong>εει</strong></span> <span class='ocrx_word' id='word_1_189' title='bbox 972 2444 1051 2509; x_wconf 84' lang='lat' dir='ltr'><strong>sicut</strong></span> <span class='ocrx_word' id='word_1_190' title='bbox 1087 2457 1152 2509; x_wconf 83' lang='lat' dir='ltr'><strong>ter·</strong></span> 
     </span>
     <span class='ocr_line' id='line_1_27' title="bbox 226 2531 1152 2621; baseline -0.002 -20"><span class='ocrx_word' id='word_1_191' title='bbox 226 2535 331 2601; x_wconf 88' lang='lat' dir='ltr'><strong>minus</strong></span> <span class='ocrx_word' id='word_1_192' title='bbox 355 2546 457 2599; x_wconf 82' lang='lat' dir='ltr'><strong>rnotus</strong></span> <span class='ocrx_word' id='word_1_193' title='bbox 480 2535 513 2599; x_wconf 94' lang='lat' dir='ltr'><strong>in</strong></span> <span class='ocrx_word' id='word_1_194' title='bbox 535 2533 686 2621; x_wconf 84' lang='lat' dir='ltr'><strong>principio</strong></span> <span class='ocrx_word' id='word_1_195' title='bbox 710 2532 825 2597; x_wconf 90' lang='lat' dir='ltr'><strong>motivo</strong></span> <span class='ocrx_word' id='word_1_196' title='bbox 848 2531 1152 2619; x_wconf 79' lang='lat' dir='ltr'><strong>proportionatopcr</strong></span> 
     </span>
     <span class='ocr_line' id='line_1_28' title="bbox 227 2620 1151 2709; baseline -0.006 -19"><span class='ocrx_word' id='word_1_197' title='bbox 227 2623 475 2689; x_wconf 85' lang='lat' dir='ltr'><strong>convenientiam</strong></span> <span class='ocrx_word' id='word_1_198' title='bbox 497 2635 527 2687; x_wconf 88' lang='grc' dir='ltr'><strong>ει</strong></span> <span class='ocrx_word' id='word_1_199' title='bbox 550 2623 780 2709; x_wconf 81' lang='lat' dir='ltr'><strong>proportionem</strong></span> <span class='ocrx_word' id='word_1_200' title='bbox 804 2640 899 2707; x_wconf 78' lang='lat' dir='ltr'><strong>quem</strong></span> <span class='ocrx_word' id='word_1_201' title='bbox 923 2621 1017 2689; x_wconf 82' lang='lat' dir='ltr'><strong>babet</strong></span> <span class='ocrx_word' id='word_1_202' title='bbox 1037 2620 1076 2687; x_wconf 90' lang='lat' dir='ltr'><strong>ad</strong></span> <span class='ocrx_word' id='word_1_203' title='bbox 1101 2622 1151 2709; x_wconf 82' lang='lat' dir='ltr'><strong>ip·</strong></span> 
     </span>
    </p>
   </div>
   <div class='ocr_carea' id='block_1_3' title="bbox 110 2708 1153 2796">
    <p class='ocr_par' dir='ltr' id='par_1_3' title="bbox 110 2708 1153 2796">
     <span class='ocr_line' id='line_1_29' title="bbox 110 2708 1153 2796; baseline -0.004 -17"><span class='ocrx_word' id='word_1_204' title='bbox 110 2722 118 2745; x_wconf 87' lang='lat'><strong><em>¹</em></strong></span> <span class='ocrx_word' id='word_1_205' title='bbox 227 2733 309 2790; x_wconf 77' lang='lat' dir='ltr'><strong>surm</strong></span> <span class='ocrx_word' id='word_1_206' title='bbox 331 2712 408 2777; x_wconf 83' lang='lat' dir='ltr'><strong>sicut</strong></span> <span class='ocrx_word' id='word_1_207' title='bbox 431 2713 462 2775; x_wconf 91' lang='lat' dir='ltr'><strong>in</strong></span> <span class='ocrx_word' id='word_1_208' title='bbox 485 2712 558 2796; x_wconf 84' lang='lat' dir='ltr'><strong>igne</strong></span> <span class='ocrx_word' id='word_1_209' title='bbox 581 2708 812 2796; x_wconf 80' lang='lat' dir='ltr'><strong>quodammodo</strong></span> <span class='ocrx_word' id='word_1_210' title='bbox 836 2722 882 2773; x_wconf 85' lang='grc' dir='ltr'><strong>εει</strong></span> <span class='ocrx_word' id='word_1_211' title='bbox 904 2708 989 2775; x_wconf 84' lang='lat' dir='ltr'><strong>loom</strong></span> <span class='ocrx_word' id='word_1_212' title='bbox 1011 2730 1153 2791; x_wconf 80' lang='lat' dir='ltr'><strong>sursum,</strong></span> 
     </span>
    </p>
   </div>
   <div class='ocr_carea' id='block_1_4' title="bbox 173 2797 1157 3597">
    <p class='ocr_par' dir='ltr' id='par_1_4' title="bbox 227 2797 1154 3132">
     <span class='ocr_line' id='line_1_30' title="bbox 227 2797 1152 2885; baseline -0.005 -16"><span class='ocrx_word' id='word_1_213' title='bbox 227 2802 347 2869; x_wconf 87' lang='lat' dir='ltr'><strong>ratione</strong></span> <span class='ocrx_word' id='word_1_214' title='bbox 370 2801 510 2878; x_wconf 82' lang='lat' dir='ltr'><strong>levitatis,</strong></span> <span class='ocrx_word' id='word_1_215' title='bbox 533 2800 707 2864; x_wconf 85' lang='lat' dir='ltr'><strong>seeundum</strong></span> <span class='ocrx_word' id='word_1_216' title='bbox 728 2817 822 2883; x_wconf 87' lang='lat' dir='ltr'><strong>quam</strong></span> <span class='ocrx_word' id='word_1_217' title='bbox 847 2797 941 2863; x_wconf 87' lang='lat' dir='ltr'><strong>habet</strong></span> <span class='ocrx_word' id='word_1_218' title='bbox 974 2800 1152 2885; x_wconf 79' lang='lat' dir='ltr'><strong>proportio·</strong></span> 
     </span>
     <span class='ocr_line' id='line_1_31' title="bbox 227 2884 1152 2971; baseline -0.002 -16"><span class='ocrx_word' id='word_1_219' title='bbox 227 2908 301 2955; x_wconf 92' lang='lat' dir='ltr'><strong>nem</strong></span> <span class='ocrx_word' id='word_1_220' title='bbox 324 2901 355 2953; x_wconf 91' lang='grc' dir='ltr'><strong>ει</strong></span> <span class='ocrx_word' id='word_1_221' title='bbox 378 2889 625 2955; x_wconf 83' lang='lat' dir='ltr'><strong>convenientiam</strong></span> <span class='ocrx_word' id='word_1_222' title='bbox 649 2887 689 2951; x_wconf 86' lang='lat' dir='ltr'><strong>ad</strong></span> <span class='ocrx_word' id='word_1_223' title='bbox 712 2889 806 2950; x_wconf 85' lang='lat' dir='ltr'><strong>talem</strong></span> <span class='ocrx_word' id='word_1_224' title='bbox 829 2884 945 2963; x_wconf 77' lang='lat' dir='ltr'><strong>locuvm</strong></span> <span class='ocrx_word' id='word_1_225' title='bbox 968 2888 1047 2971; x_wconf 87' lang='lat' dir='ltr'><strong>ignis</strong></span> <span class='ocrx_word' id='word_1_226' title='bbox 1071 2908 1152 2954; x_wconf 86' lang='lat' dir='ltr'><strong>vero</strong></span> 
     </span>
     <span class='ocr_line' id='line_1_32' title="bbox 227 2975 1154 3064; baseline 0.002 -22"><span class='ocrx_word' id='word_1_227' title='bbox 227 2990 393 3064; x_wconf 80' lang='lat' dir='ltr'><strong>generatus</strong></span> <span class='ocrx_word' id='word_1_228' title='bbox 416 2978 516 3041; x_wconf 83' lang='lat' dir='ltr'><strong>estin</strong></span> <span class='ocrx_word' id='word_1_229' title='bbox 539 2976 610 3061; x_wconf 82' lang='lat' dir='ltr'><strong>igne</strong></span> <span class='ocrx_word' id='word_1_230' title='bbox 634 2986 801 3061; x_wconf 75' lang='lat' dir='ltr'><strong>generante</strong></span> <span class='ocrx_word' id='word_1_231' title='bbox 836 2994 893 3062; x_wconf 85' lang='lat' dir='ltr'><strong>per</strong></span> <span class='ocrx_word' id='word_1_232' title='bbox 915 2975 1154 3063; x_wconf 80' lang='lat' dir='ltr'><strong>similitudinem</strong></span> 
     </span>
     <span class='ocr_line' id='line_1_33' title="bbox 227 3064 527 3132; baseline -0.01 -1"><span class='ocrx_word' id='word_1_233' title='bbox 227 3086 304 3132; x_wconf 86' lang='lat' dir='ltr'><strong>suae</strong></span> <span class='ocrx_word' id='word_1_234' title='bbox 326 3064 453 3131; x_wconf 79' lang='lat' dir='ltr'><strong>[ermae.</strong></span> <span class='ocrx_word' id='word_1_235' title='bbox 523 3110 527 3115; x_wconf 89' lang='lat'>-</span> 
     </span>
    </p>

    <p class='ocr_par' dir='ltr' id='par_1_5' title="bbox 173 3148 1157 3597">
     <span class='ocr_line' id='line_1_34' title="bbox 173 3148 1152 3238; baseline 0.002 -19"><span class='ocrx_word' id='word_1_236' title='bbox 173 3194 183 3211; x_wconf 53' lang='grc' dir='ltr'><strong>ι</strong></span> <span class='ocrx_word' id='word_1_237' title='bbox 295 3154 375 3237; x_wconf 81' lang='lat' dir='ltr'><strong>Quin</strong></span> <span class='ocrx_word' id='word_1_238' title='bbox 399 3155 497 3238; x_wconf 85' lang='lat' dir='ltr'><strong>igitur·</strong></span> <span class='ocrx_word' id='word_1_239' title='bbox 514 3164 674 3218; x_wconf 82' lang='lat' dir='ltr'><strong>ostensum</strong></span> <span class='ocrx_word' id='word_1_240' title='bbox 696 3164 744 3217; x_wconf 87' lang='grc' dir='ltr'><strong>εει</strong></span> <span class='ocrx_word' id='word_1_241' title='bbox 766 3148 851 3238; x_wconf 87' lang='lat' dir='ltr'><strong>quod</strong></span> <span class='ocrx_word' id='word_1_242' title='bbox 874 3152 908 3217; x_wconf 90' lang='lat' dir='ltr'><strong>in</strong></span> <span class='ocrx_word' id='word_1_243' title='bbox 930 3152 1017 3221; x_wconf 84' lang='lat' dir='ltr'><strong>omni</strong></span> <span class='ocrx_word' id='word_1_244' title='bbox 1038 3165 1152 3221; x_wconf 80' lang='lat' dir='ltr'><strong>natura</strong></span> 
     </span>
     <span class='ocr_line' id='line_1_35' title="bbox 228 3241 1153 3327; baseline 0 -18"><span class='ocrx_word' id='word_1_245' title='bbox 228 3242 429 3310; x_wconf 84' lang='lat' dir='ltr'><strong>intellectuali</strong></span> <span class='ocrx_word' id='word_1_246' title='bbox 452 3255 499 3307; x_wconf 87' lang='lat' dir='ltr'><strong>est</strong></span> <span class='ocrx_word' id='word_1_247' title='bbox 522 3242 672 3320; x_wconf 83' lang='lat' dir='ltr'><strong>volontas,</strong></span> <span class='ocrx_word' id='word_1_248' title='bbox 709 3241 796 3305; x_wconf 76' lang='lat' dir='ltr'><strong>Deua</strong></span> <span class='ocrx_word' id='word_1_249' title='bbox 829 3255 936 3306; x_wconf 76' lang='lat' dir='ltr'><strong>amem</strong></span> <span class='ocrx_word' id='word_1_250' title='bbox 975 3243 1153 3327; x_wconf 81' lang='lat' dir='ltr'><strong>intelligens</strong></span> 
     </span>
     <span class='ocr_line' id='line_1_36' title="bbox 229 3327 1154 3417; baseline 0 -19"><span class='ocrx_word' id='word_1_251' title='bbox 229 3344 286 3412; x_wconf 82' lang='grc' dir='ltr'><strong>εει,</strong></span> <span class='ocrx_word' id='word_1_252' title='bbox 310 3346 345 3398; x_wconf 85' lang='grc' dir='ltr'><strong>ιιι</strong></span> <span class='ocrx_word' id='word_1_253' title='bbox 366 3347 524 3397; x_wconf 79' lang='lat' dir='ltr'><strong>ostensum</strong></span> <span class='ocrx_word' id='word_1_254' title='bbox 548 3344 594 3395; x_wconf 84' lang='grc' dir='ltr'><strong>εει</strong></span> <span class='ocrx_word' id='word_1_255' title='bbox 618 3329 652 3413; x_wconf 89' lang='grc' dir='ltr'><strong>(Ι.</strong></span> <span class='ocrx_word' id='word_1_256' title='bbox 677 3330 708 3407; x_wconf 91' lang='lat' dir='ltr'><strong>l,</strong></span> <span class='ocrx_word' id='word_1_257' title='bbox 731 3349 768 3395; x_wconf 82' lang='lat' dir='ltr'><strong>c·</strong></span> <span class='ocrx_word' id='word_1_258' title='bbox 782 3327 852 3415; x_wconf 78' lang='lat' dir='ltr'><strong>ll),</strong></span> <span class='ocrx_word' id='word_1_259' title='bbox 879 3344 1000 3417; x_wconf 85' lang='lat' dir='ltr'><strong>oportet</strong></span> <span class='ocrx_word' id='word_1_260' title='bbox 1010 3331 1099 3417; x_wconf 78' lang='lat' dir='ltr'><strong>qaod</strong></span> <span class='ocrx_word' id='word_1_261' title='bbox 1116 3331 1154 3398; x_wconf 91' lang='lat' dir='ltr'><strong>in</strong></span> 
     </span>
     <span class='ocr_line' id='line_1_37' title="bbox 230 3416 1153 3509; baseline -0.001 -22"><span class='ocrx_word' id='word_1_262' title='bbox 230 3421 298 3509; x_wconf 89' lang='lat' dir='ltr'><strong>ipso</strong></span> <span class='ocrx_word' id='word_1_263' title='bbox 321 3422 360 3486; x_wconf 86' lang='lat' dir='ltr'><strong>sit</strong></span> <span class='ocrx_word' id='word_1_264' title='bbox 381 3421 530 3490; x_wconf 72' lang='lat' dir='ltr'><strong>voluntem</strong></span> <span class='ocrx_word' id='word_1_265' title='bbox 554 3438 616 3482; x_wconf 91' lang='lat' dir='ltr'><strong>non</strong></span> <span class='ocrx_word' id='word_1_266' title='bbox 636 3418 764 3503; x_wconf 86' lang='lat' dir='ltr'><strong>quidem</strong></span> <span class='ocrx_word' id='word_1_267' title='bbox 795 3416 880 3504; x_wconf 88' lang='lat' dir='ltr'><strong>quod</strong></span> <span class='ocrx_word' id='word_1_268' title='bbox 914 3420 1055 3485; x_wconf 82' lang='lat' dir='ltr'><strong>voluutas</strong></span> <span class='ocrx_word' id='word_1_269' title='bbox 1091 3419 1153 3486; x_wconf 80' lang='lat' dir='ltr'><strong>net</strong></span> 
     </span>
     <span class='ocr_line' id='line_1_38' title="bbox 231 3506 1157 3597; baseline -0.002 -20"><span class='ocrx_word' id='word_1_270' title='bbox 231 3516 271 3577; x_wconf 74' lang='lat' dir='ltr'><strong>eit</strong></span> <span class='ocrx_word' id='word_1_271' title='bbox 291 3508 411 3597; x_wconf 74' lang='lat' dir='ltr'><strong>aliquid</strong></span> <span class='ocrx_word' id='word_1_272' title='bbox 431 3509 497 3595; x_wconf 63' lang='lat' dir='ltr'><strong>dus</strong></span> <span class='ocrx_word' id='word_1_273' title='bbox 519 3506 675 3595; x_wconf 77' lang='lat' dir='ltr'><strong>essentiae</strong></span> <span class='ocrx_word' id='word_1_274' title='bbox 692 3507 925 3594; x_wconf 78' lang='lat' dir='ltr'><strong>superveniens,</strong></span> <span class='ocrx_word' id='word_1_275' title='bbox 936 3509 1016 3576; x_wconf 73' lang='lat' dir='ltr'><strong>sicut</strong></span> <span class='ocrx_word' id='word_1_276' title='bbox 1028 3528 1088 3581; x_wconf 82' lang='lat' dir='ltr'><strong>uec</strong></span> <span class='ocrx_word' id='word_1_277' title='bbox 1103 3510 1157 3576; x_wconf 90' lang='lat' dir='ltr'><strong>in-</strong></span> 
     </span>
    </p>
   </div>
   <div class='ocr_carea' id='block_1_5' title="bbox 0 0 1246 3975">
    <p class='ocr_par' dir='ltr' id='par_1_6' title="bbox 0 0 1246 3975">
     <span class='ocr_line' id='line_1_39' title="bbox 0 0 1246 3975; baseline 0 0"><span class='ocrx_word' id='word_1_278' title='bbox 0 0 1246 3975; x_wconf 95' lang='lat' dir='ltr'><strong> </strong></span> 
     </span>
    </p>
   </div>
  </div>
 </body>
</html>
