2484 3975
231 229 294 296 101
544 230 600 296 aia.
631 250 669 296 rr.
699 223 846 297 cursura.

230 320 322 396 Deus,
346 329 375 382 et
396 320 529 406 siprtooit
550 341 616 398 uos,
640 332 669 385 et
691 322 778 384 dedit
800 322 911 402 pipicus
949 316 1088 404 Spiritus
1109 321 1146 385 in

226 407 369 473 cordibus
390 411 515 488 nostris,
537 411 558 474 ⁶2
581 409 662 497 Cor„
687 411 717 487 1,
740 409 852 483 rrum
868 421 907 472 et:
933 406 1054 494 Sipnoti
1068 412 1146 474 estis

225 495 347 581 Spiritu
366 500 583 582 promissionis
604 496 729 575 Sancto,
752 498 807 579 qui
829 509 875 562 cst
913 497 1026 582 pipnus
1057 497 1145 562 berc·

224 586 334 652 ditatis
365 599 500 664 nostrae,
524 589 646 674 Epiros,
671 589 701 665 1,
737 587 846 654 ibib.
881 584 1019 670 Signatio
1056 586 1143 651 enim

223 675 263 740 ad
286 676 515 742 similitudinem
540 675 791 753 ooniipurationis
815 676 969 760 pertinere
1008 674 1144 755 videtur,
1218 668 1219 677 ’

223 765 326 831 unctio
350 780 453 831 autem
477 765 516 830 ad
540 765 783 828 habilitationem
809 763 943 828 hominis
977 763 1016 829 ad
1040 762 1143 850 perie-

161 887 165 890 ·
222 864 285 922 ctas
308 855 512 940 operationes,
536 854 647 938 pignus
671 867 774 917 autem
798 852 837 917 ad
860 871 948 939 spem
975 873 1036 938 qua
1058 852 1145 916 ordi-

220 963 333 1009 namur
356 945 386 1008 in
410 943 574 1008 caelestem
607 941 822 1014 hereditatem,
848 943 930 1028 quae
964 955 1010 1006 est
1043 940 1145 1006 beati-

221 1033 296 1100 tudo
319 1031 463 1117 perfecta.
848 1033 851 1038 '

286 1120 332 1199 Et,
354 1120 425 1206 quia
449 1139 486 1185 cx
508 1119 723 1185 beneroieutia
762 1139 856 1204 quam
890 1119 959 1204 quis
983 1117 1142 1184 hebetari

220 1211 355 1295 aliquem
380 1208 528 1294 contingit
551 1202 635 1294 qu'od
658 1229 731 1273 eum
755 1208 813 1272 sibi
837 1207 962 1293 adoptat
985 1207 1016 1271 in
1038 1207 1142 1274 filium

112 1321 114 1324 ·
219 1306 253 1364 ui
274 1299 319 1362 sic
342 1297 380 1362 ad
405 1317 477 1362 eum
502 1297 657 1362 hereditas
681 1296 854 1381 adoptantis
882 1296 1042 1381 pertineat,
1065 1316 1145 1361 con-

218 1387 376 1454 venienter
399 1385 523 1472 Spiritui
548 1385 660 1450 Sancto
684 1385 808 1472 adoptio
832 1385 966 1449 filiorum
1002 1383 1058 1448 Dei
1094 1398 1144 1450 at·

218 1475 371 1552 tribuitur,
393 1475 563 1540 secundum
589 1474 674 1540 iilud:
697 1475 866 1557 decepistis
888 1475 1036 1556 spiritum
1064 1474 1145 1539 odo·

214 1565 329 1653 ptiont's
352 1563 487 1647 filiorum
511 1565 544 1627 in
566 1584 625 1648 quo
660 1567 842 1641 domamus,
875 1562 977 1638 Atta,
1001 1562 1147 1650 (Pater),

219 1657 320 1732 Rom,
343 1652 374 1726 8,
400 1653 450 1717 rb.

217 1765 220 1772 ·
283 1742 342 1807 Per
365 1743 425 1806 hoc
463 1753 565 1805 autem
604 1739 687 1825 quod
722 1740 832 1826 aliquis
864 1739 990 1804 alterius
1023 1740 1145 1806 amicus

218 1831 422 1909 consumitur,
438 1830 540 1895 omnis
563 1827 678 1893 offensa
702 1842 889 1904 remoretur,
901 1827 1033 1893 amicitia
1051 1832 1145 1894 'enim

220 1920 354 1985 offensae
377 1918 589 1995 contrariarum
612 1917 695 1982 unde
717 1918 837 1982 dicitur:
866 1917 1147 1982 b'niuersodclictu

219 2011 318 2092 operit
341 2010 486 2083 chorites,
512 2008 669 2084 proverb,
694 2008 746 2082 10,
772 2009 820 2073 11.
860 2006 936 2072 cam
970 2008 1063 2092 igitur
1085 2027 1146 2093 per

218 2096 365 2185 Spiritum
388 2097 534 2161 Sanctum
557 2095 615 2160 Dei
639 2095 729 2160 amici
765 2096 998 2174 constituamur,
1033 2115 1147 2160 conse·

218 2200 385 2272 quensest
406 2185 490 2272 quod
514 2185 693 2270 peripsum
718 2186 806 2251 nobis
830 2184 930 2250 aDeo
945 2184 1146 2251 remittantur

216 2289 351 2363 peccatu
375 2288 404 2340 et
427 2274 497 2339 ideo
519 2273 673 2337 Dominus
698 2272 770 2339 dicit
797 2273 964 2359 discipulis:
1002 2273 1145 2355 decipite

216 2364 376 2449 Spiritum
408 2362 554 2428 Sanctum
568 2366 581 2439 ;'
614 2382 745 2449 quorum
783 2364 965 2427 remiseritis
997 2373 1141 2445 peccota,

213 2453 413 2518 remittuntur
442 2454 497 2529 eis,
520 2452 618 2529 ioan„
647 2452 701 2528 90,
735 2452 788 2525 rm
823 2465 853 2516 ct
885 2450 956 2518 ideo
991 2450 1141 2535 blaspbe-

215 2544 371 2609 mantibus
394 2540 541 2625 Spiritum
576 2538 723 2605 Sanctum
761 2552 957 2625 peccatorum
994 2540 1141 2605 remissio

218 2631 398 2715 denegatur,
421 2629 536 2701 Martii..
561 2628 612 2706 11,
636 2630 689 2706 51,
727 2628 815 2713 quasi
848 2647 912 2693 non
951 2627 1143 2695 habentibus

113 2768 116 2775 f
217 2719 294 2785 illud
317 2740 372 2807 per
395 2720 478 2804 quod
502 2718 597 2783 homo
619 2717 833 2782 remissionem
856 2718 1144 2803 consequiturpec-

212 2822 368 2872 vestorum.
393 2808 467 2872 inde
480 2812 581 2872 ctiam
606 2805 746 2891 estquod
761 2806 975 2891 perspiritum
988 2806 1143 2872 Sanctum

219 2896 352 2961 dicimur
375 2897 515 2961 renovari
540 2910 569 2959 et
593 2893 716 2981 purgari
741 2894 804 2958 sire
839 2896 944 2973 lavari,
965 2892 1150 2961 secundum-

215 2984 306 3049 iiiud:
329 2985 460 3049 Emittes
491 2983 643 3067 Spiritum
683 2994 779 3061 tunm,
816 2981 1073 3060 et'ereobuntur,
1108 2996 1145 3049 et

213 3074 376 3139 renooobis
396 3074 509 3158 satiem
533 3085 649 3152 terroe·
668 3071 791 3149 Psalm,
818 3073 890 3152 103,
922 3073 975 3148 50,
1012 3086 1053 3136 et:
1078 3072 1144 3137 Rc-

212 3164 371 3229 novamini
393 3164 505 3245 spiritu
528 3166 792 3235 mendosorum,
818 3162 942 3247 Epiros,
964 3160 995 3238 1,
1018 3160 1073 3237 rm
1097 3174 1142 3226 et:
1218 3231 1219 3242 p

225 3251 261 3319 Si
283 3252 417 3316 abluerit
440 3252 590 3317 Dominus
611 3252 720 3316 sordes
741 3252 879 3336 fitiorum
902 3250 988 3329 Sion,
1011 3260 1041 3315 ct
1062 3270 1143 3315 suu-

210 3342 331 3426 puinem
353 3342 526 3406 Jerusalem
549 3342 662 3405 loberii
686 3340 847 3404 demedio
870 3341 946 3425 ejus,
975 3339 1143 3423 inspiritu

204 3430 317 3513 judicii
340 3442 370 3495 et
391 3430 507 3513 spiritu
528 3430 663 3508 ardoris,
688 3428 768 3505 lsai,
791 3428 823 3508 d,
847 3427 878 3495 1.
