2484 3975
205 219 271 283 458
582 242 753 285 oroscutuu
1004 288 1010 299 ,

203 307 373 373 seeundum
398 310 482 396 prins
505 324 534 374 et
558 312 707 393 posterius
731 310 770 373 de
793 308 855 373 suis
881 308 1052 395 speciebus,
1075 308 1133 373 sed

204 418 261 462 ens
284 398 477 483 praedicatur
499 400 669 482 analogicep
692 413 722 463 et
746 399 805 463 hoo
826 410 871 463 est
893 398 976 483 quod
1000 398 1136 463 dicimus

202 486 286 571 qnod
309 486 478 553 substantia
502 502 532 553 et
555 491 710 574 quantitas
734 487 880 553 differunt
917 508 1042 571 genere,
1075 486 1132 551 sed

203 589 275 641 sunt
297 575 379 639 idern
402 578 575 642 seeundum
599 577 792 659 analogiam„
806 576 918 640 Eorum
953 596 1028 661 ergo
1051 595 1134 660 quae

203 678 276 728 sunt
298 664 379 728 idem
401 685 533 731 numero
558 669 649 732 etiam
674 665 773 731 forma
798 680 827 729 et
863 665 989 729 materia
1013 677 1083 730 sunt
1107 665 1132 727 i-

206 753 278 816 dom
302 772 445 833 numero,
468 756 547 819 siout
570 756 663 821 Tullii
687 768 718 819 et
741 754 908 828 Ciceronis;
931 774 1039 818 eorum
1079 773 1134 817 au·

204 854 270 906 tem
292 861 372 926 quae
394 852 465 908 aunt
488 844 569 909 idem
593 864 696 931 speore
719 842 902 927 diversaque
925 863 1055 909 numero
1068 861 1134 905 ma-

205 931 281 995 teria
305 944 338 995 et
359 930 457 997 forma
480 953 541 996 non
564 949 637 998 suot
659 932 769 999 eodem
792 952 936 1007 numero,
947 932 1002 995 sed
1017 931 1132 1018 speeie,

204 1021 284 1085 sieut
316 1019 449 1100 Socratis
472 1034 502 1086 et
518 1022 662 1087 Platonis.
685 1020 720 1086 Et
742 1020 883 1086 simiiiter
917 1040 1026 1085 eorum
1049 1040 1131 1107 queo

203 1122 276 1173 suut
297 1107 380 1173 idem
402 1130 516 1193 genere
539 1112 687 1197 principia
710 1123 781 1175 sunt
816 1109 898 1174 idern
914 1148 916 1155 ι
933 1129 1057 1193 genere,
1094 1122 1130 1173 ut

203 1198 306 1261 noima
330 1210 361 1260 et
383 1219 495 1283 corpus
511 1200 587 1264 ssini
611 1215 642 1265 et
658 1200 729 1285 equi
754 1198 899 1266 differunt
936 1199 1048 1283 speeie,
1072 1196 1128 1261 sed

201 1299 274 1349 sunt
297 1284 379 1350 idem
402 1307 526 1370 genere.
544 1289 578 1352 Et
599 1290 742 1353 similiter
778 1308 888 1352 eurum
911 1307 992 1371 quoe
1014 1307 1127 1352 oonvo-

109 1411 113 1418 -
200 1374 291 1437 nium
313 1375 484 1440 seeundum
508 1377 681 1461 analogiam
713 1378 775 1443 siro
799 1379 1028 1461 proportionem
1062 1390 1128 1439 tan·

199 1477 267 1527 turn
289 1463 575 1549 principiaquitiem
599 1481 671 1530 sunt
694 1466 802 1531 eadem
827 1464 998 1528 seeundum
1023 1464 1129 1529 aonio-

200 1552 283 1633 giam
308 1565 426 1617 tantum
450 1556 514 1617 rire
538 1557 780 1639 proportionem.
819 1554 944 1617 Materia
979 1553 1061 1617 enim
1096 1565 1128 1617 et

201 1639 301 1704 forma
324 1656 354 1705 et
377 1642 516 1727 privatio,
539 1645 602 1708 sire
625 1644 759 1728 potentia
783 1657 813 1708 nt
837 1655 932 1717 aetus,
947 1654 1019 1705 sunt
1044 1641 1128 1727 prin·

201 1729 279 1814 oipia
302 1730 491 1795 substantiae
514 1746 544 1797 et
566 1732 698 1798 aliorum
732 1752 892 1818 generum.
916 1730 1037 1793 Tamen
1061 1750 1127 1795 ma-

202 1819 307 1896 teriae,
329 1820 518 1884 substantiae
540 1834 571 1884 et
593 1822 769 1906 quantitatis
801 1818 899 1884 iorma
933 1818 1073 1883 similiter
1096 1832 1128 1881 et

201 1908 331 1992 privatio
354 1909 499 1973 differunt
523 1930 647 1993 genere,
671 1910 726 1975 sed
750 1909 937 1975 conveniunt
953 1908 1128 1971 seeundum

202 1998 435 2082 proportionem
447 1998 559 2063 solum.
576 2001 607 2063 in
630 2001 689 2064 hoo
701 2001 795 2085 quoti,
818 1999 896 2062 sieut
911 1997 1036 2062 materia
1053 1997 1128 2063 sub—

201 2087 331 2149 stantiae
353 2107 387 2150 se
410 2088 502 2152 habet
518 2088 556 2152 od
579 2089 781 2153 substantiam
807 2089 836 2151 in
872 2088 989 2150 ratione
1027 2100 1127 2151 mate·

198 2173 275 2250 riae,
299 2175 338 2237 ita
361 2195 394 2239 se
417 2175 509 2240 habet
543 2177 670 2242 materia
694 2177 869 2262 quantitatis
909 2175 946 2238 ad
971 2176 1127 2260 quantita·

200 2274 275 2340 tem3
296 2263 373 2328 sieut
394 2276 498 2328 tamen
520 2266 689 2330 substantia
714 2281 759 2332 est
793 2279 985 2330 caeterorum
1021 2284 1130 2342 causa,

200 2351 241 2416 ita
254 2351 401 2440 principia
414 2354 603 2420 substantiae
615 2369 686 2420 sunt
703 2357 850 2442 principia
861 2355 964 2418 omnia
980 2350 1126 2417 oliorum.
