2484 3975
420 248 480 296 titt.⁴
512 252 549 297 rr.
573 251 638 297 cnr.
661 252 719 295 vru.
990 232 1035 297 59
1065 289 1079 303 .

108 322 140 387 in
154 319 240 385 Filio.
264 317 314 385 Sic
336 318 428 403 igitur
451 340 487 385 ex
510 322 570 385 hoc
594 319 677 405 quod
690 320 746 385 sibi
763 319 885 385 Patrem
911 317 1034 385 dedisse

110 410 227 488 asserit,
239 430 273 474 se
295 428 403 473 terum
421 408 532 474 Filium
545 409 719 486 confitetur,
732 422 837 473 contra
850 407 1036 488 Sabellium;

111 520 149 565 ex
172 496 385 582 magnitudine
408 517 482 563 vero
506 497 571 583 ejus
594 497 792 584 quoddatur,
816 497 898 562 Patri
913 517 1034 563 secon-

111 588 214 655 litetur
236 606 303 651 esse
327 586 499 671 aequalem,
523 601 556 651 ut
579 587 669 651 Arius
692 584 908 651 confundatur.

179 676 264 740 Patet
286 675 379 758 igitur
400 675 483 761 quod
508 676 576 742 talis
611 675 737 739 donatio
771 673 973 756 indigentiam
1001 675 1033 739 in

111 764 189 830 Filio
212 783 275 828 non
298 763 448 847 designat
471 786 533 830 non
557 764 724 828 enimante
747 762 803 828 luit
826 763 920 827 Filius
938 784 1033 848 qrram

111 854 169 918 sibi
193 852 327 927 daretur,
351 872 422 916 cum
449 855 609 937 generatio
633 851 700 936 ejus
724 852 762 917 sit
794 853 859 939 ipsa
897 852 1033 929 donati0;
1065 931 1067 934 Ι

111 960 214 1027 neque
238 939 396 1026 plenitudo
418 940 480 1006 dati
517 942 575 1007 hoc
600 943 714 1026 patitur
737 955 770 1006 ut
783 940 922 1024 indigere
939 943 1034 1027 possit

112 1029 164 1093 ille
186 1030 235 1093 oui
259 1043 375 1093 constat
398 1049 466 1094 esse
489 1030 649 1094 donatum.
673 1030 736 1094 Nec
772 1030 875 1094 obviat
912 1030 1033 1116 praedi·

112 1119 169 1181 ctis
192 1117 275 1202 quod
299 1136 335 1181 ex
361 1130 504 1203 tempore
528 1119 604 1183 Filio
618 1118 707 1183 Pater
728 1117 851 1183 dedisse
867 1119 979 1202 legitur
1000 1118 1031 1183 in

113 1204 286 1290 Scripturis,
310 1206 386 1271 sicut
409 1206 561 1273 Dominus
584 1221 653 1293 post
677 1206 935 1273 resurrectionem
960 1207 1034 1273 dicit

111 1294 277 1381 discipulis:
302 1295 385 1360 Doto
408 1308 454 1360 eat
476 1298 552 1359 milri
574 1298 674 1360 omnis
695 1307 834 1380 potestus
866 1298 900 1359 in
936 1297 1034 1370 cneio,

113 1395 145 1447 et
165 1384 198 1447 in
222 1395 317 1457 terro,
339 1384 455 1463 notin,
478 1385 532 1464 28,
557 1384 609 1461 183
632 1398 663 1449 et
685 1384 847 1471 Apostolus
870 1384 1034 1470 dicitquod

112 1484 243 1555 propter
267 1473 323 1537 lter
346 1473 430 1538 Deus
453 1474 603 1539 exaltavit
625 1475 725 1553 illum,
761 1484 791 1537 et
822 1474 949 1537 donauit
984 1474 1034 1537 itti

118 1580 228 1624 nomen
249 1561 332 1647 quod
356 1572 515 1645 estsuper
538 1584 627 1649 pnrnc
650 1583 770 1641 nomen,
781 1561 964 1647 quiefactus
977 1562 1033 1627 luit

117 1648 260 1713 obediens
282 1670 377 1734 usque
399 1651 442 1714 nd
466 1664 605 1729 mortem,
628 1650 750 1737 Philip,
779 1652 811 1725 d,
839 1650 907 1725 8·9;
945 1652 1032 1737 quasi

117 1739 177 1801 hoc
200 1758 314 1802 nomen
338 1758 401 1802 non
418 1740 559 1804 habuerit
582 1741 620 1805 ab
643 1753 779 1805 aeterno.
797 1739 847 1803 Est
858 1741 941 1805 enim
959 1760 1032 1805 con-

117 1838 222 1891 suetus
245 1825 422 1911 Scripturas
445 1829 557 1894 modus
580 1844 613 1895 ut
635 1827 890 1914 aliquadicantur
905 1829 1031 1894 essevel

115 1913 193 1990 fieri,
218 1915 342 2000 quando
373 1916 577 1983 innotescunt.
602 1918 666 1983 Hoc
688 1930 792 1982 autem
816 1916 900 2005 quod
938 1917 1032 1982 Filius

117 2002 156 2066 ab
182 2017 308 2069 aeterno
332 2007 536 2073 universalem
561 2021 744 2094 potestatem
766 2000 796 2072 et
819 2026 933 2072 nomen
957 2008 1033 2072 divi·

117 2111 194 2155 nunt
219 2095 380 2179 acceperit,
403 2109 471 2181 post
494 2097 751 2162 resurrectionem
787 2095 1035 2182 praedicantibus

119 2179 277 2266 discipulis
301 2184 418 2248 mundo
441 2198 490 2250 est
511 2185 753 2262 manifestatum,
774 2198 821 2252 ets
843 2184 903 2249 hoc
940 2186 1034 2249 etiam

116 2269 210 2333 verba
234 2269 290 2334 Dei
314 2271 491 2350 ostendunt;
513 2274 586 2339 dicit
609 2276 692 2338 enim
727 2273 891 2338 Dominus:
932 2274 1032 2338 Clari-

117 2359 176 2444 pcu
191 2377 240 2422 ane
267 2370 307 2436 tu,
332 2360 436 2439 Pater,
459 2364 547 2445 opud
571 2363 1036 2446 temetipsnmcinritnteqttam

122 2445 217 2510 nudati
236 2449 421 2532 prinsquam
444 2451 576 2515 mundns
604 2463 696 2528 esset,
719 2450 820 2530 ioan,
844 2449 939 2525 t7‚5;
964 2451 1039 2536 petit

119 2535 202 2599 enim
229 2548 261 2599 ut
283 2557 338 2600 sua
362 2537 470 2620 gloria,
494 2560 587 2624 qrram
611 2539 651 2602 ab
674 2556 801 2603 aeterno
824 2559 842 2603 a
866 2538 955 2602 Patre
984 2559 1034 2602 re-

118 2625 198 2710 cepit
222 2637 254 2689 ut
279 2625 373 2704 Deus,
398 2627 429 2692 in
452 2647 490 2692 en
513 2627 573 2715 jam
597 2627 725 2692 homine
747 2626 827 2693 lacto
850 2647 917 2692 esse
932 2627 1034 2692 decla-

119 2727 213 2778 retur.

186 2802 227 2867 Ex
250 2803 310 2868 hoc
333 2816 436 2869 autem
461 2805 657 2871 manifestum
681 2816 727 2868 est
750 2803 906 2890 quomodo
941 2805 1034 2871 Filios

117 2887 276 2969 doceatur,
297 2912 368 2957 cum
391 2913 454 2957 non
477 2895 515 2959 sit
538 2897 693 2979 ignorans.
710 2889 877 2958 Ostensum
894 2906 939 2957 est
950 2895 1035 2960 enim

117 2979 153 3064 (l.
168 2980 196 3058 l,
209 3001 235 3046 c.
249 2980 305 3064 ts)
319 2982 581 3067 quodintelligere
598 2996 628 3046 et
644 3001 711 3045 essa
727 2981 758 3044 in
771 2980 838 3045 Deo
854 2980 936 3047 idem
950 2996 1035 3048 suut.

119 3067 206 3132 Unde
227 3072 465 3135 communicatio
490 3073 610 3136 divinae
634 3085 762 3134 naturae
785 3083 831 3133 est
858 3071 950 3133 etiam
988 3073 1032 3134 iu·

118 3155 305 3240 telligentiae
329 3160 579 3224 communicatio.
603 3157 849 3224 Communicatio
873 3161 1034 3223 autemin-

117 3245 304 3330 telligeuu'ae
317 3246 538 3312 demonstratio
556 3246 604 3312 rel
616 3248 730 3312 locutio
742 3246 807 3311 sire
822 3245 962 3312 doctrina
978 3268 1034 3333 po·

117 3345 175 3398 test
187 3334 255 3399 dici.
271 3334 329 3399 Per
343 3336 402 3401 hoc
414 3356 488 3420 ergo
501 3337 584 3422 quod
599 3335 694 3400 Filius
712 3355 767 3399 sua
778 3333 935 3399 nativitate
948 3356 965 3400 a
977 3335 1036 3401 Pa·

117 3435 163 3486 tre
180 3437 321 3488 traturam
334 3424 469 3490 divinam
485 3427 646 3511 acceperit,
663 3423 773 3489 dicitur
785 3422 834 3487 vel
846 3443 862 3486 a
876 3422 965 3489 Patre
978 3445 1033 3490 au-

119 3511 229 3578 divisse
245 3512 292 3577 vel
303 3512 394 3579 Pater
415 3515 443 3581 ei
457 3515 696 3594 demonstrasse,
709 3513 758 3579 rel
770 3513 795 3578 si
809 3511 884 3599 quid
897 3513 980 3580 aliud
991 3517 1033 3580 si-
