<?xml version="1.0" encoding="UTF-8"?>
<!DOCTYPE html PUBLIC "-//W3C//DTD XHTML 1.0 Transitional//EN"
    "http://www.w3.org/TR/xhtml1/DTD/xhtml1-transitional.dtd">
<html xmlns="http://www.w3.org/1999/xhtml" xml:lang="en" lang="en">
 <head>
  <title>
</title>
<meta http-equiv="Content-Type" content="text/html;charset=utf-8" />
  <meta name='ocr-system' content='tesseract 3.04.00' />
  <meta name='ocr-capabilities' content='ocr_page ocr_carea ocr_par ocr_line ocrx_word'/>
</head>
<body>
  <div class='ocr_page' id='page_1' title='image "./sanctithomaeaqu01thomgoog_0624.png"; bbox 0 0 2484 3975; ppageno 0'>
   <div class='ocr_carea' id='block_1_1' title="bbox 186 216 1111 925">
    <p class='ocr_par' dir='ltr' id='par_1_1' title="bbox 186 216 731 282">
     <span class='ocr_line' id='line_1_1' title="bbox 186 216 731 282; baseline 0 0"><span class='ocrx_word' id='word_1_1' title='bbox 186 216 252 282; x_wconf 81' lang='lat' dir='ltr'><strong>60l</strong></span> <span class='ocrx_word' id='word_1_2' title='bbox 560 234 731 282; x_wconf 86' lang='lat' dir='ltr'><strong>oruscmmt</strong></span> 
     </span>
    </p>

    <p class='ocr_par' dir='ltr' id='par_1_2' title="bbox 186 301 1111 925">
     <span class='ocr_line' id='line_1_2' title="bbox 187 301 1106 391; baseline -0.003 -23"><span class='ocrx_word' id='word_1_3' title='bbox 187 305 222 371; x_wconf 81' lang='lat' dir='ltr'><strong>lis</strong></span> <span class='ocrx_word' id='word_1_4' title='bbox 235 319 268 370; x_wconf 92' lang='lat' dir='ltr'><strong>ut</strong></span> <span class='ocrx_word' id='word_1_5' title='bbox 280 304 310 369; x_wconf 93' lang='lat' dir='ltr'><strong>in</strong></span> <span class='ocrx_word' id='word_1_6' title='bbox 324 301 472 388; x_wconf 88' lang='lat' dir='ltr'><strong>subjecto,</strong></span> <span class='ocrx_word' id='word_1_7' title='bbox 485 301 538 368; x_wconf 86' lang='lat' dir='ltr'><strong>sed</strong></span> <span class='ocrx_word' id='word_1_8' title='bbox 564 304 594 367; x_wconf 92' lang='lat' dir='ltr'><strong>in</strong></span> <span class='ocrx_word' id='word_1_9' title='bbox 617 320 702 371; x_wconf 92' lang='lat' dir='ltr'><strong>motu</strong></span> <span class='ocrx_word' id='word_1_10' title='bbox 718 303 807 391; x_wconf 87' lang='lat' dir='ltr'><strong>primi</strong></span> <span class='ocrx_word' id='word_1_11' title='bbox 830 303 953 371; x_wconf 87' lang='lat' dir='ltr'><strong>mobilis</strong></span> <span class='ocrx_word' id='word_1_12' title='bbox 974 317 1106 371; x_wconf 87' lang='lat' dir='ltr'><strong>tantum.</strong></span> 
     </span>
     <span class='ocr_line' id='line_1_3' title="bbox 186 391 1106 481; baseline -0.001 -24"><span class='ocrx_word' id='word_1_13' title='bbox 186 393 289 460; x_wconf 86' lang='lat' dir='ltr'><strong>Potest</strong></span> <span class='ocrx_word' id='word_1_14' title='bbox 312 407 413 458; x_wconf 85' lang='lat' dir='ltr'><strong>tamen</strong></span> <span class='ocrx_word' id='word_1_15' title='bbox 436 393 514 457; x_wconf 86' lang='lat' dir='ltr'><strong>ratio</strong></span> <span class='ocrx_word' id='word_1_16' title='bbox 536 391 575 456; x_wconf 90' lang='lat' dir='ltr'><strong>de</strong></span> <span class='ocrx_word' id='word_1_17' title='bbox 598 393 656 459; x_wconf 90' lang='lat' dir='ltr'><strong>isto</strong></span> <span class='ocrx_word' id='word_1_18' title='bbox 680 407 819 481; x_wconf 89' lang='lat' dir='ltr'><strong>tempore</strong></span> <span class='ocrx_word' id='word_1_19' title='bbox 852 394 975 460; x_wconf 74' lang='lat' dir='ltr'><strong>cuilibet</strong></span> <span class='ocrx_word' id='word_1_20' title='bbox 1008 393 1106 460; x_wconf 92' lang='lat' dir='ltr'><strong>motui</strong></span> 
     </span>
     <span class='ocr_line' id='line_1_4' title="bbox 186 480 1107 568; baseline -0.001 -21"><span class='ocrx_word' id='word_1_21' title='bbox 186 481 358 568; x_wconf 77' lang='lat' dir='ltr'><strong>particulari</strong></span> <span class='ocrx_word' id='word_1_22' title='bbox 383 481 498 566; x_wconf 89' lang='lat' dir='ltr'><strong>aliquid</strong></span> <span class='ocrx_word' id='word_1_23' title='bbox 534 480 711 561; x_wconf 74' lang='lat' dir='ltr'><strong>attribuere,</strong></span> <span class='ocrx_word' id='word_1_24' title='bbox 745 496 776 547; x_wconf 89' lang='lat' dir='ltr'><strong>et</strong></span> <span class='ocrx_word' id='word_1_25' title='bbox 808 483 964 567; x_wconf 77' lang='lat' dir='ltr'><strong>assignare</strong></span> <span class='ocrx_word' id='word_1_26' title='bbox 998 485 1029 550; x_wconf 91' lang='lat' dir='ltr'><strong>in</strong></span> <span class='ocrx_word' id='word_1_27' title='bbox 1068 502 1107 548; x_wconf 89' lang='lat' dir='ltr'><strong>eo</strong></span> 
     </span>
     <span class='ocr_line' id='line_1_5' title="bbox 186 568 1108 673; baseline 0 -38"><span class='ocrx_word' id='word_1_28' title='bbox 186 571 368 657; x_wconf 85' lang='lat' dir='ltr'><strong>principium</strong></span> <span class='ocrx_word' id='word_1_29' title='bbox 393 583 423 633; x_wconf 91' lang='lat' dir='ltr'><strong>et</strong></span> <span class='ocrx_word' id='word_1_30' title='bbox 446 568 539 634; x_wconf 88' lang='lat' dir='ltr'><strong>finem</strong></span> <span class='ocrx_word' id='word_1_31' title='bbox 565 589 619 655; x_wconf 86' lang='lat' dir='ltr'><strong>per</strong></span> <span class='ocrx_word' id='word_1_32' title='bbox 641 572 903 673; x_wconf 85' lang='lat' dir='ltr'><strong>comparationem</strong></span> <span class='ocrx_word' id='word_1_33' title='bbox 927 571 965 636; x_wconf 84' lang='lat' dir='ltr'><strong>ad</strong></span> <span class='ocrx_word' id='word_1_34' title='bbox 995 571 1108 658; x_wconf 90' lang='lat' dir='ltr'><strong>princi-</strong></span> 
     </span>
     <span class='ocr_line' id='line_1_6' title="bbox 187 659 1109 747; baseline 0 -24"><span class='ocrx_word' id='word_1_35' title='bbox 187 661 270 744; x_wconf 91' lang='lat' dir='ltr'><strong>pium</strong></span> <span class='ocrx_word' id='word_1_36' title='bbox 295 659 385 723; x_wconf 88' lang='lat' dir='ltr'><strong>etad</strong></span> <span class='ocrx_word' id='word_1_37' title='bbox 409 659 576 724; x_wconf 85' lang='lat' dir='ltr'><strong>terminum</strong></span> <span class='ocrx_word' id='word_1_38' title='bbox 611 659 739 747; x_wconf 89' lang='lat' dir='ltr'><strong>alicujus</strong></span> <span class='ocrx_word' id='word_1_39' title='bbox 774 673 876 725; x_wconf 89' lang='lat' dir='ltr'><strong>motus</strong></span> <span class='ocrx_word' id='word_1_40' title='bbox 907 660 1109 746; x_wconf 81' lang='lat' dir='ltr'><strong>particularis,</strong></span> 
     </span>
     <span class='ocr_line' id='line_1_7' title="bbox 186 747 1111 836; baseline 0 -24"><span class='ocrx_word' id='word_1_41' title='bbox 186 749 263 814; x_wconf 89' lang='lat' dir='ltr'><strong>siout</strong></span> <span class='ocrx_word' id='word_1_42' title='bbox 286 747 356 812; x_wconf 84' lang='lat' dir='ltr'><strong>lacit</strong></span> <span class='ocrx_word' id='word_1_43' title='bbox 378 747 430 832; x_wconf 86' lang='lat' dir='ltr'><strong>(l)</strong></span> <span class='ocrx_word' id='word_1_44' title='bbox 454 748 484 812; x_wconf 95' lang='lat' dir='ltr'><strong>in</strong></span> <span class='ocrx_word' id='word_1_45' title='bbox 508 747 569 824; x_wconf 92' lang='lat' dir='ltr'><strong>die,</strong></span> <span class='ocrx_word' id='word_1_46' title='bbox 596 769 667 816; x_wconf 89' lang='lat' dir='ltr'><strong>cum</strong></span> <span class='ocrx_word' id='word_1_47' title='bbox 691 750 798 836; x_wconf 90' lang='lat' dir='ltr'><strong>accipit</strong></span> <span class='ocrx_word' id='word_1_48' title='bbox 821 762 924 814; x_wconf 91' lang='lat' dir='ltr'><strong>ortum</strong></span> <span class='ocrx_word' id='word_1_49' title='bbox 959 763 987 813; x_wconf 90' lang='lat' dir='ltr'><strong>ct</strong></span> <span class='ocrx_word' id='word_1_50' title='bbox 1022 769 1111 814; x_wconf 92' lang='lat' dir='ltr'><strong>oeca-</strong></span> 
     </span>
     <span class='ocr_line' id='line_1_8' title="bbox 186 837 1111 925; baseline -0.002 -23"><span class='ocrx_word' id='word_1_51' title='bbox 186 858 254 902; x_wconf 89' lang='lat' dir='ltr'><strong>sum</strong></span> <span class='ocrx_word' id='word_1_52' title='bbox 279 837 352 903; x_wconf 88' lang='lat' dir='ltr'><strong>solis</strong></span> <span class='ocrx_word' id='word_1_53' title='bbox 375 850 533 922; x_wconf 85' lang='lat' dir='ltr'><strong>tamquam</strong></span> <span class='ocrx_word' id='word_1_54' title='bbox 556 838 741 925; x_wconf 91' lang='lat' dir='ltr'><strong>principium</strong></span> <span class='ocrx_word' id='word_1_55' title='bbox 769 851 800 904; x_wconf 89' lang='lat' dir='ltr'><strong>et</strong></span> <span class='ocrx_word' id='word_1_56' title='bbox 832 837 927 904; x_wconf 88' lang='lat' dir='ltr'><strong>linem</strong></span> <span class='ocrx_word' id='word_1_57' title='bbox 952 839 1111 925; x_wconf 84' lang='lat' dir='ltr'><strong>temporis.</strong></span> 
     </span>
    </p>
   </div>
   <div class='ocr_carea' id='block_1_2' title="bbox 520 973 775 1080">
    <p class='ocr_par' dir='ltr' id='par_1_3' title="bbox 520 973 775 1080">
     <span class='ocr_line' id='line_1_9' title="bbox 520 973 775 1080; baseline 0.008 -2"><span class='ocrx_word' id='word_1_58' title='bbox 520 973 691 1079; x_wconf 75' lang='lat' dir='ltr'><strong>error</strong></span> <span class='ocrx_word' id='word_1_59' title='bbox 726 1014 775 1080; x_wconf 95' lang='grc' dir='ltr'><strong>ιιι.</strong></span> 
     </span>
    </p>
   </div>
   <div class='ocr_carea' id='block_1_3' title="bbox 235 1137 1062 1224">
    <p class='ocr_par' dir='ltr' id='par_1_4' title="bbox 235 1137 1062 1224">
     <span class='ocr_line' id='line_1_10' title="bbox 235 1137 1062 1224; baseline -0.001 -21"><span class='ocrx_word' id='word_1_60' title='bbox 235 1137 328 1224; x_wconf 75' lang='lat' dir='ltr'><strong>Cujus</strong></span> <span class='ocrx_word' id='word_1_61' title='bbox 350 1138 391 1201; x_wconf 78' lang='lat' dir='ltr'><strong>rit</strong></span> <span class='ocrx_word' id='word_1_62' title='bbox 413 1158 558 1202; x_wconf 75' lang='lat' dir='ltr'><strong>mennon</strong></span> <span class='ocrx_word' id='word_1_63' title='bbox 580 1140 699 1203; x_wconf 72' lang='lat' dir='ltr'><strong>lustuns</strong></span> <span class='ocrx_word' id='word_1_64' title='bbox 722 1139 870 1224; x_wconf 79' lang='lat' dir='ltr'><strong>temporie</strong></span> <span class='ocrx_word' id='word_1_65' title='bbox 891 1150 923 1203; x_wconf 87' lang='lat' dir='ltr'><strong>et</strong></span> <span class='ocrx_word' id='word_1_66' title='bbox 941 1158 1062 1203; x_wconf 86' lang='lat' dir='ltr'><strong>nevum.</strong></span> 
     </span>
    </p>
   </div>
   <div class='ocr_carea' id='block_1_4' title="bbox 258 1276 1114 1363">
    <p class='ocr_par' dir='ltr' id='par_1_5' title="bbox 258 1276 1114 1363">
     <span class='ocr_line' id='line_1_11' title="bbox 258 1276 1114 1363; baseline -0.001 -20"><span class='ocrx_word' id='word_1_67' title='bbox 258 1279 309 1344; x_wconf 90' lang='lat' dir='ltr'><strong>llis</strong></span> <span class='ocrx_word' id='word_1_68' title='bbox 334 1293 436 1342; x_wconf 84' lang='lat' dir='ltr'><strong>autom</strong></span> <span class='ocrx_word' id='word_1_69' title='bbox 461 1290 507 1342; x_wconf 88' lang='lat' dir='ltr'><strong>est</strong></span> <span class='ocrx_word' id='word_1_70' title='bbox 529 1276 694 1342; x_wconf 78' lang='lat' dir='ltr'><strong>adversum</strong></span> <span class='ocrx_word' id='word_1_71' title='bbox 718 1277 801 1363; x_wconf 89' lang='lat' dir='ltr'><strong>quod</strong></span> <span class='ocrx_word' id='word_1_72' title='bbox 817 1277 890 1342; x_wconf 88' lang='lat' dir='ltr'><strong>dicit</strong></span> <span class='ocrx_word' id='word_1_73' title='bbox 906 1276 1114 1362; x_wconf 74' lang='lat' dir='ltr'><strong>Philosophus</strong></span> 
     </span>
    </p>
   </div>
   <div class='ocr_carea' id='block_1_5' title="bbox 79 1366 1115 1454">
    <p class='ocr_par' dir='ltr' id='par_1_6' title="bbox 79 1366 1115 1454">
     <span class='ocr_line' id='line_1_12' title="bbox 79 1366 1115 1454; baseline -0.005 -19"><span class='ocrx_word' id='word_1_74' title='bbox 79 1435 84 1444; x_wconf 76' lang='grc'><strong>,</strong></span> <span class='ocrx_word' id='word_1_75' title='bbox 190 1369 352 1454; x_wconf 77' lang='lat' dir='ltr'><strong>(Physic,</strong></span> <span class='ocrx_word' id='word_1_76' title='bbox 375 1366 438 1450; x_wconf 77' lang='lat' dir='ltr'><strong>l),</strong></span> <span class='ocrx_word' id='word_1_77' title='bbox 460 1366 565 1431; x_wconf 88' lang='lat' dir='ltr'><strong>dicens</strong></span> <span class='ocrx_word' id='word_1_78' title='bbox 589 1366 690 1450; x_wconf 86' lang='lat' dir='ltr'><strong>ipsum</strong></span> <span class='ocrx_word' id='word_1_79' title='bbox 713 1366 830 1432; x_wconf 86' lang='lat' dir='ltr'><strong>instans</strong></span> <span class='ocrx_word' id='word_1_80' title='bbox 851 1367 938 1454; x_wconf 86' lang='lat' dir='ltr'><strong>sequi</strong></span> <span class='ocrx_word' id='word_1_81' title='bbox 963 1386 1030 1430; x_wconf 88' lang='lat' dir='ltr'><strong>rem</strong></span> <span class='ocrx_word' id='word_1_82' title='bbox 1045 1387 1115 1430; x_wconf 90' lang='lat' dir='ltr'><strong>mo·</strong></span> 
     </span>
    </p>
   </div>
   <div class='ocr_carea' id='block_1_6' title="bbox 174 1454 1123 3497">
    <p class='ocr_par' dir='ltr' id='par_1_7' title="bbox 174 1454 1123 3497">
     <span class='ocr_line' id='line_1_13' title="bbox 192 1454 1115 1541; baseline -0.004 -19"><span class='ocrx_word' id='word_1_83' title='bbox 192 1477 253 1522; x_wconf 83' lang='lat' dir='ltr'><strong>tam</strong></span> <span class='ocrx_word' id='word_1_84' title='bbox 277 1457 353 1521; x_wconf 84' lang='lat' dir='ltr'><strong>sieut</strong></span> <span class='ocrx_word' id='word_1_85' title='bbox 377 1469 498 1541; x_wconf 89' lang='lat' dir='ltr'><strong>tempus</strong></span> <span class='ocrx_word' id='word_1_86' title='bbox 522 1455 660 1539; x_wconf 80' lang='lat' dir='ltr'><strong>sequitur</strong></span> <span class='ocrx_word' id='word_1_87' title='bbox 685 1469 816 1533; x_wconf 90' lang='lat' dir='ltr'><strong>motum,</strong></span> <span class='ocrx_word' id='word_1_88' title='bbox 844 1476 899 1541; x_wconf 86' lang='lat' dir='ltr'><strong>per</strong></span> <span class='ocrx_word' id='word_1_89' title='bbox 932 1455 991 1520; x_wconf 91' lang='lat' dir='ltr'><strong>hoc</strong></span> <span class='ocrx_word' id='word_1_90' title='bbox 1030 1454 1115 1540; x_wconf 89' lang='lat' dir='ltr'><strong>quod</strong></span> 
     </span>
     <span class='ocr_line' id='line_1_14' title="bbox 193 1543 1115 1631; baseline -0.007 -19"><span class='ocrx_word' id='word_1_91' title='bbox 193 1567 248 1612; x_wconf 89' lang='lat' dir='ltr'><strong>nos</strong></span> <span class='ocrx_word' id='word_1_92' title='bbox 272 1545 450 1610; x_wconf 79' lang='lat' dir='ltr'><strong>devenimus</strong></span> <span class='ocrx_word' id='word_1_93' title='bbox 474 1545 505 1609; x_wconf 90' lang='lat' dir='ltr'><strong>in</strong></span> <span class='ocrx_word' id='word_1_94' title='bbox 529 1543 668 1608; x_wconf 86' lang='lat' dir='ltr'><strong>notitiam</strong></span> <span class='ocrx_word' id='word_1_95' title='bbox 696 1543 806 1628; x_wconf 85' lang='lat' dir='ltr'><strong>prioris</strong></span> <span class='ocrx_word' id='word_1_96' title='bbox 828 1558 859 1608; x_wconf 91' lang='lat' dir='ltr'><strong>et</strong></span> <span class='ocrx_word' id='word_1_97' title='bbox 881 1544 1059 1631; x_wconf 85' lang='lat' dir='ltr'><strong>posterioris</strong></span> <span class='ocrx_word' id='word_1_98' title='bbox 1083 1544 1115 1608; x_wconf 94' lang='lat' dir='ltr'><strong>in</strong></span> 
     </span>
     <span class='ocr_line' id='line_1_15' title="bbox 193 1632 1114 1721; baseline -0.005 -20"><span class='ocrx_word' id='word_1_99' title='bbox 193 1647 278 1702; x_wconf 92' lang='lat' dir='ltr'><strong>motu</strong></span> <span class='ocrx_word' id='word_1_100' title='bbox 303 1655 358 1721; x_wconf 92' lang='lat' dir='ltr'><strong>per</strong></span> <span class='ocrx_word' id='word_1_101' title='bbox 381 1635 481 1720; x_wconf 88' lang='lat' dir='ltr'><strong>ipsum</strong></span> <span class='ocrx_word' id='word_1_102' title='bbox 505 1632 632 1707; x_wconf 84' lang='lat' dir='ltr'><strong>mobile3</strong></span> <span class='ocrx_word' id='word_1_103' title='bbox 656 1635 739 1716; x_wconf 89' lang='lat' dir='ltr'><strong>quia,</strong></span> <span class='ocrx_word' id='word_1_104' title='bbox 761 1654 832 1698; x_wconf 90' lang='lat' dir='ltr'><strong>cum</strong></span> <span class='ocrx_word' id='word_1_105' title='bbox 857 1633 957 1720; x_wconf 90' lang='lat' dir='ltr'><strong>ipsum</strong></span> <span class='ocrx_word' id='word_1_106' title='bbox 995 1632 1114 1696; x_wconf 79' lang='lat' dir='ltr'><strong>inveni·</strong></span> 
     </span>
     <span class='ocr_line' id='line_1_16' title="bbox 193 1721 1115 1810; baseline -0.007 -20"><span class='ocrx_word' id='word_1_107' title='bbox 193 1745 263 1790; x_wconf 88' lang='lat' dir='ltr'><strong>rnus</strong></span> <span class='ocrx_word' id='word_1_108' title='bbox 286 1725 317 1789; x_wconf 92' lang='lat' dir='ltr'><strong>in</strong></span> <span class='ocrx_word' id='word_1_109' title='bbox 341 1722 442 1808; x_wconf 84' lang='lat' dir='ltr'><strong>aliqua</strong></span> <span class='ocrx_word' id='word_1_110' title='bbox 467 1737 552 1810; x_wconf 88' lang='lat' dir='ltr'><strong>parte</strong></span> <span class='ocrx_word' id='word_1_111' title='bbox 575 1721 798 1808; x_wconf 78' lang='lat' dir='ltr'><strong>magnitudinis</strong></span> <span class='ocrx_word' id='word_1_112' title='bbox 821 1742 991 1807; x_wconf 79' lang='lat' dir='ltr'><strong>perquam</strong></span> <span class='ocrx_word' id='word_1_113' title='bbox 1009 1741 1115 1785; x_wconf 83' lang='lat' dir='ltr'><strong>more·</strong></span> 
     </span>
     <span class='ocr_line' id='line_1_17' title="bbox 193 1809 1116 1898; baseline -0.002 -22"><span class='ocrx_word' id='word_1_114' title='bbox 193 1828 253 1891; x_wconf 93' lang='lat' dir='ltr'><strong>tur,</strong></span> <span class='ocrx_word' id='word_1_115' title='bbox 275 1813 378 1878; x_wconf 88' lang='lat' dir='ltr'><strong>statim</strong></span> <span class='ocrx_word' id='word_1_116' title='bbox 403 1811 534 1876; x_wconf 87' lang='lat' dir='ltr'><strong>dicimus</strong></span> <span class='ocrx_word' id='word_1_117' title='bbox 559 1825 679 1878; x_wconf 93' lang='lat' dir='ltr'><strong>motum</strong></span> <span class='ocrx_word' id='word_1_118' title='bbox 702 1829 872 1898; x_wconf 84' lang='lat' dir='ltr'><strong>perquem</strong></span> <span class='ocrx_word' id='word_1_119' title='bbox 897 1809 969 1875; x_wconf 88' lang='lat' dir='ltr'><strong>illuc</strong></span> <span class='ocrx_word' id='word_1_120' title='bbox 991 1809 1116 1874; x_wconf 88' lang='lat' dir='ltr'><strong>advenit</strong></span> 
     </span>
     <span class='ocr_line' id='line_1_18' title="bbox 194 1899 1115 1988; baseline -0.005 -20"><span class='ocrx_word' id='word_1_121' title='bbox 194 1901 396 1988; x_wconf 87' lang='lat' dir='ltr'><strong>praeteriisse,</strong></span> <span class='ocrx_word' id='word_1_122' title='bbox 419 1915 449 1964; x_wconf 88' lang='lat' dir='ltr'><strong>et</strong></span> <span class='ocrx_word' id='word_1_123' title='bbox 473 1915 589 1966; x_wconf 92' lang='lat' dir='ltr'><strong>motum</strong></span> <span class='ocrx_word' id='word_1_124' title='bbox 614 1921 670 1988; x_wconf 86' lang='lat' dir='ltr'><strong>per</strong></span> <span class='ocrx_word' id='word_1_125' title='bbox 707 1920 800 1985; x_wconf 80' lang='lat' dir='ltr'><strong>quem</strong></span> <span class='ocrx_word' id='word_1_126' title='bbox 836 1899 908 1963; x_wconf 90' lang='lat' dir='ltr'><strong>inde</strong></span> <span class='ocrx_word' id='word_1_127' title='bbox 946 1899 984 1964; x_wconf 88' lang='lat' dir='ltr'><strong>ad</strong></span> <span class='ocrx_word' id='word_1_128' title='bbox 1023 1899 1115 1963; x_wconf 89' lang='lat' dir='ltr'><strong>aliam</strong></span> 
     </span>
     <span class='ocr_line' id='line_1_19' title="bbox 193 1988 1117 2078; baseline -0.002 -23"><span class='ocrx_word' id='word_1_129' title='bbox 193 2005 311 2078; x_wconf 87' lang='lat' dir='ltr'><strong>partem</strong></span> <span class='ocrx_word' id='word_1_130' title='bbox 336 1990 557 2075; x_wconf 77' lang='lat' dir='ltr'><strong>magnitudinis</strong></span> <span class='ocrx_word' id='word_1_131' title='bbox 581 1990 723 2055; x_wconf 84' lang='lat' dir='ltr'><strong>transibit</strong></span> <span class='ocrx_word' id='word_1_132' title='bbox 757 1988 895 2054; x_wconf 88' lang='lat' dir='ltr'><strong>laturum</strong></span> <span class='ocrx_word' id='word_1_133' title='bbox 919 2008 996 2068; x_wconf 89' lang='lat' dir='ltr'><strong>esse;</strong></span> <span class='ocrx_word' id='word_1_134' title='bbox 1020 1990 1117 2053; x_wconf 89' lang='lat' dir='ltr'><strong>etsie</strong></span> 
     </span>
     <span class='ocr_line' id='line_1_20' title="bbox 194 2078 1116 2166; baseline -0.003 -21"><span class='ocrx_word' id='word_1_135' title='bbox 194 2100 250 2165; x_wconf 88' lang='lat' dir='ltr'><strong>per</strong></span> <span class='ocrx_word' id='word_1_136' title='bbox 274 2078 388 2144; x_wconf 88' lang='lat' dir='ltr'><strong>mobile</strong></span> <span class='ocrx_word' id='word_1_137' title='bbox 411 2081 573 2145; x_wconf 87' lang='lat' dir='ltr'><strong>alteratum</strong></span> <span class='ocrx_word' id='word_1_138' title='bbox 589 2078 850 2166; x_wconf 85' lang='lat' dir='ltr'><strong>apprehendimus</strong></span> <span class='ocrx_word' id='word_1_139' title='bbox 865 2097 1031 2142; x_wconf 84' lang='lat' dir='ltr'><strong>numerum</strong></span> <span class='ocrx_word' id='word_1_140' title='bbox 1047 2097 1116 2142; x_wconf 92' lang='lat' dir='ltr'><strong>mo-</strong></span> 
     </span>
     <span class='ocr_line' id='line_1_21' title="bbox 195 2165 1118 2252; baseline 0 -20"><span class='ocrx_word' id='word_1_141' title='bbox 195 2184 252 2235; x_wconf 75' lang='lat' dir='ltr'><strong>tus</strong></span> <span class='ocrx_word' id='word_1_142' title='bbox 276 2168 421 2234; x_wconf 89' lang='lat' dir='ltr'><strong>Similiter</strong></span> <span class='ocrx_word' id='word_1_143' title='bbox 449 2183 494 2234; x_wconf 88' lang='lat' dir='ltr'><strong>est</strong></span> <span class='ocrx_word' id='word_1_144' title='bbox 518 2170 548 2234; x_wconf 89' lang='lat' dir='ltr'><strong>iu</strong></span> <span class='ocrx_word' id='word_1_145' title='bbox 572 2183 724 2252; x_wconf 91' lang='lat' dir='ltr'><strong>tempore,</strong></span> <span class='ocrx_word' id='word_1_146' title='bbox 747 2166 818 2251; x_wconf 90' lang='lat' dir='ltr'><strong>quia</strong></span> <span class='ocrx_word' id='word_1_147' title='bbox 841 2166 871 2231; x_wconf 93' lang='lat' dir='ltr'><strong>id</strong></span> <span class='ocrx_word' id='word_1_148' title='bbox 895 2166 978 2252; x_wconf 88' lang='lat' dir='ltr'><strong>quod</strong></span> <span class='ocrx_word' id='word_1_149' title='bbox 1008 2165 1118 2232; x_wconf 90' lang='lat' dir='ltr'><strong>distin·</strong></span> 
     </span>
     <span class='ocr_line' id='line_1_22' title="bbox 195 2254 1119 2344; baseline -0.003 -21"><span class='ocrx_word' id='word_1_150' title='bbox 195 2260 260 2342; x_wconf 80' lang='lat' dir='ltr'><strong>guit</strong></span> <span class='ocrx_word' id='word_1_151' title='bbox 284 2273 387 2344; x_wconf 82' lang='lat' dir='ltr'><strong>partes¹</strong></span> <span class='ocrx_word' id='word_1_152' title='bbox 408 2262 554 2343; x_wconf 89' lang='lat' dir='ltr'><strong>temporis</strong></span> <span class='ocrx_word' id='word_1_153' title='bbox 578 2258 768 2321; x_wconf 85' lang='lat' dir='ltr'><strong>abinvicem</strong></span> <span class='ocrx_word' id='word_1_154' title='bbox 791 2270 838 2320; x_wconf 88' lang='lat' dir='ltr'><strong>est</strong></span> <span class='ocrx_word' id='word_1_155' title='bbox 858 2275 948 2332; x_wconf 81' lang='lat' dir='ltr'><strong>atone,</strong></span> <span class='ocrx_word' id='word_1_156' title='bbox 971 2254 1053 2340; x_wconf 90' lang='lat' dir='ltr'><strong>quod</strong></span> <span class='ocrx_word' id='word_1_157' title='bbox 1071 2270 1119 2321; x_wconf 85' lang='lat' dir='ltr'><strong>est</strong></span> 
     </span>
     <span class='ocr_line' id='line_1_23' title="bbox 197 2343 1119 2433; baseline -0.003 -22"><span class='ocrx_word' id='word_1_158' title='bbox 197 2347 384 2433; x_wconf 86' lang='lat' dir='ltr'><strong>principium</strong></span> <span class='ocrx_word' id='word_1_159' title='bbox 408 2348 554 2432; x_wconf 85' lang='lat' dir='ltr'><strong>temporis</strong></span> <span class='ocrx_word' id='word_1_160' title='bbox 578 2346 670 2411; x_wconf 83' lang='lat' dir='ltr'><strong>unius</strong></span> <span class='ocrx_word' id='word_1_161' title='bbox 693 2358 723 2409; x_wconf 90' lang='lat' dir='ltr'><strong>et</strong></span> <span class='ocrx_word' id='word_1_162' title='bbox 746 2343 814 2409; x_wconf 83' lang='lat' dir='ltr'><strong>linis</strong></span> <span class='ocrx_word' id='word_1_163' title='bbox 844 2344 987 2425; x_wconf 66' lang='lat' dir='ltr'><strong>alterium¹</strong></span> <span class='ocrx_word' id='word_1_164' title='bbox 1002 2364 1077 2428; x_wconf 79' lang='lat' dir='ltr'><strong>ergo</strong></span> <span class='ocrx_word' id='word_1_165' title='bbox 1101 2366 1119 2408; x_wconf 90' lang='lat' dir='ltr'><strong>a</strong></span> 
     </span>
     <span class='ocr_line' id='line_1_24' title="bbox 196 2433 1120 2522; baseline -0.004 -21"><span class='ocrx_word' id='word_1_166' title='bbox 196 2450 382 2502; x_wconf 88' lang='lat' dir='ltr'><strong>commutata</strong></span> <span class='ocrx_word' id='word_1_167' title='bbox 407 2436 614 2522; x_wconf 83' lang='lat' dir='ltr'><strong>proportione,</strong></span> <span class='ocrx_word' id='word_1_168' title='bbox 639 2435 716 2499; x_wconf 87' lang='lat' dir='ltr'><strong>sicut</strong></span> <span class='ocrx_word' id='word_1_169' title='bbox 739 2452 772 2497; x_wconf 79' lang='lat' dir='ltr'><strong>se</strong></span> <span class='ocrx_word' id='word_1_170' title='bbox 796 2434 889 2498; x_wconf 90' lang='lat' dir='ltr'><strong>habet</strong></span> <span class='ocrx_word' id='word_1_171' title='bbox 923 2445 1044 2516; x_wconf 88' lang='lat' dir='ltr'><strong>tempus</strong></span> <span class='ocrx_word' id='word_1_172' title='bbox 1079 2433 1120 2497; x_wconf 92' lang='lat' dir='ltr'><strong>ad</strong></span> 
     </span>
     <span class='ocr_line' id='line_1_25' title="bbox 196 2520 1120 2608; baseline -0.005 -17"><span class='ocrx_word' id='word_1_173' title='bbox 196 2538 327 2601; x_wconf 87' lang='lat' dir='ltr'><strong>motum,</strong></span> <span class='ocrx_word' id='word_1_174' title='bbox 350 2526 388 2589; x_wconf 91' lang='lat' dir='ltr'><strong>ita</strong></span> <span class='ocrx_word' id='word_1_175' title='bbox 405 2546 438 2589; x_wconf 86' lang='lat' dir='ltr'><strong>se</strong></span> <span class='ocrx_word' id='word_1_176' title='bbox 462 2523 553 2588; x_wconf 89' lang='lat' dir='ltr'><strong>habet</strong></span> <span class='ocrx_word' id='word_1_177' title='bbox 576 2542 659 2588; x_wconf 91' lang='lat' dir='ltr'><strong>nune</strong></span> <span class='ocrx_word' id='word_1_178' title='bbox 682 2524 831 2608; x_wconf 87' lang='lat' dir='ltr'><strong>temporis</strong></span> <span class='ocrx_word' id='word_1_179' title='bbox 854 2521 893 2586; x_wconf 83' lang='lat' dir='ltr'><strong>ad</strong></span> <span class='ocrx_word' id='word_1_180' title='bbox 918 2520 1043 2599; x_wconf 81' lang='lat' dir='ltr'><strong>mobile3</strong></span> <span class='ocrx_word' id='word_1_181' title='bbox 1060 2543 1120 2588; x_wconf 90' lang='lat' dir='ltr'><strong>un-</strong></span> 
     </span>
     <span class='ocr_line' id='line_1_26' title="bbox 196 2611 1119 2699; baseline -0.002 -22"><span class='ocrx_word' id='word_1_182' title='bbox 196 2613 234 2677; x_wconf 87' lang='lat' dir='ltr'><strong>de</strong></span> <span class='ocrx_word' id='word_1_183' title='bbox 258 2612 379 2677; x_wconf 85' lang='lat' dir='ltr'><strong>ridetur</strong></span> <span class='ocrx_word' id='word_1_184' title='bbox 402 2612 627 2699; x_wconf 86' lang='lat' dir='ltr'><strong>Philosophum</strong></span> <span class='ocrx_word' id='word_1_185' title='bbox 652 2611 731 2677; x_wconf 84' lang='lat' dir='ltr'><strong>velle</strong></span> <span class='ocrx_word' id='word_1_186' title='bbox 754 2632 836 2677; x_wconf 87' lang='lat' dir='ltr'><strong>nunc</strong></span> <span class='ocrx_word' id='word_1_187' title='bbox 860 2612 1008 2696; x_wconf 87' lang='lat' dir='ltr'><strong>temporis</strong></span> <span class='ocrx_word' id='word_1_188' title='bbox 1031 2612 1119 2696; x_wconf 89' lang='lat' dir='ltr'><strong>sequi</strong></span> 
     </span>
     <span class='ocr_line' id='line_1_27' title="bbox 195 2700 1120 2788; baseline -0.001 -23"><span class='ocrx_word' id='word_1_189' title='bbox 195 2703 296 2788; x_wconf 86' lang='lat' dir='ltr'><strong>ipsum</strong></span> <span class='ocrx_word' id='word_1_190' title='bbox 327 2702 453 2775; x_wconf 89' lang='lat' dir='ltr'><strong>mobile,</strong></span> <span class='ocrx_word' id='word_1_191' title='bbox 476 2703 516 2766; x_wconf 90' lang='lat' dir='ltr'><strong>ita</strong></span> <span class='ocrx_word' id='word_1_192' title='bbox 541 2700 624 2785; x_wconf 88' lang='lat' dir='ltr'><strong>quod</strong></span> <span class='ocrx_word' id='word_1_193' title='bbox 664 2700 745 2765; x_wconf 86' lang='lat' dir='ltr'><strong>idem</strong></span> <span class='ocrx_word' id='word_1_194' title='bbox 784 2720 867 2765; x_wconf 90' lang='lat' dir='ltr'><strong>nunc</strong></span> <span class='ocrx_word' id='word_1_195' title='bbox 900 2700 938 2763; x_wconf 85' lang='lat' dir='ltr'><strong>sit</strong></span> <span class='ocrx_word' id='word_1_196' title='bbox 972 2720 1120 2764; x_wconf 89' lang='lat' dir='ltr'><strong>mensura</strong></span> 
     </span>
     <span class='ocr_line' id='line_1_28' title="bbox 174 2786 1120 2875; baseline -0.001 -22"><span class='ocrx_word' id='word_1_197' title='bbox 174 2790 320 2855; x_wconf 50' lang='lat' dir='ltr'><strong>&gt;mobilis</strong></span> <span class='ocrx_word' id='word_1_198' title='bbox 358 2804 389 2855; x_wconf 89' lang='lat' dir='ltr'><strong>et</strong></span> <span class='ocrx_word' id='word_1_199' title='bbox 427 2790 612 2855; x_wconf 85' lang='lat' dir='ltr'><strong>continuans</strong></span> <span class='ocrx_word' id='word_1_200' title='bbox 647 2802 748 2875; x_wconf 89' lang='lat' dir='ltr'><strong>partes</strong></span> <span class='ocrx_word' id='word_1_201' title='bbox 788 2788 935 2875; x_wconf 82' lang='lat' dir='ltr'><strong>temporis</strong></span> <span class='ocrx_word' id='word_1_202' title='bbox 973 2786 1120 2872; x_wconf 79' lang='lat' dir='ltr'><strong>adjuncti.</strong></span> 
     </span>
     <span class='ocr_line' id='line_1_29' title="bbox 199 2878 1123 2963; baseline -0.001 -20"><span class='ocrx_word' id='word_1_203' title='bbox 199 2878 282 2943; x_wconf 91' lang='lat' dir='ltr'><strong>ldem</strong></span> <span class='ocrx_word' id='word_1_204' title='bbox 307 2878 399 2943; x_wconf 86' lang='lat' dir='ltr'><strong>etiam</strong></span> <span class='ocrx_word' id='word_1_205' title='bbox 426 2900 506 2944; x_wconf 82' lang='lat' dir='ltr'><strong>riunc</strong></span> <span class='ocrx_word' id='word_1_206' title='bbox 538 2878 610 2942; x_wconf 86' lang='lat' dir='ltr'><strong>dicit</strong></span> <span class='ocrx_word' id='word_1_207' title='bbox 648 2878 748 2963; x_wconf 89' lang='lat' dir='ltr'><strong>primo</strong></span> <span class='ocrx_word' id='word_1_208' title='bbox 783 2896 963 2942; x_wconf 86' lang='lat' dir='ltr'><strong>mensurare</strong></span> <span class='ocrx_word' id='word_1_209' title='bbox 998 2889 1123 2963; x_wconf 83' lang='lat' dir='ltr'><strong>tempus</strong></span> 
     </span>
     <span class='ocr_line' id='line_1_30' title="bbox 196 2964 1121 3058; baseline -0.003 -25"><span class='ocrx_word' id='word_1_210' title='bbox 196 2968 308 3053; x_wconf 88' lang='lat' dir='ltr'><strong>ipsum,</strong></span> <span class='ocrx_word' id='word_1_211' title='bbox 333 2968 404 3052; x_wconf 89' lang='lat' dir='ltr'><strong>quia</strong></span> <span class='ocrx_word' id='word_1_212' title='bbox 427 2965 671 3058; x_wconf 87' lang='lat' dir='ltr'><strong>unumquodque</strong></span> <span class='ocrx_word' id='word_1_213' title='bbox 694 2978 890 3031; x_wconf 83' lang='lat' dir='ltr'><strong>mensuratur</strong></span> <span class='ocrx_word' id='word_1_214' title='bbox 913 2986 969 3051; x_wconf 87' lang='lat' dir='ltr'><strong>per</strong></span> <span class='ocrx_word' id='word_1_215' title='bbox 992 2964 1023 3028; x_wconf 95' lang='lat' dir='ltr'><strong>id</strong></span> <span class='ocrx_word' id='word_1_216' title='bbox 1035 2965 1121 3050; x_wconf 90' lang='lat' dir='ltr'><strong>quod</strong></span> 
     </span>
     <span class='ocr_line' id='line_1_31' title="bbox 198 3054 1121 3139; baseline 0 -21"><span class='ocrx_word' id='word_1_217' title='bbox 198 3072 244 3121; x_wconf 81' lang='lat' dir='ltr'><strong>est</strong></span> <span class='ocrx_word' id='word_1_218' title='bbox 268 3056 370 3121; x_wconf 92' lang='lat' dir='ltr'><strong>notius</strong></span> <span class='ocrx_word' id='word_1_219' title='bbox 394 3056 425 3118; x_wconf 88' lang='lat' dir='ltr'><strong>in</strong></span> <span class='ocrx_word' id='word_1_220' title='bbox 448 3077 504 3121; x_wconf 88' lang='lat' dir='ltr'><strong>suo</strong></span> <span class='ocrx_word' id='word_1_221' title='bbox 539 3074 663 3139; x_wconf 81' lang='lat' dir='ltr'><strong>genere3</strong></span> <span class='ocrx_word' id='word_1_222' title='bbox 701 3055 783 3119; x_wconf 91' lang='lat' dir='ltr'><strong>unde</strong></span> <span class='ocrx_word' id='word_1_223' title='bbox 821 3054 894 3119; x_wconf 93' lang='lat' dir='ltr'><strong>illud</strong></span> <span class='ocrx_word' id='word_1_224' title='bbox 930 3054 969 3118; x_wconf 91' lang='lat' dir='ltr'><strong>de</strong></span> <span class='ocrx_word' id='word_1_225' title='bbox 1006 3073 1121 3137; x_wconf 75' lang='lat' dir='ltr'><strong>genere</strong></span> 
     </span>
     <span class='ocr_line' id='line_1_32' title="bbox 198 3142 1120 3231; baseline -0.003 -21"><span class='ocrx_word' id='word_1_226' title='bbox 198 3146 345 3231; x_wconf 86' lang='lat' dir='ltr'><strong>temporis</strong></span> <span class='ocrx_word' id='word_1_227' title='bbox 369 3158 425 3221; x_wconf 73' lang='lat' dir='ltr'><strong>esc</strong></span> <span class='ocrx_word' id='word_1_228' title='bbox 463 3144 501 3209; x_wconf 89' lang='lat' dir='ltr'><strong>de</strong></span> <span class='ocrx_word' id='word_1_229' title='bbox 532 3142 644 3207; x_wconf 87' lang='lat' dir='ltr'><strong>eodem</strong></span> <span class='ocrx_word' id='word_1_230' title='bbox 677 3162 759 3208; x_wconf 90' lang='lat' dir='ltr'><strong>nuno</strong></span> <span class='ocrx_word' id='word_1_231' title='bbox 796 3142 991 3229; x_wconf 79' lang='lat' dir='ltr'><strong>subjungitur</strong></span> <span class='ocrx_word' id='word_1_232' title='bbox 1026 3142 1120 3207; x_wconf 84' lang='lat' dir='ltr'><strong>etiam</strong></span> 
     </span>
     <span class='ocr_line' id='line_1_33' title="bbox 198 3231 1123 3319; baseline -0.005 -20"><span class='ocrx_word' id='word_1_233' title='bbox 198 3234 281 3319; x_wconf 84' lang='lat' dir='ltr'><strong>quod</strong></span> <span class='ocrx_word' id='word_1_234' title='bbox 305 3232 380 3297; x_wconf 89' lang='lat' dir='ltr'><strong>nihil</strong></span> <span class='ocrx_word' id='word_1_235' title='bbox 406 3232 552 3319; x_wconf 89' lang='lat' dir='ltr'><strong>temporis</strong></span> <span class='ocrx_word' id='word_1_236' title='bbox 575 3245 632 3306; x_wconf 89' lang='lat' dir='ltr'><strong>est,</strong></span> <span class='ocrx_word' id='word_1_237' title='bbox 655 3232 712 3297; x_wconf 90' lang='lat' dir='ltr'><strong>uisi</strong></span> <span class='ocrx_word' id='word_1_238' title='bbox 745 3232 846 3317; x_wconf 90' lang='lat' dir='ltr'><strong>ipsum</strong></span> <span class='ocrx_word' id='word_1_239' title='bbox 879 3231 994 3297; x_wconf 86' lang='lat' dir='ltr'><strong>seilicet</strong></span> <span class='ocrx_word' id='word_1_240' title='bbox 1027 3250 1123 3307; x_wconf 86' lang='lat' dir='ltr'><strong>nuue;</strong></span> 
     </span>
     <span class='ocr_line' id='line_1_34' title="bbox 198 3318 1121 3408; baseline -0.004 -21"><span class='ocrx_word' id='word_1_241' title='bbox 198 3343 234 3387; x_wconf 80' lang='lat' dir='ltr'><strong>er</strong></span> <span class='ocrx_word' id='word_1_242' title='bbox 259 3322 371 3407; x_wconf 88' lang='lat' dir='ltr'><strong>quibus</strong></span> <span class='ocrx_word' id='word_1_243' title='bbox 396 3336 477 3408; x_wconf 83' lang='lat' dir='ltr'><strong>patet</strong></span> <span class='ocrx_word' id='word_1_244' title='bbox 499 3320 582 3406; x_wconf 90' lang='lat' dir='ltr'><strong>quod</strong></span> <span class='ocrx_word' id='word_1_245' title='bbox 607 3322 723 3387; x_wconf 86' lang='lat' dir='ltr'><strong>instans</strong></span> <span class='ocrx_word' id='word_1_246' title='bbox 744 3321 828 3407; x_wconf 90' lang='lat' dir='ltr'><strong>quod</strong></span> <span class='ocrx_word' id='word_1_247' title='bbox 852 3320 991 3405; x_wconf 84' lang='lat' dir='ltr'><strong>seqnitur</strong></span> <span class='ocrx_word' id='word_1_248' title='bbox 1005 3318 1121 3384; x_wconf 88' lang='lat' dir='ltr'><strong>mobile</strong></span> 
     </span>
     <span class='ocr_line' id='line_1_35' title="bbox 198 3407 1120 3497; baseline -0.003 -22"><span class='ocrx_word' id='word_1_249' title='bbox 198 3414 236 3475; x_wconf 90' lang='lat' dir='ltr'><strong>sit</strong></span> <span class='ocrx_word' id='word_1_250' title='bbox 252 3410 291 3473; x_wconf 87' lang='lat' dir='ltr'><strong>de</strong></span> <span class='ocrx_word' id='word_1_251' title='bbox 302 3411 470 3474; x_wconf 80' lang='lat' dir='ltr'><strong>substantia</strong></span> <span class='ocrx_word' id='word_1_252' title='bbox 485 3412 644 3495; x_wconf 76' lang='lat' dir='ltr'><strong>temporis,</strong></span> <span class='ocrx_word' id='word_1_253' title='bbox 661 3409 748 3495; x_wconf 85' lang='lat' dir='ltr'><strong>cujus</strong></span> <span class='ocrx_word' id='word_1_254' title='bbox 760 3408 936 3497; x_wconf 88' lang='lat' dir='ltr'><strong>oppositum</strong></span> <span class='ocrx_word' id='word_1_255' title='bbox 950 3407 1120 3474; x_wconf 77' lang='lat' dir='ltr'><strong>dicebatur.</strong></span> 
     </span>
    </p>
   </div>
   <div class='ocr_carea' id='block_1_7' title="bbox 233 3515 576 3588">
    <p class='ocr_par' dir='ltr' id='par_1_8' title="bbox 233 3515 576 3588">
     <span class='ocr_line' id='line_1_36' title="bbox 233 3515 576 3588; baseline -0.006 -20"><span class='ocrx_word' id='word_1_256' title='bbox 233 3516 272 3584; x_wconf 83' lang='lat' dir='ltr'><strong>(l)</strong></span> <span class='ocrx_word' id='word_1_257' title='bbox 290 3515 373 3588; x_wconf 82' lang='lat' dir='ltr'><strong>Facit,</strong></span> <span class='ocrx_word' id='word_1_258' title='bbox 390 3516 482 3586; x_wconf 89' lang='lat' dir='ltr'><strong>supple</strong></span> <span class='ocrx_word' id='word_1_259' title='bbox 499 3516 576 3569; x_wconf 80' lang='lat' dir='ltr'><strong>rollo.</strong></span> 
     </span>
    </p>
   </div>
   <div class='ocr_carea' id='block_1_8' title="bbox 0 0 1258 3975">
    <p class='ocr_par' dir='ltr' id='par_1_9' title="bbox 0 0 1258 3975">
     <span class='ocr_line' id='line_1_37' title="bbox 0 0 1258 3975; baseline 0 0"><span class='ocrx_word' id='word_1_260' title='bbox 0 0 1258 3975; x_wconf 95' lang='lat' dir='ltr'><strong> </strong></span> 
     </span>
    </p>
   </div>
  </div>
 </body>
</html>
