2484 3975
225 233 288 302 158
556 249 612 292 uia.
638 247 676 292 iv.
700 244 765 292 oar.
788 244 875 290 xxxv.

220 340 270 388 tur
293 334 396 386 tamen
420 316 571 404 quaedam
596 318 676 381 cirea
693 313 784 399 hujus
808 313 940 379 veritatis
964 315 1149 383 considera·

221 414 338 477 tionem
361 407 533 474 difficultas,
557 405 704 470 Naturam
726 403 809 468 enim
846 403 981 467 divinam
1017 426 1150 471 necesse

218 516 267 566 est
290 513 324 565 ut
345 519 399 564 sua
425 494 624 582 personalitas
640 506 855 577 consequatur.
868 491 1015 557 Similiter
1037 511 1149 562 autem

220 591 342 655 ridetur
364 600 395 652 et
417 585 456 648 de
481 587 614 649 humana
640 595 759 658 natura;
775 601 846 644 riam
864 600 956 644 omne
969 583 1151 666 quodsub-

219 679 298 748 aistit
321 678 351 742 in
376 673 573 738 intellectuali
597 671 645 735 vel
670 669 809 734 rationali
845 681 953 734 natura
977 671 1072 736 habet
1096 694 1150 737 ra·
1215 696 1216 723 1

220 769 335 833 tionem
360 783 520 852 personae.
546 759 632 825 Unde
656 777 717 823 nou
752 758 873 823 uidetur
906 779 974 822 esse
997 761 1151 845 possibile

219 855 304 943 quod
327 855 365 920 sit
387 872 448 918 uua
473 869 602 937 persona
627 862 657 913 et
679 848 741 912 sint
771 846 851 911 duae
889 860 1017 913 naturae
1039 849 1150 917 diviua

219 961 250 1010 et
273 946 418 1009 humana.

288 1031 333 1096 Ad
357 1029 448 1113 hujus
472 1039 576 1092 autem
599 1023 787 1090 difficultatis
810 1024 994 1092 solutionem
1027 1026 1150 1093 diversi

221 1121 359 1186 diversas
394 1117 560 1204 positiones
594 1113 770 1178 attuleruut.
806 1115 957 1200 Eutyches
992 1119 1088 1195 euim,
1115 1131 1152 1182 ut

223 1211 370 1274 unitatem
395 1224 546 1290 personae
584 1215 690 1268 contra
728 1202 902 1268 Nestorium
936 1218 1076 1270 servaret
1116 1207 1151 1270 iu

221 1299 352 1375 Christo,
373 1295 445 1359 dicit
467 1293 497 1357 in
522 1292 642 1357 Christo
664 1311 732 1355 esse
756 1293 847 1356 etiam
873 1314 966 1357 unam
990 1306 1149 1372 naturam,
1216 1358 1217 1363 ,

222 1388 261 1451 ita
285 1385 379 1473 quod.
403 1382 542 1469 quamuis
565 1395 636 1446 aute
660 1380 807 1445 unionem
839 1396 941 1446 esseut
976 1381 1057 1446 duae
1092 1404 1150 1448 na·

223 1492 310 1540 turae
334 1474 503 1549 distinctae,
515 1471 617 1534 divina
631 1483 661 1532 et
684 1469 842 1548 humana,
855 1473 885 1533 iu
910 1470 1024 1535 unione
1037 1486 1149 1536 tamen

222 1568 362 1630 coierunt
385 1562 415 1624 iu
441 1580 532 1624 uuam
558 1573 710 1632 naturam;
737 1561 833 1624 etsie
871 1559 992 1623 dicebat
1030 1558 1149 1624 Christi

225 1673 388 1740 personam
412 1669 449 1715 eit
473 1648 591 1712 duabus
616 1649 731 1710 naturis
754 1668 832 1726 esse,
870 1668 933 1712 nou
970 1662 1076 1712 autem
1115 1650 1158 1714 iu*

223 1742 346 1806 duabus
369 1737 486 1803 naturis
509 1735 686 1812 subsistere,
710 1737 939 1822 propterquod
970 1738 1001 1801 iu
1023 1737 1150 1803 chalce·

225 1830 353 1896 dunensi
376 1826 500 1912 Synodo
524 1837 570 1888 est
592 1823 825 1890 condemnatus.

290 1917 386 2002 Hujus
409 1930 511 1980 autem
537 1913 695 2000 positionis
712 1911 825 1978 falsitas
841 1934 878 1978 ex
892 1913 993 1978 multis
1005 1930 1149 2001 apparet.
1217 1946 1218 1967 r

293 2005 458 2073 Ostensum
481 2004 565 2073 enim
589 2016 635 2065 est
656 2023 748 2087 supra
771 2002 855 2089 quod
879 2004 909 2068 in
932 2002 1053 2069 Christo
1074 2005 1152 2071 lesu

226 2110 257 2161 et
292 2116 403 2180 corpus
437 2092 494 2157 luit
529 2105 560 2155 et
594 2092 697 2156 anima
732 2093 886 2156 rationalis
919 2108 949 2156 et
983 2092 1151 2159 diviuitas.

227 2187 262 2251 lit
300 2181 494 2249 manifestum
520 2192 577 2243 est
615 2179 699 2265 quod
736 2199 848 2267 corpus
886 2180 1018 2260 Christi,
1053 2183 1152 2248 etiam

228 2291 295 2361 post
319 2272 478 2346 unionem,
497 2289 561 2332 uon
596 2266 651 2332 luit
675 2269 738 2353 ipsa
766 2268 855 2333 Verbi
885 2269 1036 2335 diviuitas:
1075 2291 1152 2335 uam

226 2383 338 2450 corpus
361 2360 481 2430 Christi,
503 2358 594 2421 etiam
620 2372 688 2442 post
726 2358 882 2435 unionem,
919 2361 1062 2444 passibile
1093 2358 1152 2425 luit

227 2468 257 2516 et
280 2450 434 2535 corporeis
458 2446 554 2513 oculis
578 2446 697 2510 visibile
719 2461 749 2510 et
773 2447 963 2513 lineamentis
988 2449 1150 2514 membro·

227 2562 295 2605 rum
320 2538 506 2613 distinctum;
529 2554 607 2621 quae
631 2535 735 2599 omnia
758 2534 939 2601 alienasunt
956 2557 973 2601 a
989 2538 1151 2603 divinitate

226 2628 329 2707 Verbi,
352 2640 385 2691 ut
408 2646 444 2691 eu
478 2624 686 2710 superioribus
708 2622 764 2710 (Ι.Δ
787 2626 816 2702 1,
838 2646 864 2688 c.
888 2624 961 2710 20)
985 2640 1076 2714 patet.
1099 2625 1150 2691 Si-

226 2716 338 2783 militer
360 2717 451 2779 etiam
478 2714 579 2777 anima
592 2711 714 2789 Christi,
728 2727 795 2797 post
808 2715 965 2791 unionem,
989 2716 1071 2783 aliud
1089 2714 1159 2781 luit·

226 2827 243 2871 a
269 2805 426 2870 divinitate
449 2802 551 2878 Verbi,
579 2802 650 2885 quia
688 2801 791 2865 anima
815 2801 937 2881 Christi,
962 2806 1055 2870 etiarn
1079 2818 1151 2890 post

226 2896 383 2972 unionem,
407 2891 599 2979 passionibus
628 2889 766 2960 tristitiae
800 2904 831 2955 et
869 2892 983 2957 doloris
1018 2908 1049 2959 ct
1082 2895 1149 2958 irae

225 2982 332 3049 allecta
355 2981 420 3058 lnit;
445 3000 522 3066 quae
546 2979 638 3042 etiam
662 2976 808 3043 divinitati
833 2979 924 3047 Verbi
948 2981 1032 3047 nullo
1052 2981 1149 3046 modo

225 3072 391 3139 convenire
415 3080 552 3156 possunt,
576 3080 608 3130 ut
631 3086 668 3132 ex
700 3068 875 3154 praemissis
908 3083 1000 3156 patet.
1036 3071 1148 3135 dirime

226 3175 330 3226 autern
354 3160 488 3224 humana
512 3169 542 3221 et
565 3176 677 3241 corpus
700 3157 888 3222 constituunt
908 3161 1076 3223 humanam
1093 3178 1149 3222 na·

225 3266 337 3316 turam.
360 3248 411 3312 Sic
433 3246 534 3331 igitur,
558 3245 650 3327 etiam
674 3260 742 3329 post
765 3246 911 3313 unionem
931 3249 1065 3311 humana
1090 3265 1149 3310 ua-

226 3352 292 3405 tura
316 3340 348 3402 iu
371 3335 492 3401 Christo
516 3333 571 3399 luit
595 3333 677 3397 aliud
707 3355 724 3399 a
759 3335 915 3399 divinitate
939 3335 1043 3413 Verbi,
1065 3355 1149 3422 quac

226 3438 273 3491 est
296 3440 403 3491 natura
427 3423 537 3488 divina.
561 3416 742 3506 Sunttgttur
763 3427 794 3488 in
807 3424 937 3502 Christo,
960 3426 1053 3491 etiam
1076 3439 1150 3512 post

227 3516 385 3593 unionem,
408 3511 489 3578 duae
513 3521 650 3575 naturae.
