2484 3975
401 239 456 285 tta.
480 240 518 285 rr.
542 239 606 287 ιιι.
630 239 688 284 ιιι.
960 219 1002 286 77

85 306 195 375 eodem
218 305 312 374 modo
335 328 369 373 se
407 309 510 389 babet,
549 322 699 396 quantum
737 308 768 375 in
807 328 841 374 se
880 322 936 388 est,
973 322 1004 376 et

83 396 206 484 quondo
230 396 408 481 intelligitur
430 410 460 462 et
484 397 611 484 quando
651 417 713 462 non
751 396 939 481 intelligitur,
975 412 1006 464 et

84 485 155 551 ideo
178 486 287 551 relatio
310 486 342 549 in
365 486 479 551 sciente
504 485 631 551 realiter
653 499 709 563 est,
731 486 762 551 in
786 485 883 551 scibili
900 500 1004 552 sutem

85 575 258 641 secundum
282 574 471 639 intellectum
497 586 629 652 tantum3
656 574 768 640 dicitnr
802 575 886 639 enim
921 576 1005 660 quod

88 662 269 748 intelligitur
290 662 400 728 scibile
424 661 461 727 ad
487 663 645 729 scientiam
669 663 804 741 relative,
820 684 907 728 exeo
922 662 1006 749 quod

86 754 212 817 scientia
237 750 369 816 reiertur
393 750 568 839 adipsum
594 751 701 817 Simile
723 771 846 855 quoque
880 764 1007 838 apparet

88 839 119 905 in
143 839 251 905 dextro
274 852 305 903 et
326 838 459 918 sinistro;
483 841 512 904 in
538 840 723 907 animalibus
745 843 828 905 enirn
851 855 923 905 sunt
944 840 1006 904 dis·

90 929 201 993 tinctae
223 928 347 993 virtutes
370 948 406 993 ex
429 929 541 1013 quibus
564 929 674 995 relatio
695 929 793 995 dextri
824 942 855 994 et
891 928 1005 994 sinistri

86 1017 254 1101 consurgit:
278 1016 507 1120 propterquod
531 1017 596 1083 talis
620 1018 728 1084 relano
739 1036 811 1083 rere
825 1029 857 1082 et
883 1016 1008 1083 realiter

87 1104 120 1170 in
145 1104 268 1169 animali
291 1104 436 1185 consistit3
461 1106 554 1186 unde,
585 1107 850 1193 qualitercumque
874 1118 1008 1170 vertatur

87 1192 213 1268 animal,
236 1213 359 1281 semper
382 1195 488 1260 relatio
525 1195 636 1261 eodem
660 1195 755 1260 modo
788 1207 903 1273 manet,
926 1213 1007 1259 nun·

87 1302 181 1383 quarn
205 1284 288 1347 enirn
312 1302 381 1369 pars
415 1284 520 1349 dextra
544 1284 664 1350 sinistre
688 1284 815 1349 dicetur
850 1283 910 1347 Res
933 1302 1008 1367 sero

87 1370 286 1447 inanimatae
308 1392 387 1457 qnae
414 1373 577 1459 praedictis
612 1372 773 1437 virtutibus
805 1385 1007 1450 carentano
1095 1375 1097 1379 ’

87 1458 232 1525 habent
225 1481 255 1524 ιο
272 1480 305 1525 se
329 1460 504 1545 hujusmodi
528 1460 708 1526 relationem
730 1460 853 1526 realiter
875 1461 1007 1526 existen·

86 1560 161 1627 tem,
175 1548 229 1614 sed
246 1550 443 1614 nominantur
465 1550 635 1631 seeundum
648 1550 830 1615 relationem
844 1549 940 1614 dextri
952 1562 1008 1613 aut

86 1637 199 1704 sinistri
222 1655 259 1702 ex
282 1638 414 1721 eoquod
427 1638 570 1702 animalia
593 1638 696 1724 aliquo
719 1638 813 1702 modo
835 1659 869 1703 se
893 1638 1008 1703 babent
1067 1690 1077 1697 ,

88 1726 128 1791 ad
151 1727 263 1813 ipsum3
287 1724 369 1791 unde
391 1726 500 1791 eadem
524 1727 668 1792 columna
691 1746 775 1791 nunc
796 1725 902 1791 dextra
926 1746 1010 1791 nunc

87 1814 211 1879 sinistra
235 1814 355 1893 dicitur,
389 1814 559 1880 seeundum
583 1815 667 1901 quod
690 1813 804 1880 animal
827 1836 863 1881 ex
886 1814 1008 1885 diuerso

87 1903 149 1967 sim
172 1904 200 1967 ei
224 1917 428 1989 eomparatur.
464 1904 580 1969 Relatio
603 1918 706 1969 antem
731 1903 820 1971 Verbi
846 1904 883 1968 ad
907 1903 1008 1968 Deum

87 1991 258 2069 dicentem,
278 1991 366 2076 eujus
388 2006 433 2057 est
455 1993 633 2071 Verbum,
625 2014 656 2058 ιο
680 1993 746 2059 Deo
762 1993 1009 2079 poniturerboo

87 2080 172 2180 quod
196 2079 280 2148 Deus
302 2083 436 2168 seipsum
461 2081 611 2167 intelligis
638 2102 717 2168 qnae
731 2083 856 2167 quidem
870 2083 1008 2169 operatio

87 2169 121 2232 in
145 2168 210 2234 Deo
245 2183 301 2248 est,
330 2169 376 2235 vel
416 2170 513 2254 magis
536 2186 581 2236 est
620 2170 684 2256 ipse
717 2171 814 2250 Deus,
852 2185 886 2236 ut
915 2190 1009 2257 supra

88 2270 246 2322 ostensum
269 2271 324 2327 est
350 2258 541 2345 Relinquitur
579 2259 671 2342 igitur
692 2260 864 2346 praedictas
888 2259 1009 2325 relatio·

87 2365 145 2410 nes
169 2347 198 2410 in
222 2346 287 2412 Deo
310 2367 378 2412 esse
401 2367 472 2412 uere
495 2360 525 2412 et
549 2347 683 2427 realiter,
705 2361 737 2412 ct
758 2368 821 2414 non
844 2348 945 2414 solutu
960 2368 1011 2413 se·

88 2433 226 2500 cundum
249 2435 436 2502 intellectum
459 2450 607 2501 nostrum.

158 2522 303 2604 Quamvis
330 2539 432 2590 autem
467 2525 497 2588 in
521 2523 588 2589 Deo
626 2537 759 2625 ponatur
787 2542 855 2589 esse
890 2522 1027 2598 relatio‚'

89 2631 154 2678 non
179 2628 281 2678 tamen
304 2614 442 2699 sequitur
463 2611 577 2698 quod
570 2633 601 2676 ιιι
625 2611 691 2676 Deo
706 2612 745 2676 sit
759 2612 874 2698 aliquid
891 2611 1010 2677 babens

90 2721 159 2768 esse
182 2701 404 2789 dependens'
394 2722 427 2766 ιιι
455 2702 543 2767 nobis
578 2698 661 2766 enim
695 2700 861 2766 relationes
894 2701 1010 2765 babent

90 2810 159 2857 esse
186 2790 386 2877 dependens,
423 2789 495 2876 quia
519 2809 627 2855 earum
665 2809 733 2855 esse
769 2802 815 2855 est
848 2786 932 2854 aliud
970 2788 1010 2855 ab

90 2893 159 2946 esse
182 2879 380 2958 substantiae,
414 2878 497 2944 unde
531 2877 646 2944 babent
675 2879 843 2981 proprium
880 2876 1009 2943 modum

90 2968 213 3034 essendi
236 2969 408 3034 secundum
438 2969 593 3055 propriam
626 2968 789 3046 rationem,
810 2968 887 3032 sicut
924 2966 1009 3031 etin

90 3057 159 3123 aliis
181 3057 389 3124 accidentibus
412 3056 571 3141 contingit:
595 3055 673 3141 quia
696 3057 779 3120 enim
802 3057 906 3122 omnia
930 3056 1010 3119 acci·

91 3147 197 3213 deatia
219 3159 289 3211 sunt
312 3144 429 3210 lormae
452 3145 604 3231 quaedam
627 3145 815 3211 substantiae
830 3143 1010 3230 superaddi·

91 3253 142 3301 tae
172 3249 201 3299 et
240 3255 258 3300 a
290 3233 447 3335 principiis
481 3231 670 3298 substantiae
703 3249 856 3311 crueatae,
890 3246 1011 3318 oportet

91 3322 176 3412 quod
199 3343 307 3388 eorum
331 3341 398 3387 csse
420 3323 458 3386 sit
480 3321 711 3408 superadditum
733 3342 826 3409 supra
850 3341 917 3386 esse
939 3321 1011 3386 sub·

91 3413 220 3480 stantiae
242 3424 272 3476 et
295 3411 371 3476 ab
365 3431 431 3498 ipso
468 3410 658 3512 dependens
681 3423 713 3476 ct
746 3424 830 3476 tanto
865 3410 1009 3477 uniuscu-

90 3503 202 3590 jusque
223 3519 332 3568 eorum
355 3519 422 3567 esse
445 3511 490 3566 est
518 3498 602 3588 prius
626 3498 675 3567 tel
708 3501 859 3588 posterius
892 3513 1008 3588 quento
