2484 3975
425 220 480 265 ttn.
506 221 543 264 ru.
569 220 633 263 cnr.
655 220 721 265 xcv.
966 200 1031 265 tls

103 285 172 372 quia
196 286 277 354 bona
301 309 515 375 quaecumque
539 288 649 375 uliquis
684 289 749 353 vult
771 288 803 352 in
841 287 950 353 ordine
988 290 1028 355 ad

103 373 218 440 bonum
243 376 337 443 tinem
361 377 443 454 bene
467 376 539 455 vult,
563 378 645 443 male
673 390 776 442 autem
812 393 1034 463 quaecumque

104 462 133 528 in
157 463 266 530 ordine
288 467 327 532 ud
344 468 459 531 malum
484 465 587 531 linem.
612 466 680 531 Non
703 479 749 531 est
772 464 865 550 igitur
888 465 1029 531 voluntas

104 553 224 618 animae
246 568 404 642 separatae
445 554 601 621 mutabilis
636 555 675 619 de
709 553 791 620 bono
829 556 860 618 iu
898 554 1029 631 malum,

102 640 170 706 lieet
194 641 232 706 sit
254 643 408 709 mutabilis
432 644 471 709 de
494 664 556 709 uno
580 644 673 709 volito
697 644 729 707 iu
771 642 854 708 aliud
889 643 1030 723 solitum,

102 742 222 797 servato
246 744 348 797 tamen
372 733 480 798 ordine
503 732 542 798 ad
566 731 719 809 ‚eumdem
754 731 898 796 ultimum
921 732 1028 798 finem.

168 818 210 884 Ex
233 840 295 906 quo
318 836 444 907 apparet
466 821 549 907 quod
575 821 642 886 talis
665 819 866 885 immobilitas
889 820 1030 887 volunta·

103 908 140 972 tis
166 906 263 974 libero
287 910 414 975 arbitrio
439 930 500 989 non
542 924 704 995 repugnat,
738 908 826 993 eujus
860 923 946 974 antus
984 924 1030 976 est

102 995 228 1081 eligere3
251 998 362 1063 electio
385 1000 469 1063 enim
492 1011 538 1063 est
560 1018 671 1065 eorum
687 1010 851 1085 quaesunt
867 997 906 1062 ad
922 998 1029 1081 linem,

102 1100 290 1152 nouantem
316 1086 414 1153 ultimi
440 1087 519 1152 finis.
543 1086 628 1152 Sicut
651 1088 745 1171 igitur
775 1107 838 1151 non
876 1102 1030 1173 repugnat

101 1172 199 1239 libero
222 1175 349 1241 arbitrio
363 1176 446 1262 quod
461 1175 611 1241 immobili
640 1176 798 1241 voluntate
819 1175 1032 1243 desideramus

102 1260 324 1329 beatitudinem
348 1277 379 1329 et
402 1264 560 1331 miseriam
586 1263 723 1349 fugimus
747 1266 776 1328 in
794 1266 963 1343 communi,
987 1270 1029 1331 ita

101 1370 166 1415 non
189 1354 246 1417 erit
269 1354 458 1419 contrarium
483 1351 581 1419 libero
604 1354 731 1419 arbitrio
770 1354 854 1439 quod
889 1354 1029 1422 voluntas

101 1439 301 1508 immobiliter
323 1441 420 1507 fertur
454 1444 484 1507 in
521 1442 639 1529 aliquid
677 1442 916 1507 determinatum
951 1443 1030 1509 sicut

102 1529 133 1593 in
158 1530 300 1595 ultimum
326 1532 430 1608 linem3
472 1531 555 1617 quia,
593 1532 672 1596 sicut
708 1552 792 1596 nunc
829 1530 1032 1597 immobiliter

101 1617 191 1683 nobis
213 1618 353 1685 inhaeret
377 1634 485 1685 natura
508 1622 683 1685 communis
709 1638 765 1705 per
799 1639 893 1705 quam
931 1622 1030 1685 beati·

100 1706 240 1773 tudinem
265 1710 437 1795 appetimus
461 1709 491 1773 in
516 1710 686 1787 communi,
707 1710 748 1773 ita
785 1708 879 1772 etiam
917 1709 1028 1774 immo·

101 1794 205 1860 biliter
228 1799 365 1863 manebit
388 1796 438 1862 illa
463 1798 603 1884 specialis
642 1796 800 1884 dispositio
840 1817 896 1882 per
933 1816 1029 1882 quam

102 1882 163 1948 hoo
188 1886 234 1951 rel
259 1886 334 1950 illud
359 1886 551 1952 desideratur
573 1900 605 1951 ut
629 1886 755 1951 ultimus
780 1886 859 1950 finis.
876 1885 1029 1953 Substan-

101 1974 163 2038 tiae
185 1989 287 2040 autern
311 1992 481 2062 separatae,
503 1974 619 2041 scilicet
642 1974 761 2061 Angeli,
787 1974 1027 2062 propinquiores

102 2077 185 2140 sunt,
208 2065 380 2129 secundum
405 2080 546 2130 naturam
570 2064 601 2129 in
625 2077 864 2151 quaeremur,
902 2064 1030 2131 ultimae

102 2150 283 2236 perfectioni
306 2173 400 2238 quam
424 2153 555 2230 animam
579 2154 649 2239 quia
675 2173 737 2218 non
761 2152 901 2237 indigent
923 2157 1028 2240 acqui·

102 2259 173 2305 rere
195 2241 353 2306 seientiam
378 2263 415 2306 ex
438 2243 579 2308 sensibus
603 2255 707 2328 neque
729 2242 889 2328 peruenire
905 2243 1027 2309 ratioci-

100 2328 205 2393 nando
229 2329 269 2394 de
292 2331 448 2418 principiis
472 2331 510 2396 ad
534 2331 778 2408 conclusionem,
799 2331 879 2394 sicut
893 2332 1028 2411 animae,

100 2417 157 2482 sed
182 2439 237 2503 por
258 2419 377 2505 speeies
403 2420 513 2486 inditas
536 2420 638 2484 rtatim
663 2432 792 2505 possunt
821 2420 853 2482 in
887 2436 1028 2486 contem·

100 2505 271 2591 plationem
286 2509 419 2573 veritatis
437 2510 608 2595 perranum
621 2522 652 2572 et
667 2508 748 2585 ideo,
764 2507 866 2571 statim
879 2510 963 2592 quod
975 2510 1029 2594 (l)

100 2593 206 2660 debito
230 2595 283 2660 fini
308 2597 355 2661 rel
378 2596 516 2662 indebito
540 2597 757 2676 adhaeserunt,
780 2595 982 2664 immobiliter
996 2600 1027 2664 in

99 2701 139 2748 eo
162 2699 411 2768 permanserunt.

167 2771 235 2836 Non
259 2787 306 2837 est
329 2789 433 2838 tamen
457 2774 683 2839 aestimandum
703 2771 1029 2861 quodauimse,post·

97 2879 194 2944 quam
218 2877 377 2926 resument
400 2883 529 2950 corpora
555 2864 586 2927 in
611 2861 837 2927 resurrectione
860 2861 1028 2929 immobili-

97 2961 195 3012 tatem
219 2950 382 3016 roluntatis
406 2953 556 3028 amittant;
578 2951 634 3016 sed
656 2947 791 3035 (quod)
816 2950 847 3013 in
884 2969 921 3015 es
960 2973 1029 3039 per-

96 3052 251 3118 severent,
274 3039 357 3125 quia,
382 3054 528 3126 utsupra
553 3041 610 3125 (e.
635 3038 708 3124 86)
732 3037 848 3103 dictum
878 3054 936 3119 est,
959 3061 1028 3106 cor·

96 3145 175 3212 pora
200 3127 230 3190 in
254 3130 478 3194 resurrectione
516 3128 721 3214 disponentur
754 3126 927 3192 secundum
963 3131 1028 3194 exi·

96 3214 236 3298 gentiam
260 3217 391 3296 animae,
416 3237 477 3282 non
501 3229 606 3282 autom
630 3218 752 3282 animae
777 3217 1028 3283 immutabuntur

97 3323 320 3390 percorpora,
343 3307 397 3371 sed
421 3305 620 3370 immobiliter
643 3303 895 3392 perseverabunt.

152 3495 193 3567 (l)
214 3496 313 3553 Statim
332 3501 408 3570 pund,
428 3501 445 3553 i.
463 3513 486 3553 e.
504 3500 592 3554 statim
606 3514 675 3553 cum.
