2484 3975
475 235 529 280 tm.
554 235 592 279 tt.
617 233 681 282 aaa.
703 234 745 278 xo
1001 215 1062 286 177

139 303 343 390 suppositum,
366 303 537 389 hypostasis
560 317 590 368 et
614 323 755 389 persona.
778 303 846 368 Non
862 315 964 368 autem
988 326 1060 391 sup-

139 396 284 478 positum,
308 393 479 480 hypostasis
503 409 533 456 et
556 409 687 479 persona
712 390 802 458 Verbi
818 393 887 466 Dei,
910 413 989 478 quae
1013 408 1059 458 est

126 495 272 572 anema.
296 481 392 565 igitur
414 482 444 544 in
468 479 588 546 Christo
612 493 659 544 est
681 479 765 544 ahud
785 480 988 568 suppositum,
1005 482 1060 568 hy·

135 571 265 654 postasis
289 585 319 634 ει
343 589 484 656 persona,
508 583 630 654 praeter
651 570 857 654 suppositum,
869 571 1057 656 hypostasim

133 669 165 721 et
187 678 352 744 personam
378 657 468 724 Verbi
491 657 561 736 Dei,
585 672 618 728 ut
641 657 771 722 uidetur.
876 678 883 713 t

199 745 375 825 Praeterea,
398 746 476 811 sieut
499 767 535 811 en
559 748 662 810 anima
676 761 707 811 et
723 766 852 834 torpore
864 746 1058 812 constituitur

129 833 270 900 humana
295 849 402 900 natura
426 835 456 898 in
481 835 650 912 communi,
684 837 725 898 ita
749 855 787 899 ex
810 835 868 900 hae
902 837 1058 900 animaret

129 941 172 987 ex
196 923 257 988 hoe
287 943 416 1009 corpore
449 925 645 988 constituitur
668 925 718 988 hio
752 924 858 1000 homo,
894 923 978 1008 quoti
1010 938 1057 988 εει

131 1011 307 1097 hypostasis
330 1011 473 1078 hominis.
502 1013 561 1078 Sed
585 1013 617 1078 in
641 1011 761 1079 Christo
784 1010 840 1077 suit
855 1007 931 1077 haee
952 1013 1054 1076 anima

130 1113 164 1163 et
187 1102 246 1164 hoo
269 1120 389 1186 eorpus.
414 1100 509 1184 igitur
544 1121 584 1168 ex
606 1121 716 1166 eorum
751 1102 867 1165 unione
890 1102 1054 1183 constituta

130 1200 178 1252 est
202 1188 382 1274 hypostasis,
407 1205 439 1254 ut
474 1189 603 1266 videtum
625 1193 722 1256 etsie
745 1189 828 1255 idem
851 1188 935 1275 quod
957 1191 1052 1274 prius.

198 1276 284 1354 hem,
307 1277 361 1342 Hie
385 1280 479 1342 homo
510 1279 562 1364 qui
585 1294 631 1344 est
666 1277 815 1355 Christus,
838 1291 930 1363 prout
952 1280 1054 1342 oonsi-

127 1363 254 1430 dotatur
277 1385 312 1430 ex
337 1367 437 1432 anima
471 1367 572 1432 sulum
605 1382 754 1433 et-earne
788 1367 970 1444 consistens,
1005 1382 1051 1434 est

25 1484 29 1491 ·
128 1453 284 1538 quaedam
308 1454 486 1520 substantia.
511 1455 577 1520 Non
608 1470 713 1522 autent
748 1455 938 1522 universalis.
973 1454 1052 1540 Ergo

128 1543 331 1628 particularis
354 1556 498 1628 ergo-est
522 1545 704 1632 hypostasis.

196 1629 314 1710 Adhuc,
337 1632 367 1696 Si
406 1631 489 1698 idem
518 1650 564 1699 εει
598 1633 792 1721 suppositum
826 1631 981 1698 humanae
1021 1646 1052 1696 et

127 1717 251 1785 diuinae
275 1734 403 1786 naturae
427 1723 457 1786 in
484 1720 616 1799 Christo,
651 1734 772 1809 oportet
794 1721 878 1806 qunti
901 1723 941 1784 de
963 1720 1051 1786 intel-

130 1807 211 1872 lectu
235 1809 369 1874 hominis
393 1812 444 1895 qui
469 1824 514 1876 εει
537 1811 673 1876 Christus
696 1812 735 1875 sit
750 1811 920 1896 hypostasis
936 1809 1050 1874 divina.

108 1893 196 1960 ¹Non
220 1911 323 1962 autem
360 1913 406 1962 est
439 1899 478 1962 de
518 1899 674 1966 inteheetu
708 1898 841 1965 aliorum
876 1898 1048 1965 hominum.

125 1982 228 2051 Homo
250 1986 342 2071 igitur
366 1990 533 2073 aequivoce
556 1989 595 2055 de
622 1989 744 2055 Christo
778 1989 897 2054 dicetur
919 2003 949 2056 et
972 1986 1049 2064 aliis

124 2074 223 2139 etsie
246 2078 390 2141 nouerit
412 2076 551 2161 ejusdem
575 2078 687 2165 speciei
710 2077 882 2144 nobiseum.

191 2164 340 2251 Amplius,
364 2164 396 2229 in
421 2166 541 2233 Christo
564 2169 623 2231 tria
651 2166 858 2239 inveniuntur,
882 2178 915 2229 ut
936 2184 974 2229 ex
997 2164 1043 2229 di·

122 2252 180 2317 etis
203 2253 246 2339 (o.
271 2254 313 2319 ⁰28
335 2268 366 2319 ει
388 2257 467 2340 seq.)
491 2268 584 2342 potet,
606 2255 722 2321 seilicet
743 2272 867 2340 eorpus,
888 2254 991 2317 anima
1009 2269 1046 2318 et

122 2340 276 2407 divinitas.
300 2345 408 2407 Anima
436 2357 551 2422 mrtem,
584 2364 656 2411 oum
678 2344 725 2410 ait
748 2344 882 2411 nohiiior
904 2361 1047 2427 corpure,

122 2450 187 2494 non
212 2444 258 2497 est
280 2433 472 2519 suppositum
495 2434 643 2519 eorporis,
664 2432 719 2499 seri
737 2434 834 2515 tnagis
849 2430 949 2497 forma
964 2431 1043 2513 ejus.

119 2517 231 2605 Neque
253 2520 345 2605 igitur
368 2520 398 2585 id
421 2520 505 2607 quod
532 2535 578 2585 est
610 2521 751 2587 ditinum
772 2534 819 2589 est
851 2519 1043 2605 suppositum

121 2606 279 2673 humanae
302 2623 440 2687 naturae,
463 2609 518 2675 seti
540 2609 639 2694 magia
666 2609 835 2676 formaliter
868 2628 902 2676 se
926 2608 1043 2673 habens

121 2694 163 2760 ad
186 2696 295 2781 ipsam.

187 2784 359 2863 Praeterea,
390 2783 491 2851 Omne
514 2784 596 2871 quod
621 2785 745 2851 advenit
767 2785 858 2853 aheni
882 2796 1040 2871 postesse

118 2874 308 2961 completum
333 2874 457 2941 advenit
479 2876 505 2940 ei
527 2874 767 2942 reoidentaiiter.
781 2876 853 2955 Sed,
874 2893 948 2943 eum
966 2874 1040 2939 Ver·

117 2960 195 3027 hum
216 2962 274 3027 Dei
298 2963 337 3028 sit
359 2964 399 3027 ah
420 2976 559 3040 aeterno,
584 2963 779 3030 marriiestum
803 2962 944 3049 estquod
967 2983 1039 3029 ouro

116 3066 275 3137 assumpte
297 3050 421 3117 advenit
443 3054 470 3116 ei
502 3066 570 3139 pust
604 3072 673 3119 esse
708 3053 906 3141 completum.
940 3052 1039 3135 'igitur

117 3138 244 3205 advenit
267 3140 295 3205 ei
319 3140 554 3207 aonidentahter.

163 3578 194 3644 S.
224 3577 279 3649 m.
304 3580 447 3647 Summae
471 3581 549 3649 tart.
575 3582 608 3651 V.
632 3584 662 3650 3.
