<?xml version="1.0" encoding="UTF-8"?>
<!DOCTYPE html PUBLIC "-//W3C//DTD XHTML 1.0 Transitional//EN"
    "http://www.w3.org/TR/xhtml1/DTD/xhtml1-transitional.dtd">
<html xmlns="http://www.w3.org/1999/xhtml" xml:lang="en" lang="en">
 <head>
  <title>
</title>
<meta http-equiv="Content-Type" content="text/html;charset=utf-8" />
  <meta name='ocr-system' content='tesseract 3.04.00' />
  <meta name='ocr-capabilities' content='ocr_page ocr_carea ocr_par ocr_line ocrx_word'/>
</head>
<body>
  <div class='ocr_page' id='page_1' title='image "./sanctithomaeaqu01thomgoog_0618.png"; bbox 0 0 2484 3975; ppageno 0'>
   <div class='ocr_carea' id='block_1_1' title="bbox 177 203 1150 1806">
    <p class='ocr_par' dir='ltr' id='par_1_1' title="bbox 227 203 776 272">
     <span class='ocr_line' id='line_1_1' title="bbox 227 203 776 272; baseline 0.009 -4"><span class='ocrx_word' id='word_1_1' title='bbox 227 203 292 272; x_wconf 75' lang='lat'>598</span> <span class='ocrx_word' id='word_1_2' title='bbox 602 226 776 272; x_wconf 83' lang='lat' dir='ltr'>ouuaccuutt</span> 
     </span>
    </p>

    <p class='ocr_par' dir='ltr' id='par_1_2' title="bbox 177 293 1150 1806">
     <span class='ocr_line' id='line_1_2' title="bbox 224 293 1150 381; baseline 0.004 -21"><span class='ocrx_word' id='word_1_3' title='bbox 224 293 307 379; x_wconf 90' lang='lat' dir='ltr'>quod</span> <span class='ocrx_word' id='word_1_4' title='bbox 331 307 452 381; x_wconf 86' lang='lat' dir='ltr'>tempus</span> <span class='ocrx_word' id='word_1_5' title='bbox 474 315 537 362; x_wconf 89' lang='lat' dir='ltr'>uon</span> <span class='ocrx_word' id='word_1_6' title='bbox 560 308 605 360; x_wconf 90' lang='lat' dir='ltr'>est</span> <span class='ocrx_word' id='word_1_7' title='bbox 628 296 769 362; x_wconf 87' lang='lat' dir='ltr'>absolute</span> <span class='ocrx_word' id='word_1_8' title='bbox 791 316 938 368; x_wconf 85' lang='lat' dir='ltr'>numerus</span> <span class='ocrx_word' id='word_1_9' title='bbox 970 298 1048 364; x_wconf 87' lang='lat' dir='ltr'>sicut</span> <span class='ocrx_word' id='word_1_10' title='bbox 1082 298 1150 364; x_wconf 91' lang='lat' dir='ltr'>duo</span> 
     </span>
     <span class='ocr_line' id='line_1_3' title="bbox 224 381 1150 472; baseline 0.004 -26"><span class='ocrx_word' id='word_1_11' title='bbox 224 384 270 448; x_wconf 79' lang='lat' dir='ltr'>rel</span> <span class='ocrx_word' id='word_1_12' title='bbox 294 382 362 459; x_wconf 88' lang='lat' dir='ltr'>tria,</span> <span class='ocrx_word' id='word_1_13' title='bbox 384 381 439 450; x_wconf 87' lang='lat' dir='ltr'>sed</span> <span class='ocrx_word' id='word_1_14' title='bbox 462 397 509 450; x_wconf 89' lang='grc' dir='ltr'>εει</span> <span class='ocrx_word' id='word_1_15' title='bbox 544 403 693 451; x_wconf 82' lang='grc' dir='ltr'><strong>ιιιιιιιειιιε</strong></span> <span class='ocrx_word' id='word_1_16' title='bbox 727 385 896 472; x_wconf 86' lang='lat' dir='ltr'>applicatus</span> <span class='ocrx_word' id='word_1_17' title='bbox 929 385 1033 466; x_wconf 87' lang='lat' dir='ltr'>rebus,</span> <span class='ocrx_word' id='word_1_18' title='bbox 1067 387 1150 454; x_wconf 88' lang='lat' dir='ltr'>sicut</span> 
     </span>
     <span class='ocr_line' id='line_1_4' title="bbox 222 470 1146 559; baseline 0.006 -23"><span class='ocrx_word' id='word_1_19' title='bbox 222 470 302 542; x_wconf 85' lang='lat' dir='ltr'>duae</span> <span class='ocrx_word' id='word_1_20' title='bbox 324 472 417 538; x_wconf 88' lang='lat' dir='ltr'>ulnae</span> <span class='ocrx_word' id='word_1_21' title='bbox 441 474 545 559; x_wconf 88' lang='lat' dir='ltr'>panni,</span> <span class='ocrx_word' id='word_1_22' title='bbox 568 486 599 539; x_wconf 87' lang='lat' dir='ltr'>et</span> <span class='ocrx_word' id='word_1_23' title='bbox 620 471 810 558; x_wconf 84' lang='lat' dir='ltr'>hujusmodi.</span> <span class='ocrx_word' id='word_1_24' title='bbox 833 473 868 540; x_wconf 90' lang='lat' dir='ltr'>ln</span> <span class='ocrx_word' id='word_1_25' title='bbox 890 473 1066 542; x_wconf 71' lang='lat' dir='ltr'><strong>substantiis</strong></span> <span class='ocrx_word' id='word_1_26' title='bbox 1089 496 1146 542; x_wconf 89' lang='lat' dir='ltr'>au·</span> 
     </span>
     <span class='ocr_line' id='line_1_5' title="bbox 223 562 1149 650; baseline 0.005 -26"><span class='ocrx_word' id='word_1_27' title='bbox 223 575 286 626; x_wconf 90' lang='lat' dir='ltr'>tem</span> <span class='ocrx_word' id='word_1_28' title='bbox 309 562 457 648; x_wconf 89' lang='lat' dir='ltr'>separatis</span> <span class='ocrx_word' id='word_1_29' title='bbox 479 583 542 628; x_wconf 89' lang='lat' dir='ltr'>non</span> <span class='ocrx_word' id='word_1_30' title='bbox 558 575 605 628; x_wconf 90' lang='lat' dir='ltr'>est</span> <span class='ocrx_word' id='word_1_31' title='bbox 625 562 799 648; x_wconf 86' lang='lat' dir='ltr'>subjectum</span> <span class='ocrx_word' id='word_1_32' title='bbox 827 564 974 650; x_wconf 88' lang='lat' dir='ltr'>temporis</span> <span class='ocrx_word' id='word_1_33' title='bbox 996 565 1039 630; x_wconf 90' lang='lat' dir='ltr'>sic</span> <span class='ocrx_word' id='word_1_34' title='bbox 1062 565 1149 640; x_wconf 87' lang='lat' dir='ltr'>dieti;</span> 
     </span>
     <span class='ocr_line' id='line_1_6' title="bbox 222 650 1148 740; baseline 0.003 -27"><span class='ocrx_word' id='word_1_35' title='bbox 222 650 307 714; x_wconf 76' lang='lat' dir='ltr'>tunde</span> <span class='ocrx_word' id='word_1_36' title='bbox 329 669 474 716; x_wconf 88' lang='lat' dir='ltr'>mensura</span> <span class='ocrx_word' id='word_1_37' title='bbox 498 651 626 717; x_wconf 89' lang='lat' dir='ltr'>actionis</span> <span class='ocrx_word' id='word_1_38' title='bbox 660 652 691 718; x_wconf 88' lang='lat' dir='ltr'>in</span> <span class='ocrx_word' id='word_1_39' title='bbox 724 653 769 718; x_wconf 89' lang='lat' dir='ltr'>eis</span> <span class='ocrx_word' id='word_1_40' title='bbox 801 652 981 718; x_wconf 86' lang='lat' dir='ltr'>nonhabet</span> <span class='ocrx_word' id='word_1_41' title='bbox 1010 653 1148 740; x_wconf 91' lang='lat' dir='ltr'>aliquam</span> 
     </span>
     <span class='ocr_line' id='line_1_7' title="bbox 223 739 1146 827; baseline 0.004 -25"><span class='ocrx_word' id='word_1_42' title='bbox 223 739 485 806; x_wconf 74' lang='lat' dir='ltr'>continuationem</span> <span class='ocrx_word' id='word_1_43' title='bbox 508 759 525 806; x_wconf 89' lang='lat' dir='ltr'>a</span> <span class='ocrx_word' id='word_1_44' title='bbox 549 740 677 806; x_wconf 86' lang='lat' dir='ltr'>materia</span> <span class='ocrx_word' id='word_1_45' title='bbox 701 761 758 808; x_wconf 90' lang='lat' dir='ltr'>nee</span> <span class='ocrx_word' id='word_1_46' title='bbox 780 741 819 806; x_wconf 89' lang='lat' dir='ltr'>ab</span> <span class='ocrx_word' id='word_1_47' title='bbox 852 741 958 827; x_wconf 89' lang='lat' dir='ltr'>aliquo</span> <span class='ocrx_word' id='word_1_48' title='bbox 991 743 1146 808; x_wconf 72' lang='lat' dir='ltr'>exteriori.</span> 
     </span>
     <span class='ocr_line' id='line_1_8' title="bbox 222 826 1148 917; baseline 0.003 -26"><span class='ocrx_word' id='word_1_49' title='bbox 222 826 296 905; x_wconf 87' lang='lat' dir='ltr'>Sed,</span> <span class='ocrx_word' id='word_1_50' title='bbox 319 830 390 914; x_wconf 90' lang='lat' dir='ltr'>quia</span> <span class='ocrx_word' id='word_1_51' title='bbox 414 849 476 896; x_wconf 89' lang='lat' dir='ltr'>nott</span> <span class='ocrx_word' id='word_1_52' title='bbox 501 841 599 916; x_wconf 88' lang='lat' dir='ltr'>potest</span> <span class='ocrx_word' id='word_1_53' title='bbox 622 829 729 896; x_wconf 80' lang='lat' dir='ltr'>abeis</span> <span class='ocrx_word' id='word_1_54' title='bbox 752 829 943 917; x_wconf 69' lang='lat' dir='ltr'>apprehendi</span> <span class='ocrx_word' id='word_1_55' title='bbox 972 830 1064 896; x_wconf 87' lang='lat' dir='ltr'>simul</span> <span class='ocrx_word' id='word_1_56' title='bbox 1086 830 1148 895; x_wconf 89' lang='lat' dir='ltr'>nisi</span> 
     </span>
     <span class='ocr_line' id='line_1_9' title="bbox 222 918 1148 1006; baseline 0.001 -24"><span class='ocrx_word' id='word_1_57' title='bbox 222 936 332 993; x_wconf 88' lang='lat' dir='ltr'>unum,</span> <span class='ocrx_word' id='word_1_58' title='bbox 355 930 476 1005; x_wconf 77' lang='lat' dir='ltr'><strong>oportet</strong></span> <span class='ocrx_word' id='word_1_59' title='bbox 497 918 580 1004; x_wconf 92' lang='lat' dir='ltr'>quod</span> <span class='ocrx_word' id='word_1_60' title='bbox 597 919 629 984; x_wconf 87' lang='lat' dir='ltr'>iu</span> <span class='ocrx_word' id='word_1_61' title='bbox 645 918 892 1005; x_wconf 73' lang='lat' dir='ltr'>apprehensione</span> <span class='ocrx_word' id='word_1_62' title='bbox 903 919 1040 1006; x_wconf 90' lang='lat' dir='ltr'>plurium</span> <span class='ocrx_word' id='word_1_63' title='bbox 1056 919 1148 985; x_wconf 80' lang='lat' dir='ltr'>cadat</span> 
     </span>
     <span class='ocr_line' id='line_1_10' title="bbox 221 1005 1148 1100; baseline 0.002 -29"><span class='ocrx_word' id='word_1_64' title='bbox 221 1005 374 1074; x_wconf 83' lang='lat' dir='ltr'>successio</span> <span class='ocrx_word' id='word_1_65' title='bbox 396 1006 506 1095; x_wconf 84' lang='lat' dir='ltr'>prioris</span> <span class='ocrx_word' id='word_1_66' title='bbox 528 1021 559 1073; x_wconf 91' lang='lat' dir='ltr'>et</span> <span class='ocrx_word' id='word_1_67' title='bbox 581 1006 769 1094; x_wconf 60' lang='lat' dir='ltr'>posterioris</span> <span class='ocrx_word' id='word_1_68' title='bbox 800 1008 855 1074; x_wconf 87' lang='lat' dir='ltr'>aed</span> <span class='ocrx_word' id='word_1_69' title='bbox 877 1021 976 1100; x_wconf 89' lang='lat' dir='ltr'>totum</span> <span class='ocrx_word' id='word_1_70' title='bbox 1008 1008 1066 1074; x_wconf 87' lang='lat' dir='ltr'>hoc</span> <span class='ocrx_word' id='word_1_71' title='bbox 1099 1022 1148 1073; x_wconf 89' lang='lat' dir='ltr'>est</span> 
     </span>
     <span class='ocr_line' id='line_1_11' title="bbox 223 1095 1148 1182; baseline 0.001 -22"><span class='ocrx_word' id='word_1_72' title='bbox 223 1095 387 1164; x_wconf 87' lang='lat' dir='ltr'>discretum</span> <span class='ocrx_word' id='word_1_73' title='bbox 412 1109 442 1164; x_wconf 87' lang='lat' dir='ltr'>et</span> <span class='ocrx_word' id='word_1_74' title='bbox 465 1115 526 1164; x_wconf 78' lang='lat' dir='ltr'>tion</span> <span class='ocrx_word' id='word_1_75' title='bbox 543 1097 735 1174; x_wconf 90' lang='lat' dir='ltr'>continuum,</span> <span class='ocrx_word' id='word_1_76' title='bbox 750 1109 781 1162; x_wconf 92' lang='lat' dir='ltr'>et</span> <span class='ocrx_word' id='word_1_77' title='bbox 795 1111 918 1182; x_wconf 87' lang='lat' dir='ltr'>tempus</span> <span class='ocrx_word' id='word_1_78' title='bbox 941 1110 986 1161; x_wconf 86' lang='lat' dir='ltr'>cst</span> <span class='ocrx_word' id='word_1_79' title='bbox 1001 1098 1033 1162; x_wconf 93' lang='lat' dir='ltr'>in</span> <span class='ocrx_word' id='word_1_80' title='bbox 1051 1097 1148 1163; x_wconf 89' lang='lat' dir='ltr'>actio-</span> 
     </span>
     <span class='ocr_line' id='line_1_12' title="bbox 219 1182 1145 1270; baseline 0 -22"><span class='ocrx_word' id='word_1_81' title='bbox 219 1184 311 1252; x_wconf 89' lang='lat' dir='ltr'>nibus</span> <span class='ocrx_word' id='word_1_82' title='bbox 334 1204 441 1252; x_wconf 90' lang='lat' dir='ltr'>earum</span> <span class='ocrx_word' id='word_1_83' title='bbox 463 1183 635 1251; x_wconf 89' lang='lat' dir='ltr'>secundum</span> <span class='ocrx_word' id='word_1_84' title='bbox 659 1185 890 1252; x_wconf 86' lang='lat' dir='ltr'>similitudinem</span> <span class='ocrx_word' id='word_1_85' title='bbox 907 1182 974 1270; x_wconf 87' lang='lat' dir='ltr'>ejus</span> <span class='ocrx_word' id='word_1_86' title='bbox 995 1185 1079 1270; x_wconf 90' lang='lat' dir='ltr'>quod</span> <span class='ocrx_word' id='word_1_87' title='bbox 1098 1201 1145 1250; x_wconf 86' lang='lat' dir='ltr'>cst</span> 
     </span>
     <span class='ocr_line' id='line_1_13' title="bbox 219 1272 1146 1359; baseline 0.003 -24"><span class='ocrx_word' id='word_1_88' title='bbox 219 1272 350 1340; x_wconf 77' lang='lat' dir='ltr'>formale</span> <span class='ocrx_word' id='word_1_89' title='bbox 373 1273 403 1338; x_wconf 92' lang='lat' dir='ltr'>in</span> <span class='ocrx_word' id='word_1_90' title='bbox 426 1294 476 1350; x_wconf 87' lang='lat' dir='ltr'>eo,</span> <span class='ocrx_word' id='word_1_91' title='bbox 498 1295 561 1338; x_wconf 93' lang='lat' dir='ltr'>non</span> <span class='ocrx_word' id='word_1_92' title='bbox 578 1286 682 1340; x_wconf 89' lang='lat' dir='ltr'>autem</span> <span class='ocrx_word' id='word_1_93' title='bbox 697 1274 869 1354; x_wconf 87' lang='lat' dir='ltr'>seeundum</span> <span class='ocrx_word' id='word_1_94' title='bbox 893 1273 959 1359; x_wconf 86' lang='lat' dir='ltr'>ejus</span> <span class='ocrx_word' id='word_1_95' title='bbox 982 1273 1146 1340; x_wconf 86' lang='lat' dir='ltr'>materiale</span> 
     </span>
     <span class='ocr_line' id='line_1_14' title="bbox 177 1362 1143 1449; baseline -0.005 -17"><span class='ocrx_word' id='word_1_96' title='bbox 177 1427 181 1432; x_wconf 82' lang='lat'>.</span> <span class='ocrx_word' id='word_1_97' title='bbox 219 1383 236 1425; x_wconf 92' lang='lat' dir='ltr'>a</span> <span class='ocrx_word' id='word_1_98' title='bbox 252 1383 314 1448; x_wconf 93' lang='lat' dir='ltr'>quo</span> <span class='ocrx_word' id='word_1_99' title='bbox 336 1362 430 1429; x_wconf 85' lang='lat' dir='ltr'>habet</span> <span class='ocrx_word' id='word_1_100' title='bbox 452 1382 519 1428; x_wconf 86' lang='lat' dir='ltr'>esse</span> <span class='ocrx_word' id='word_1_101' title='bbox 542 1363 734 1440; x_wconf 77' lang='lat' dir='ltr'>continuumr</span> <span class='ocrx_word' id='word_1_102' title='bbox 750 1363 822 1429; x_wconf 89' lang='lat' dir='ltr'>ideo</span> <span class='ocrx_word' id='word_1_103' title='bbox 837 1376 960 1449; x_wconf 90' lang='lat' dir='ltr'>tempus</span> <span class='ocrx_word' id='word_1_104' title='bbox 976 1383 1038 1447; x_wconf 94' lang='lat' dir='ltr'>quo</span> <span class='ocrx_word' id='word_1_105' title='bbox 1053 1383 1143 1428; x_wconf 90' lang='lat' dir='ltr'>men·</span> 
     </span>
     <span class='ocr_line' id='line_1_15' title="bbox 222 1451 1144 1536; baseline 0.007 -24"><span class='ocrx_word' id='word_1_106' title='bbox 222 1466 345 1518; x_wconf 82' lang='lat' dir='ltr'>suratur</span> <span class='ocrx_word' id='word_1_107' title='bbox 378 1451 532 1518; x_wconf 78' lang='lat' dir='ltr'>successio</span> <span class='ocrx_word' id='word_1_108' title='bbox 559 1452 589 1517; x_wconf 88' lang='lat' dir='ltr'>in</span> <span class='ocrx_word' id='word_1_109' title='bbox 615 1453 788 1520; x_wconf 86' lang='lat' dir='ltr'>actionibus</span> <span class='ocrx_word' id='word_1_110' title='bbox 820 1452 1008 1536; x_wconf 76' lang='lat' dir='ltr'>Angelorum</span> <span class='ocrx_word' id='word_1_111' title='bbox 1036 1466 1083 1518; x_wconf 90' lang='lat' dir='ltr'>est</span> <span class='ocrx_word' id='word_1_112' title='bbox 1106 1472 1144 1518; x_wconf 84' lang='lat' dir='ltr'>ex</span> 
     </span>
     <span class='ocr_line' id='line_1_16' title="bbox 219 1537 1142 1628; baseline 0.002 -24"><span class='ocrx_word' id='word_1_113' title='bbox 219 1537 466 1620; x_wconf 83' lang='lat' dir='ltr'>indivisibilibus,</span> <span class='ocrx_word' id='word_1_114' title='bbox 488 1541 566 1608; x_wconf 88' lang='lat' dir='ltr'>sicut</span> <span class='ocrx_word' id='word_1_115' title='bbox 588 1561 737 1608; x_wconf 89' lang='lat' dir='ltr'>numerus</span> <span class='ocrx_word' id='word_1_116' title='bbox 763 1543 958 1628; x_wconf 76' lang='lat' dir='ltr'>componitur</span> <span class='ocrx_word' id='word_1_117' title='bbox 980 1561 1018 1605; x_wconf 82' lang='lat' dir='ltr'>ex</span> <span class='ocrx_word' id='word_1_118' title='bbox 1041 1542 1142 1606; x_wconf 88' lang='lat' dir='ltr'>unita·</span> 
     </span>
     <span class='ocr_line' id='line_1_17' title="bbox 217 1629 1143 1716; baseline 0.006 -27"><span class='ocrx_word' id='word_1_119' title='bbox 217 1629 298 1694; x_wconf 87' lang='lat' dir='ltr'>tibus</span> <span class='ocrx_word' id='word_1_120' title='bbox 310 1644 471 1716; x_wconf 88' lang='lat' dir='ltr'>quaesunt</span> <span class='ocrx_word' id='word_1_121' title='bbox 486 1629 679 1696; x_wconf 85' lang='lat' dir='ltr'>indivisibilia</span> <span class='ocrx_word' id='word_1_122' title='bbox 695 1630 858 1716; x_wconf 86' lang='lat' dir='ltr'>quaedam.</span> <span class='ocrx_word' id='word_1_123' title='bbox 875 1630 927 1701; x_wconf 92' lang='lat' dir='ltr'>llla</span> <span class='ocrx_word' id='word_1_124' title='bbox 942 1642 1045 1694; x_wconf 88' lang='lat' dir='ltr'>autem</span> <span class='ocrx_word' id='word_1_125' title='bbox 1063 1630 1143 1695; x_wconf 91' lang='lat' dir='ltr'>indi·</span> 
     </span>
     <span class='ocr_line' id='line_1_18' title="bbox 218 1718 1142 1806; baseline 0.006 -28"><span class='ocrx_word' id='word_1_126' title='bbox 218 1718 347 1784; x_wconf 80' lang='lat' dir='ltr'>risibilia</span> <span class='ocrx_word' id='word_1_127' title='bbox 360 1741 421 1785; x_wconf 87' lang='lat' dir='ltr'>non</span> <span class='ocrx_word' id='word_1_128' title='bbox 435 1720 586 1805; x_wconf 89' lang='lat' dir='ltr'>pertinent</span> <span class='ocrx_word' id='word_1_129' title='bbox 599 1718 742 1805; x_wconf 84' lang='lat' dir='ltr'>adganus</span> <span class='ocrx_word' id='word_1_130' title='bbox 754 1719 939 1806; x_wconf 70' lang='lat' dir='ltr'>quantitatis,</span> <span class='ocrx_word' id='word_1_131' title='bbox 950 1719 1028 1784; x_wconf 82' lang='lat' dir='ltr'>siout</span> <span class='ocrx_word' id='word_1_132' title='bbox 1039 1723 1142 1784; x_wconf 86' lang='lat' dir='ltr'>unita-</span> 
     </span>
    </p>
   </div>
   <div class='ocr_carea' id='block_1_2' title="bbox 120 1807 1140 1895">
    <p class='ocr_par' dir='ltr' id='par_1_3' title="bbox 120 1807 1140 1895">
     <span class='ocr_line' id='line_1_19' title="bbox 120 1807 1140 1895; baseline 0.004 -27"><span class='ocrx_word' id='word_1_133' title='bbox 120 1823 125 1838; x_wconf 92' lang='lat'><em>·</em></span> <span class='ocrx_word' id='word_1_134' title='bbox 218 1820 264 1870; x_wconf 86' lang='lat' dir='ltr'>tes</span> <span class='ocrx_word' id='word_1_135' title='bbox 277 1808 440 1893; x_wconf 86' lang='lat' dir='ltr'>pertinent;</span> <span class='ocrx_word' id='word_1_136' title='bbox 453 1821 483 1872; x_wconf 91' lang='grc' dir='ltr'>ει</span> <span class='ocrx_word' id='word_1_137' title='bbox 495 1807 554 1872; x_wconf 90' lang='lat' dir='ltr'>hoc</span> <span class='ocrx_word' id='word_1_138' title='bbox 565 1807 603 1874; x_wconf 90' lang='lat' dir='ltr'>de</span> <span class='ocrx_word' id='word_1_139' title='bbox 616 1807 695 1874; x_wconf 83' lang='lat' dir='ltr'>lucili</span> <span class='ocrx_word' id='word_1_140' title='bbox 707 1809 914 1895; x_wconf 75' lang='lat' dir='ltr'>cognoscitur,</span> <span class='ocrx_word' id='word_1_141' title='bbox 924 1808 947 1874; x_wconf 84' lang='lat' dir='ltr'>ai</span> <span class='ocrx_word' id='word_1_142' title='bbox 962 1820 1070 1871; x_wconf 92' lang='lat' dir='ltr'>natura</span> <span class='ocrx_word' id='word_1_143' title='bbox 1085 1828 1140 1872; x_wconf 76' lang='lat' dir='ltr'>no</span> 
     </span>
    </p>
   </div>
   <div class='ocr_carea' id='block_1_3' title="bbox 206 1897 1222 3584">
    <p class='ocr_par' dir='ltr' id='par_1_4' title="bbox 206 1897 1222 3584">
     <span class='ocr_line' id='line_1_20' title="bbox 218 1897 1142 1983; baseline 0.002 -25"><span class='ocrx_word' id='word_1_144' title='bbox 218 1897 271 1959; x_wconf 87' lang='lat' dir='ltr'>stri</span> <span class='ocrx_word' id='word_1_145' title='bbox 291 1898 437 1983; x_wconf 86' lang='lat' dir='ltr'>temporis</span> <span class='ocrx_word' id='word_1_146' title='bbox 454 1897 674 1962; x_wconf 89' lang='lat' dir='ltr'>consideretur.</span> <span class='ocrx_word' id='word_1_147' title='bbox 698 1897 865 1962; x_wconf 89' lang='lat' dir='ltr'>Sciendum</span> <span class='ocrx_word' id='word_1_148' title='bbox 889 1908 936 1962; x_wconf 89' lang='lat' dir='ltr'>est</span> <span class='ocrx_word' id='word_1_149' title='bbox 950 1915 1026 1979; x_wconf 86' lang='lat' dir='ltr'>ergo</span> <span class='ocrx_word' id='word_1_150' title='bbox 1043 1897 1142 1981; x_wconf 89' lang='lat' dir='ltr'>quod,</span> 
     </span>
     <span class='ocr_line' id='line_1_21' title="bbox 216 1984 1141 2073; baseline 0.004 -26"><span class='ocrx_word' id='word_1_151' title='bbox 216 2004 288 2051; x_wconf 92' lang='lat' dir='ltr'>cum</span> <span class='ocrx_word' id='word_1_152' title='bbox 299 1988 377 2051; x_wconf 88' lang='lat' dir='ltr'>ratio</span> <span class='ocrx_word' id='word_1_153' title='bbox 390 2006 554 2052; x_wconf 89' lang='lat' dir='ltr'>mensurae</span> <span class='ocrx_word' id='word_1_154' title='bbox 568 1988 669 2073; x_wconf 91' lang='lat' dir='ltr'>primo</span> <span class='ocrx_word' id='word_1_155' title='bbox 681 1986 892 2053; x_wconf 82' lang='lat' dir='ltr'>inueniaturin</span> <span class='ocrx_word' id='word_1_156' title='bbox 901 1984 1141 2072; x_wconf 88' lang='lat' dir='ltr'>quantitatedis·</span> 
     </span>
     <span class='ocr_line' id='line_1_22' title="bbox 216 2074 1141 2162; baseline 0.003 -26"><span class='ocrx_word' id='word_1_157' title='bbox 216 2089 309 2153; x_wconf 91' lang='lat' dir='ltr'>creta,</span> <span class='ocrx_word' id='word_1_158' title='bbox 322 2087 351 2139; x_wconf 88' lang='lat' dir='ltr'>et</span> <span class='ocrx_word' id='word_1_159' title='bbox 363 2095 418 2162; x_wconf 87' lang='lat' dir='ltr'>per</span> <span class='ocrx_word' id='word_1_160' title='bbox 430 2074 495 2159; x_wconf 86' lang='lat' dir='ltr'>ejus</span> <span class='ocrx_word' id='word_1_161' title='bbox 507 2088 648 2141; x_wconf 90' lang='lat' dir='ltr'>naturam</span> <span class='ocrx_word' id='word_1_162' title='bbox 661 2077 692 2141; x_wconf 92' lang='lat' dir='ltr'>in</span> <span class='ocrx_word' id='word_1_163' title='bbox 704 2078 860 2156; x_wconf 88' lang='lat' dir='ltr'>continua,</span> <span class='ocrx_word' id='word_1_164' title='bbox 871 2076 947 2141; x_wconf 87' lang='lat' dir='ltr'>nihil</span> <span class='ocrx_word' id='word_1_165' title='bbox 963 2074 1075 2161; x_wconf 88' lang='lat' dir='ltr'>poterit</span> <span class='ocrx_word' id='word_1_166' title='bbox 1083 2074 1141 2139; x_wconf 81' lang='lat' dir='ltr'>lta·</span> 
     </span>
     <span class='ocr_line' id='line_1_23' title="bbox 216 2163 1139 2252; baseline 0.003 -26"><span class='ocrx_word' id='word_1_167' title='bbox 216 2163 290 2228; x_wconf 89' lang='lat' dir='ltr'>berc</span> <span class='ocrx_word' id='word_1_168' title='bbox 299 2165 450 2229; x_wconf 89' lang='lat' dir='ltr'>rationem</span> <span class='ocrx_word' id='word_1_169' title='bbox 463 2182 630 2230; x_wconf 85' lang='lat' dir='ltr'>mensurae</span> <span class='ocrx_word' id='word_1_170' title='bbox 642 2163 672 2229; x_wconf 88' lang='lat' dir='ltr'>iu</span> <span class='ocrx_word' id='word_1_171' title='bbox 685 2165 853 2252; x_wconf 89' lang='lat' dir='ltr'>quantitate</span> <span class='ocrx_word' id='word_1_172' title='bbox 865 2166 1009 2231; x_wconf 91' lang='lat' dir='ltr'>continua</span> <span class='ocrx_word' id='word_1_173' title='bbox 1026 2164 1085 2227; x_wconf 87' lang='lat' dir='ltr'>nisi</span> <span class='ocrx_word' id='word_1_174' title='bbox 1101 2184 1139 2229; x_wconf 83' lang='lat' dir='ltr'>ar</span> 
     </span>
     <span class='ocr_line' id='line_1_24' title="bbox 215 2251 1138 2338; baseline 0.003 -23"><span class='ocrx_word' id='word_1_175' title='bbox 215 2251 410 2336; x_wconf 85' lang='lat' dir='ltr'>adjunctione</span> <span class='ocrx_word' id='word_1_176' title='bbox 421 2253 596 2338; x_wconf 85' lang='lat' dir='ltr'>quantitatis</span> <span class='ocrx_word' id='word_1_177' title='bbox 609 2253 768 2332; x_wconf 72' lang='lat' dir='ltr'>discretam</span> <span class='ocrx_word' id='word_1_178' title='bbox 781 2267 811 2319; x_wconf 89' lang='grc' dir='ltr'>ει</span> <span class='ocrx_word' id='word_1_179' title='bbox 823 2254 893 2320; x_wconf 87' lang='lat' dir='ltr'>ideo</span> <span class='ocrx_word' id='word_1_180' title='bbox 906 2267 1039 2338; x_wconf 87' lang='lat' dir='ltr'>tempus,</span> <span class='ocrx_word' id='word_1_181' title='bbox 1053 2254 1138 2338; x_wconf 86' lang='lat' dir='ltr'>quod</span> 
     </span>
     <span class='ocr_line' id='line_1_25' title="bbox 216 2342 1138 2429; baseline 0.003 -25"><span class='ocrx_word' id='word_1_182' title='bbox 216 2355 261 2405; x_wconf 85' lang='lat' dir='ltr'>cst</span> <span class='ocrx_word' id='word_1_183' title='bbox 277 2361 421 2407; x_wconf 86' lang='lat' dir='ltr'>mensura</span> <span class='ocrx_word' id='word_1_184' title='bbox 439 2353 541 2407; x_wconf 92' lang='lat' dir='ltr'>motus</span> <span class='ocrx_word' id='word_1_185' title='bbox 557 2363 574 2405; x_wconf 91' lang='lat' dir='ltr'>a</span> <span class='ocrx_word' id='word_1_186' title='bbox 591 2362 653 2429; x_wconf 93' lang='lat' dir='ltr'>quo</span> <span class='ocrx_word' id='word_1_187' title='bbox 670 2343 762 2409; x_wconf 85' lang='lat' dir='ltr'>habat</span> <span class='ocrx_word' id='word_1_188' title='bbox 778 2343 1008 2409; x_wconf 83' lang='lat' dir='ltr'>continuitatem</span> <span class='ocrx_word' id='word_1_189' title='bbox 1025 2342 1138 2407; x_wconf 78' lang='lat' dir='ltr'>cicuta</span> 
     </span>
     <span class='ocr_line' id='line_1_26' title="bbox 214 2428 1137 2518; baseline 0.003 -26"><span class='ocrx_word' id='word_1_190' title='bbox 214 2428 363 2514; x_wconf 85' lang='lat' dir='ltr'>subjecto,</span> <span class='ocrx_word' id='word_1_191' title='bbox 387 2429 555 2497; x_wconf 72' lang='lat' dir='ltr'>formaliter</span> <span class='ocrx_word' id='word_1_192' title='bbox 567 2445 611 2496; x_wconf 87' lang='grc' dir='ltr'>εει</span> <span class='ocrx_word' id='word_1_193' title='bbox 624 2453 783 2508; x_wconf 68' lang='lat' dir='ltr'>numerum</span> <span class='ocrx_word' id='word_1_194' title='bbox 799 2446 828 2497; x_wconf 93' lang='lat' dir='ltr'>et</span> <span class='ocrx_word' id='word_1_195' title='bbox 844 2452 899 2518; x_wconf 85' lang='lat' dir='ltr'>per</span> <span class='ocrx_word' id='word_1_196' title='bbox 914 2432 972 2497; x_wconf 84' lang='lat' dir='ltr'>hoe</span> <span class='ocrx_word' id='word_1_197' title='bbox 986 2443 1033 2493; x_wconf 90' lang='lat' dir='ltr'>est</span> <span class='ocrx_word' id='word_1_198' title='bbox 1050 2450 1137 2495; x_wconf 87' lang='lat' dir='ltr'>men-</span> 
     </span>
     <span class='ocr_line' id='line_1_27' title="bbox 213 2517 1137 2607; baseline 0.004 -26"><span class='ocrx_word' id='word_1_199' title='bbox 213 2538 294 2597; x_wconf 87' lang='lat' dir='ltr'>sura,</span> <span class='ocrx_word' id='word_1_200' title='bbox 316 2521 454 2605; x_wconf 81' lang='lat' dir='ltr'>quamuis</span> <span class='ocrx_word' id='word_1_201' title='bbox 477 2538 545 2586; x_wconf 89' lang='lat' dir='ltr'>esse</span> <span class='ocrx_word' id='word_1_202' title='bbox 568 2519 681 2587; x_wconf 87' lang='lat' dir='ltr'>habeat</span> <span class='ocrx_word' id='word_1_203' title='bbox 697 2541 752 2607; x_wconf 87' lang='lat' dir='ltr'>par</span> <span class='ocrx_word' id='word_1_204' title='bbox 766 2534 883 2587; x_wconf 88' lang='lat' dir='ltr'>motum</span> <span class='ocrx_word' id='word_1_205' title='bbox 900 2521 978 2585; x_wconf 79' lang='lat' dir='ltr'>sicut</span> <span class='ocrx_word' id='word_1_206' title='bbox 992 2517 1137 2585; x_wconf 88' lang='lat' dir='ltr'>accidens</span> 
     </span>
     <span class='ocr_line' id='line_1_28' title="bbox 213 2606 1137 2697; baseline 0.004 -28"><span class='ocrx_word' id='word_1_207' title='bbox 213 2628 230 2669; x_wconf 86' lang='lat' dir='ltr'>a</span> <span class='ocrx_word' id='word_1_208' title='bbox 253 2626 309 2673; x_wconf 85' lang='lat' dir='ltr'>tuo</span> <span class='ocrx_word' id='word_1_209' title='bbox 331 2606 481 2692; x_wconf 88' lang='lat' dir='ltr'>subjecto.</span> <span class='ocrx_word' id='word_1_210' title='bbox 506 2608 537 2673; x_wconf 80' lang='lat' dir='ltr'>st</span> <span class='ocrx_word' id='word_1_211' title='bbox 562 2628 637 2693; x_wconf 88' lang='lat' dir='ltr'>ergo</span> <span class='ocrx_word' id='word_1_212' title='bbox 661 2624 782 2697; x_wconf 89' lang='lat' dir='ltr'>tempus</span> <span class='ocrx_word' id='word_1_213' title='bbox 804 2623 944 2675; x_wconf 89' lang='lat' dir='ltr'>nostrum</span> <span class='ocrx_word' id='word_1_214' title='bbox 960 2606 1137 2673; x_wconf 88' lang='lat' dir='ltr'>considere·</span> 
     </span>
     <span class='ocr_line' id='line_1_29' title="bbox 212 2694 1136 2779; baseline 0.004 -21"><span class='ocrx_word' id='word_1_215' title='bbox 212 2709 262 2760; x_wconf 92' lang='lat' dir='ltr'>tur</span> <span class='ocrx_word' id='word_1_216' title='bbox 297 2694 476 2774; x_wconf 81' lang='lat' dir='ltr'>formaliter,</span> <span class='ocrx_word' id='word_1_217' title='bbox 499 2710 544 2761; x_wconf 90' lang='lat' dir='ltr'>est</span> <span class='ocrx_word' id='word_1_218' title='bbox 567 2717 716 2765; x_wconf 87' lang='lat' dir='ltr'>numerus</span> <span class='ocrx_word' id='word_1_219' title='bbox 752 2698 815 2763; x_wconf 84' lang='lat' dir='ltr'>sire</span> <span class='ocrx_word' id='word_1_220' title='bbox 851 2699 943 2764; x_wconf 86' lang='lat' dir='ltr'>etiam</span> <span class='ocrx_word' id='word_1_221' title='bbox 980 2697 1136 2779; x_wconf 79' lang='lat' dir='ltr'>quantitas</span> 
     </span>
     <span class='ocr_line' id='line_1_30' title="bbox 211 2785 1134 2873; baseline 0.002 -26"><span class='ocrx_word' id='word_1_222' title='bbox 211 2785 352 2862; x_wconf 84' lang='lat' dir='ltr'>discreta3</span> <span class='ocrx_word' id='word_1_223' title='bbox 374 2786 439 2864; x_wconf 87' lang='lat' dir='ltr'>sed,</span> <span class='ocrx_word' id='word_1_224' title='bbox 463 2788 581 2851; x_wconf 87' lang='lat' dir='ltr'>ratione</span> <span class='ocrx_word' id='word_1_225' title='bbox 604 2788 652 2853; x_wconf 90' lang='lat' dir='ltr'>sui</span> <span class='ocrx_word' id='word_1_226' title='bbox 675 2786 871 2873; x_wconf 87' lang='lat' dir='ltr'>subjecti,est</span> <span class='ocrx_word' id='word_1_227' title='bbox 886 2785 1038 2871; x_wconf 87' lang='lat' dir='ltr'>quantitas</span> <span class='ocrx_word' id='word_1_228' title='bbox 1061 2805 1134 2849; x_wconf 90' lang='lat' dir='ltr'>con·</span> 
     </span>
     <span class='ocr_line' id='line_1_31' title="bbox 210 2874 1135 2961; baseline 0.002 -24"><span class='ocrx_word' id='word_1_229' title='bbox 210 2874 305 2951; x_wconf 88' lang='lat' dir='ltr'>tinua;</span> <span class='ocrx_word' id='word_1_230' title='bbox 329 2874 412 2939; x_wconf 91' lang='lat' dir='ltr'>unda</span> <span class='ocrx_word' id='word_1_231' title='bbox 436 2889 557 2961; x_wconf 88' lang='lat' dir='ltr'>tempus</span> <span class='ocrx_word' id='word_1_232' title='bbox 583 2896 645 2942; x_wconf 91' lang='lat' dir='ltr'>non</span> <span class='ocrx_word' id='word_1_233' title='bbox 662 2891 707 2943; x_wconf 89' lang='grc' dir='ltr'>εει</span> <span class='ocrx_word' id='word_1_234' title='bbox 722 2897 871 2944; x_wconf 83' lang='grc' dir='ltr'><strong>ιιιιιιιειιιι</strong></span> <span class='ocrx_word' id='word_1_235' title='bbox 894 2874 1064 2952; x_wconf 86' lang='lat' dir='ltr'>absolutus,</span> <span class='ocrx_word' id='word_1_236' title='bbox 1079 2874 1135 2939; x_wconf 86' lang='lat' dir='ltr'>sed</span> 
     </span>
     <span class='ocr_line' id='line_1_32' title="bbox 209 2961 1134 3049; baseline 0.003 -24"><span class='ocrx_word' id='word_1_237' title='bbox 209 2962 376 3049; x_wconf 84' lang='lat' dir='ltr'>applicatus</span> <span class='ocrx_word' id='word_1_238' title='bbox 401 2964 503 3029; x_wconf 88' lang='lat' dir='ltr'>rebus.</span> <span class='ocrx_word' id='word_1_239' title='bbox 542 2965 703 3045; x_wconf 78' lang='lat' dir='ltr'>Quantitas</span> <span class='ocrx_word' id='word_1_240' title='bbox 737 2979 840 3031; x_wconf 90' lang='lat' dir='ltr'>autem</span> <span class='ocrx_word' id='word_1_241' title='bbox 874 2964 1006 3029; x_wconf 88' lang='lat' dir='ltr'>discreta</span> <span class='ocrx_word' id='word_1_242' title='bbox 1039 2961 1134 3028; x_wconf 86' lang='lat' dir='ltr'>habet</span> 
     </span>
     <span class='ocr_line' id='line_1_33' title="bbox 211 3052 1133 3138; baseline 0.002 -24"><span class='ocrx_word' id='word_1_243' title='bbox 211 3052 362 3136; x_wconf 83' lang='lat' dir='ltr'>originem</span> <span class='ocrx_word' id='word_1_244' title='bbox 386 3072 403 3118; x_wconf 96' lang='lat' dir='ltr'>a</span> <span class='ocrx_word' id='word_1_245' title='bbox 428 3052 597 3138; x_wconf 88' lang='lat' dir='ltr'>quantitate</span> <span class='ocrx_word' id='word_1_246' title='bbox 620 3055 777 3133; x_wconf 89' lang='lat' dir='ltr'>continua,</span> <span class='ocrx_word' id='word_1_247' title='bbox 800 3067 833 3119; x_wconf 93' lang='lat' dir='ltr'>ut</span> <span class='ocrx_word' id='word_1_248' title='bbox 855 3053 965 3118; x_wconf 87' lang='lat' dir='ltr'>dicitur</span> <span class='ocrx_word' id='word_1_249' title='bbox 987 3052 1019 3115; x_wconf 90' lang='lat' dir='ltr'>iu</span> <span class='ocrx_word' id='word_1_250' title='bbox 1042 3052 1133 3116; x_wconf 89' lang='lat' dir='ltr'>tertio</span> 
     </span>
     <span class='ocr_line' id='line_1_34' title="bbox 209 3140 1133 3229; baseline 0.001 -25"><span class='ocrx_word' id='word_1_251' title='bbox 209 3140 424 3225; x_wconf 72' lang='lat' dir='ltr'>physicorum</span> <span class='ocrx_word' id='word_1_252' title='bbox 454 3154 579 3229; x_wconf 88' lang='lat' dir='ltr'>propter</span> <span class='ocrx_word' id='word_1_253' title='bbox 617 3142 798 3209; x_wconf 83' lang='lat' dir='ltr'>diuisionem</span> <span class='ocrx_word' id='word_1_254' title='bbox 822 3142 904 3208; x_wconf 90' lang='lat' dir='ltr'>enirn</span> <span class='ocrx_word' id='word_1_255' title='bbox 927 3140 1065 3207; x_wconf 83' lang='lat' dir='ltr'>continui</span> <span class='ocrx_word' id='word_1_256' title='bbox 1087 3153 1133 3205; x_wconf 81' lang='lat' dir='ltr'>eat</span> 
     </span>
     <span class='ocr_line' id='line_1_35' title="bbox 210 3227 1131 3308; baseline 0.001 -16"><span class='ocrx_word' id='word_1_257' title='bbox 210 3229 327 3296; x_wconf 88' lang='lat' dir='ltr'>additio</span> <span class='ocrx_word' id='word_1_258' title='bbox 343 3230 374 3295; x_wconf 92' lang='lat' dir='ltr'>in</span> <span class='ocrx_word' id='word_1_259' title='bbox 391 3250 532 3308; x_wconf 83' lang='lat' dir='ltr'>numer03</span> <span class='ocrx_word' id='word_1_260' title='bbox 556 3250 614 3297; x_wconf 89' lang='lat' dir='ltr'>nec</span> <span class='ocrx_word' id='word_1_261' title='bbox 638 3229 738 3297; x_wconf 78' lang='lat' dir='ltr'>forent</span> <span class='ocrx_word' id='word_1_262' title='bbox 760 3234 840 3299; x_wconf 87' lang='lat' dir='ltr'>duae</span> <span class='ocrx_word' id='word_1_263' title='bbox 863 3232 995 3295; x_wconf 77' lang='lat' dir='ltr'>unitates</span> <span class='ocrx_word' id='word_1_264' title='bbox 1017 3227 1131 3293; x_wconf 83' lang='lat' dir='ltr'>lacien-</span> 
     </span>
     <span class='ocr_line' id='line_1_36' title="bbox 207 3319 1132 3406; baseline 0.003 -26"><span class='ocrx_word' id='word_1_265' title='bbox 207 3332 254 3383; x_wconf 89' lang='lat' dir='ltr'>tes</span> <span class='ocrx_word' id='word_1_266' title='bbox 279 3339 443 3385; x_wconf 89' lang='lat' dir='ltr'>numerum</span> <span class='ocrx_word' id='word_1_267' title='bbox 468 3319 641 3406; x_wconf 89' lang='lat' dir='ltr'>aliquarum</span> <span class='ocrx_word' id='word_1_268' title='bbox 665 3342 781 3400; x_wconf 90' lang='lat' dir='ltr'>rerum,</span> <span class='ocrx_word' id='word_1_269' title='bbox 796 3321 854 3396; x_wconf 84' lang='lat' dir='ltr'>nisi</span> <span class='ocrx_word' id='word_1_270' title='bbox 870 3320 941 3385; x_wconf 87' lang='lat' dir='ltr'>illae</span> <span class='ocrx_word' id='word_1_271' title='bbox 963 3338 1014 3385; x_wconf 86' lang='lat' dir='ltr'>res</span> <span class='ocrx_word' id='word_1_272' title='bbox 1028 3330 1132 3383; x_wconf 87' lang='lat' dir='ltr'>essent</span> 
     </span>
     <span class='ocr_line' id='line_1_37' title="bbox 206 3403 1222 3486; baseline 0.001 -17"><span class='ocrx_word' id='word_1_273' title='bbox 206 3406 321 3471; x_wconf 88' lang='lat' dir='ltr'>divisae</span> <span class='ocrx_word' id='word_1_274' title='bbox 337 3408 534 3486; x_wconf 78' lang='lat' dir='ltr'>abinvicem,</span> <span class='ocrx_word' id='word_1_275' title='bbox 550 3411 580 3474; x_wconf 90' lang='lat' dir='ltr'>iu</span> <span class='ocrx_word' id='word_1_276' title='bbox 604 3428 638 3473; x_wconf 90' lang='lat' dir='ltr'>se</span> <span class='ocrx_word' id='word_1_277' title='bbox 655 3422 758 3475; x_wconf 90' lang='lat' dir='ltr'>tamen</span> <span class='ocrx_word' id='word_1_278' title='bbox 782 3412 947 3477; x_wconf 86' lang='lat' dir='ltr'>retinentes</span> <span class='ocrx_word' id='word_1_279' title='bbox 970 3407 1129 3473; x_wconf 83' lang='lat' dir='ltr'>unitatem.</span> <span class='ocrx_word' id='word_1_280' title='bbox 1221 3403 1222 3426; x_wconf 65' lang='lat'>¹</span> 
     </span>
     <span class='ocr_line' id='line_1_38' title="bbox 206 3492 1131 3584; baseline 0.006 -29"><span class='ocrx_word' id='word_1_281' title='bbox 206 3492 321 3559; x_wconf 85' lang='lat' dir='ltr'>Divisio</span> <span class='ocrx_word' id='word_1_282' title='bbox 344 3508 447 3561; x_wconf 91' lang='lat' dir='ltr'>autem</span> <span class='ocrx_word' id='word_1_283' title='bbox 471 3516 576 3563; x_wconf 92' lang='lat' dir='ltr'>rerum</span> <span class='ocrx_word' id='word_1_284' title='bbox 599 3498 801 3582; x_wconf 71' lang='lat' dir='ltr'>singularium</span> <span class='ocrx_word' id='word_1_285' title='bbox 837 3497 977 3584; x_wconf 80' lang='lat' dir='ltr'>ejusdem</span> <span class='ocrx_word' id='word_1_286' title='bbox 1014 3496 1131 3582; x_wconf 81' lang='lat' dir='ltr'>speciei</span> 
     </span>
    </p>
   </div>
   <div class='ocr_carea' id='block_1_4' title="bbox 0 0 1246 3975">
    <p class='ocr_par' dir='ltr' id='par_1_5' title="bbox 0 0 1246 3975">
     <span class='ocr_line' id='line_1_39' title="bbox 0 0 1246 3975; baseline 0 6"><span class='ocrx_word' id='word_1_287' title='bbox 0 0 1246 3975; x_wconf 95' lang='lat' dir='ltr'> </span> 
     </span>
    </p>
   </div>
  </div>
 </body>
</html>
