2484 3975
421 256 478 303 arn.
502 258 539 301 rr.
564 254 628 301 etr.
653 255 714 299 trra
974 235 1016 301 Sl

98 322 218 414 ¹Ssneto
240 324 397 390 mentione
421 346 484 389 non
507 326 597 401 laetu3
631 338 663 387 et
696 323 816 388 dieitur.
854 322 940 389 Haeo
976 336 1023 391 eat

105 415 170 479 uita
192 425 329 493 aeterno,
353 424 386 478 ut
408 427 591 499 uopnosrunt
611 425 639 478 te
660 413 761 477 solum
785 411 1022 491 dissenserunt,

103 514 245 587 atquem
268 503 379 567 misisti
399 504 503 568 lesum
529 502 695 578 Christum,
714 500 814 579 loen,
838 502 891 578 17,
913 504 945 579 5,
968 502 1020 567 ubi

102 590 197 655 etiam
221 591 260 656 de
283 590 398 679 Spiritu
421 591 532 657 Sancto
554 591 672 657 mentio
695 610 756 655 uon
780 589 836 656 'lit
860 590 1022 675 Apostolus

103 680 196 744 etiam
219 678 300 745 dieit:
328 678 440 745 Gratia
462 679 557 760 uobis,
580 691 609 744 et
628 696 695 764 poe
716 700 737 743 u
758 678 824 744 Deo
852 678 945 743 Potae
966 699 1023 743 no·

102 777 168 833 atro
191 779 222 833 et
245 769 375 833 Domino
396 769 469 833 lesu
494 769 625 847 Christo,
648 769 748 845 Rom,
771 768 801 847 1,
824 769 856 846 7;
872 781 911 832 et:
924 765 1022 833 Nobis

103 875 184 923 uuus
207 856 301 930 Deris,
323 856 428 937 Pater,
451 877 488 921 eu
509 878 567 942 quo
590 858 705 935 omnio,
727 867 756 921 et
784 877 841 921 noa
861 857 896 921 in
916 857 1021 931 illum,-

104 956 134 1008 et
155 964 235 1009 artus
257 944 408 1011 Dominus
429 946 517 1011 lesus
542 947 692 1023 Christus,
709 966 769 1030 per
795 966 884 1031 queat
904 947 1020 1023 omniu,

105 1042 136 1096 et
156 1052 281 1117 uesper
293 1034 404 1117 ipsum,
424 1036 438 1100 1
466 1034 534 1100 Cor.
558 1034 590 1113 8,
613 1035 645 1113 6,
661 1039 692 1099 in
708 1034 822 1121 quibus
834 1036 926 1099 etism
942 1035 1020 1102 nibil

103 1120 144 1186 de
166 1120 279 1207 Spiritu
302 1123 415 1188 Sancto
438 1123 558 1189 dieitur.
597 1123 722 1191 Videtur
759 1124 852 1207 igitur
888 1123 1019 1211 Spiritus

102 1208 233 1275 Sanetus
256 1210 340 1276 Deus
364 1232 425 1277 non
449 1232 527 1279 esse.

166 1297 315 1386 Amplius,
339 1299 442 1365 Omne
465 1300 548 1387 quod
572 1314 713 1365 movebar
744 1313 882 1366 creatum
906 1312 961 1371 ese
984 1322 1019 1365 o·

102 1399 241 1453 stensum
264 1402 310 1453 est
332 1391 415 1455 enim
440 1390 470 1454 in
495 1390 594 1476 primo
617 1389 810 1455 libroDenm
825 1389 1018 1456 immobilem

100 1492 179 1541 osse.
203 1476 328 1562 Spiritui
351 1491 454 1543 sutem
479 1478 591 1543 Senatu
613 1477 768 1564 Scriptura
784 1478 1018 1544 divinamotum

100 1564 248 1641 attribuis
272 1566 383 1632 dieitur
404 1570 497 1632 enim:
524 1566 733 1650 Spiritusllei
752 1566 1019 1651 ferebatursuper

93 1652 321 1737 assuetior„
346 1656 430 1735 1,1;
461 1669 500 1720 et:
538 1654 704 1742 Effundam
740 1657 885 1740 spiritum
916 1675 1019 1720 mum

99 1762 195 1825 super
218 1762 338 1807 omnem
360 1764 494 1822 curnem,
515 1743 604 1823 leel,
627 1745 660 1823 2,
682 1742 736 1810 28.
763 1744 889 1812 Videtur
925 1744 1019 1828 igitur

100 1829 234 1916 Spiritus
257 1830 386 1897 Sanetus
409 1846 548 1899 ereatura
572 1853 650 1899 esse.
1006 1860 1009 1866 ’
1148 1847 1152 1851 ’

169 1916 572 2009 reseruassemus
596 1934 696 2010 potest
720 1922 826 2008 augeri
853 1920 903 1988 rel
924 1920 1018 1988 dividi

102 2007 254 2072 mutabile
276 2024 322 2074 est
344 2023 374 2074 et
396 2025 544 2077 creatum.
568 2011 633 2078 llue
655 2025 758 2078 autem
781 2011 906 2098 Spiritui
943 2010 1018 2078 San·

93 2106 150 2159 -eto
173 2096 205 2160 in
230 2096 393 2184 Scripturis
416 2099 516 2166 Sacris
539 2101 663 2166 attribui
687 2100 818 2168 videsue
846 2101 1016 2166 dieitenim

98 2182 252 2250 Dominus
275 2187 314 2250 ad
350 2187 486 2274 Moysen:
521 2189 679 2274 Conprepo
714 2189 791 2254 mibi
822 2189 1017 2274 septuupintu

97 2273 184 2337 uirus
206 2275 245 2338 de
266 2275 388 2340 senibus
411 2276 553 2358 laruel...‚
591 2288 620 2341 et
656 2279 798 2362 ausuum
829 2281 870 2342 de
906 2279 1018 2361 spiritu

101 2372 163 2440 tuo,
186 2363 369 2445 tradamque
393 2367 446 2442 eis,
468 2366 605 2444 Numen,
628 2367 681 2441 11,
706 2366 818 2443 1617,
853 2378 884 2430 et
906 2365 1018 2430 dieitur

101 2448 185 2533 quod
210 2451 344 2518 Elisseae
366 2451 405 2517 ab
428 2453 490 2519 Elis
513 2455 606 2539 petiiu
632 2454 768 2519 Obsecro
788 2465 824 2519 ut
843 2454 946 2541 {iulio
968 2473 1017 2519 me

98 2537 216 2622 duplas
236 2541 366 2622 spiritua
389 2552 467 2620 turta,
504 2542 634 2626 lileg„
656 2544 689 2620 2,
722 2543 754 2619 9,
791 2556 821 2607 et
856 2541 936 2608 Elias
966 2561 1017 2608 re·

99 2630 234 2712 spondit:
259 2627 293 2694 Si
314 2630 430 2694 uideris
452 2651 509 2710 me,
535 2632 658 2715 quatuo
690 2633 791 2696 tollor
824 2650 846 2695 o
882 2643 922 2708 te,
959 2631 1020 2696 erit
1107 2672 1114 2679 -

101 2713 158 2779 ott
178 2718 260 2801 quad
281 2719 396 2802 petisti,
419 2719 506 2800 lbid.,
531 2721 581 2785 10.
615 2718 743 2787 Videtur
774 2739 849 2804 orgo
887 2718 1016 2806 Spiritus

96 2801 228 2872 Sanctus
250 2826 318 2872 esse
340 2808 494 2874 mutabilis
516 2822 548 2873 et
570 2828 632 2873 non
655 2829 724 2874 esse
743 2807 838 2873 Deus.

160 2893 248 2974 ltem,
271 2895 305 2960 ln
329 2895 429 2962 Deum
452 2898 571 2964 tristitia
594 2897 791 2962 uudero‘non
814 2909 1012 2983 potestesse

95 2979 216 3047 tristitia
241 2982 342 3070 passio
364 2986 517 3072 quaedam
540 2988 588 3061 siu
612 2985 696 3050 Deus
734 2999 838 3050 autem
874 2986 1014 3072 impassi-

95 3068 166 3135 bilis
187 3084 243 3138 est.
266 3071 353 3138 Cadit
376 3088 479 3139 autem
503 3073 621 3138 tristitia
645 3074 678 3138 in
691 3073 841 3161 Spiritum
855 3073 1015 3155 Sauetuuu

96 3159 180 3225 unde
203 3161 364 3247 Apostolus
387 3163 468 3227 dicit:
506 3161 610 3228 Nolite
644 3166 827 3230 consistere
864 3163 1015 3247 Spiritum

96 3245 246 3314 Sortem
268 3250 337 3329 Dei,
367 3251 488 3337 Ephes,
511 3250 543 3330 1,
580 3251 634 3328 503
656 3266 686 3317 et
710 3251 845 3319 dieitur:
882 3251 949 3335 Ipsi
970 3254 1015 3317 od

92 3337 291 3402 iracundiam
311 3351 615 3423 pesseverantes
653 3340 832 3428 afflixerunt
862 3338 1014 3424 Spiritum

94 3423 244 3492 Βαιιοιιιηι
262 3429 341 3510 ejne
364 3427 442 3506 lsai,
465 3428 519 3507 65,
543 3430 594 3495 10.
618 3428 748 3497 Videtur
768 3429 862 3515 igitur
883 3429 1014 3516 Spiritus

95 3513 228 3580 Samius
248 3515 332 3582 Deus
352 3536 520 3583 uouessa.
636 3575 653 3584 ..
782 3549 805 3585 ‚⁴

141 3601 172 3668 S.
200 3602 255 3669 rt.
280 3603 423 3674 Summae
445 3607 525 3674 l'ltil.
550 3605 584 3678 V.
607 3606 638 3692 «1,
946 3608 970 3674 s
