2484 3975
200 329 203 336 Ι
247 292 249 305 .
354 265 393 312 us
416 252 744 312 unrrtru'rurstuscrus
943 245 1007 311 itu

80 336 192 402 anima
216 345 262 400 eat
285 333 314 398 id
338 335 421 421 quod
445 335 537 399 babet
560 337 615 402 bas
639 337 776 411 uirtutes,
797 346 827 398 et
850 333 928 399 sicut
950 355 1007 421 po·

80 432 151 491 sica
176 421 413 502 declarabimus,
436 438 481 488 est
504 425 672 490 substantia
703 423 835 490 solitaria
874 442 930 508 per
962 443 1007 498 se,

79 527 168 596 quae
192 511 285 579 babet
306 513 506 599 aptitudinem
531 514 568 579 ud
593 514 737 592 actiones,
758 532 901 616 querum.
913 531 1007 597 quae·

79 603 160 667 dam
185 614 257 666 sunt
277 621 357 686 quac
381 622 442 667 nun
478 602 677 690 perliciuu'tur
710 603 766 667 nisi
801 620 856 688 per
895 600 1006 666 lustru

79 705 193 756 menta
217 704 246 756 et
270 711 324 776 pcr
346 711 435 757 usum
470 711 579 756 eorum
615 690 677 755 ullo
712 689 816 768 modo,
852 688 1006 776 quaedam

82 799 203 844 seros
188 793 259 844 sunt
282 779 392 864 quibus
415 801 477 846 uon
501 792 572 845 surtt
596 780 765 844 necessaria
804 778 1006 843 instrumenta

81 869 194 970 aliqnp
218 868 364 934 ruodo».
391 867 507 948 ltem,
501 890 530 933 m
554 871 652 954 prima
681 881 776 953 parte,
815 867 888 932 dicit
925 867 1009 953 quod

90 986 112 1016 ι
132 958 236 1022 anima
260 957 393 1023 bumana
417 972 462 1021 cet
485 957 630 1044 perfectio
665 960 761 1044 prima
784 955 922 1041 corporis
953 976 1009 1019 ua

84 1045 198 1112 turalis
221 1045 469 1124 instrumentalis,
503 1047 673 1111 secundum
712 1044 795 1131 quod
833 1043 1010 1110 attribuitur

84 1136 114 1199 ei
144 1155 237 1220 agere
260 1135 386 1201 actionis
408 1135 552 1201 electivae
574 1135 803 1200 deliberationis
830 1146 861 1198 et
883 1133 1007 1197 adinre

83 1224 159 1289 nire
182 1223 358 1290 meditando
381 1223 443 1307 (l),
466 1237 495 1288 et
518 1224 688 1290 seeundum
712 1224 771 1289 boc
786 1221 871 1311 quod
898 1241 1009 1309 appre-

87 1313 200 1376 lrendit
224 1312 461 1379 universalia»
485 1313 548 1380 Sed
574 1333 680 1377 verum
703 1325 750 1377 est
785 1311 868 1399 quod
903 1325 1008 1398 postea

86 1402 166 1466 dicit
190 1413 219 1464 et
243 1401 360 1487 probat.
391 1403 462 1466 «Et
486 1403 587 1467 anima
612 1397 757 1479 bumana,
783 1400 953 1466 secundum
977 1399 1009 1464 id

85 1489 175 1576 quod
198 1502 243 1554 cst
266 1489 322 1555 sibi
347 1491 515 1594 proprium,
538 1490 653 1556 scilicet
674 1490 844 1555 secundum
878 1491 940 1553 viat
963 1489 1010 1553 in-

86 1578 287 1657 tellectiram,
311 1601 371 1644 non
396 1581 439 1644 sic
460 1599 495 1644 sc
518 1581 609 1646 habet
633 1579 672 1644 ad
695 1598 807 1664 corpus
845 1591 875 1642 ut
901 1578 1011 1655 iorma,

85 1688 149 1734 nec
173 1681 241 1751 eget
264 1681 297 1732 ut
320 1668 377 1733 sibi
402 1682 601 1755 praeparetur
631 1687 783 1751 organum
806 1693 836 1730 ι

161 1756 282 1820 Deinde
304 1755 518 1859 subjungendp
558 1770 628 1822 suut
661 1755 753 1820 uerba
789 1755 936 1840 Alguzelis
972 1753 1016 1818 sic

90 1843 234 1910 dicentis.
264 1873 278 1904 ι
300 1845 377 1912 Cum
401 1846 578 1910 commixtio
600 1845 824 1910 elementorum
837 1843 928 1909 luent
950 1841 1018 1929 pul·

92 1934 226 2000 ebrioris
250 1947 280 1999 et
303 1932 491 2021 perfectioris
514 1934 716 2021 aequalitatis,
739 1953 799 2019 qua
822 1933 900 1999 nibil
924 1932 1019 2021 possit

90 2024 222 2090 inueniri
247 2023 389 2089 subtilius
412 2037 441 2090 et
466 2024 644 2109 pulchrius,
683 2037 756 2088 tunc
779 2024 830 2090 liet
868 2036 936 2110 apta
976 2020 1015 2086 ad

89 2104 304 2197 recipiendum
329 2132 345 2175 a
369 2104 476 2178 dature
500 2111 669 2178 lornrarum
693 2111 828 2179 formam
860 2111 1016 2215 pulchrio-

91 2220 161 2267 rem
185 2200 251 2265 aliis
275 2199 391 2278 lormis,
415 2222 493 2286 quae
516 2215 561 2265 est
583 2202 686 2267 anima
711 2203 898 2269 bominis».
919 2198 1014 2286 Hujus

91 2310 168 2354 reru
190 2290 311 2353 animae
334 2290 486 2355 humanae
509 2290 588 2355 duae
609 2305 682 2355 suut
696 2291 832 2364 uirtutes,
856 2310 916 2355 una
938 2311 1013 2376 ope·

92 2398 166 2443 rans
188 2396 218 2443 ct
241 2379 336 2443 altera
357 2379 456 2443 sciens
484 2398 576 2464 quam
615 2392 703 2445 vocat
740 2381 940 2453 intellectum,
979 2391 1012 2443 ut

93 2486 132 2533 ex
155 2467 412 2552 consequentibus
435 2482 525 2554 patet.
550 2468 584 2532 lit
607 2485 710 2554 postea
735 2469 1012 2552 multisarguoren·

94 2558 134 2622 tis
157 2556 265 2642 probat
287 2556 370 2641 qtrod
394 2558 531 2645 operatio
555 2556 725 2624 intellectus
741 2578 803 2622 uon
826 2556 860 2623 ur
883 2576 938 2643 per
959 2576 1010 2622 or·

94 2666 211 2731 ganum
234 2644 405 2729 corporale.

164 2733 228 2797 Hoc
250 2747 352 2798 autem
376 2734 600 2820 praemisimus,
624 2754 685 2798 non
708 2734 794 2820 quasi
817 2733 953 2798 uolentes
974 2752 1014 2797 ex

100 2822 355 2909 pbilosophorum
379 2823 608 2889 auctoritatibus
643 2824 809 2909 reprobare
842 2822 1018 2909 supraposi-

99 2924 167 2975 tum
191 2930 342 2989 errorem,
363 2910 417 2975 sed
441 2926 473 2977 ut
496 2911 694 2977 ostendamus
716 2912 799 2997 quod
830 2932 892 2975 nou
916 2911 1016 2976 solum

103 2999 213 3077 Latini,
234 3020 366 3084 quorum
390 3000 482 3065 uerba
506 2999 691 3086 quibusdam
714 3020 778 3065 non
801 3000 932 3086 sapiunt,
966 2998 1021 3064 sed

101 3101 133 3153 et
155 3088 262 3153 Graeci
285 3103 316 3152 et
338 3089 453 3154 Arabes
477 3089 536 3155 hoc
558 3103 721 3155 senserunt
743 3088 826 3175 quod
850 3088 1022 3153 intellectus

102 3176 141 3243 sit
164 3198 233 3263 pars
257 3177 304 3241 vel
329 3180 462 3263 potentia
502 3178 565 3242 siue
588 3178 682 3241 virtus
705 3178 826 3242 animae
861 3196 940 3262 quac
977 3189 1024 3240 est

103 3284 215 3353 corpor
217 3267 241 3330 is
264 3264 372 3331 iorma
397 3266 483 3331 Unde
506 3265 602 3330 miror
624 3284 661 3330 ex
684 3266 796 3352 qrribus
834 3264 1022 3351 peripatetici

154 3404 193 3474 (l)
213 3404 356 3459 &mudum
373 3406 440 3475 quod
457 3403 647 3458 attribuitur...
664 3405 681 3458 i.
699 3419 723 3458 e
743 3404 886 3459 secundum
915 3406 1024 3461 actionis

103 3475 437 3605 ἓίῗίιιιιᾌέιιίιιοιιιίοιιῖε
454 3474 524 3548 quod
542 3491 566 3529 er
559 3470 735 3532 attribuitur
744 3492 821 3547 agere
832 3482 859 3533 et
871 3475 1022 3531 adinvenire

185 3564 217 3601 an
