2484 3975
327 261 364 304 on
387 258 572 304 soosrrurns
594 259 748 304 seransrrs
940 239 1001 304 471

90 339 185 392 autern
209 329 415 413 corporalium
438 347 543 394 rerum
578 329 713 413 suscipit·
739 325 872 392 sormam
910 330 1002 413 purti-

89 417 235 492 oulariter‚
258 417 334 480 idest
357 438 418 482 non
442 416 612 482 secundum
636 435 834 481 communem
851 414 1002 482 rationem

90 504 213 582 lorruae;
227 526 283 569 nec
295 508 354 572 boo
377 507 469 571 babet
492 507 618 570 materia
637 504 804 592 corporalis
821 505 1003 589 inquantum

88 593 327 659 dimensionibus
349 595 510 681 subjicitur
530 609 583 659 aut
606 595 724 659 iorrnue
747 593 908 678 corporali,
931 594 1003 679 quia

87 683 174 747 etiam
196 683 294 769 ipsam
318 684 449 750 formam
471 683 663 770 corporalem
688 681 915 747 individualiter
938 703 1002 746 mu·

86 772 157 836 teria
179 771 346 856 corporalis
368 774 485 859 recipit;
507 772 591 837 unde
614 771 811 836 manifestum
850 769 882 835 lit
919 769 1003 857 quod

85 860 142 925 boc
165 862 308 925 conuenit
331 861 381 926 tali
405 861 553 926 materiae
568 881 608 926 ex
633 861 696 947 ipsa
721 873 829 924 natura
845 861 1003 938 materiae,

85 969 172 1034 quae,
201 949 274 1034 quia
309 963 356 1014 est
390 951 506 1028 inlima,
541 949 732 1016 debilissimo
767 948 860 1014 modo
898 950 1005 1035 recipit

85 1037 213 1102 lormam
251 1038 311 1122 (lit
334 1039 418 1104 enim
453 1039 589 1125 receptio
623 1037 795 1104 secuudum
830 1036 1004 1122 recipientis

84 1139 224 1190 naturum
239 1133 262 1208 ),
285 1139 316 1191 ct
338 1148 393 1214 per
416 1127 475 1194 boc
499 1129 634 1192 maxime
671 1125 774 1192 deficit
797 1147 814 1190 a
852 1126 1004 1211 completa

83 1215 200 1281 ratione
222 1214 350 1296 lormae,
372 1235 453 1303 quae
476 1230 522 1281 est
532 1217 705 1282 secuudum
717 1216 895 1280 totalitatem
908 1215 1003 1301 ipsius

84 1303 330 1388 particularitatis
368 1306 465 1392 ipsam
504 1307 688 1390 recipientis.
726 1303 920 1368 Manifestum
957 1317 1004 1369 est

83 1406 186 1456 autem
209 1393 291 1479 quod
316 1395 416 1458 omnis
449 1393 617 1459 substantia
652 1392 864 1459 intellectualis
897 1394 1004 1479 recipit

83 1479 215 1545 sormam
247 1482 444 1561 intellectam,
477 1483 649 1548 secundum
687 1503 774 1547 suam
814 1481 1004 1559 totalitatem3

81 1569 218 1656 alioquin
246 1573 367 1635 eumin
390 1592 445 1636 sua
473 1572 619 1636 totalitate
657 1570 829 1654 intelligere
867 1589 928 1634 rron
954 1590 1003 1634 ra·

81 1657 168 1736 lorea
184 1659 227 1723 sio
250 1661 332 1723 enirn
369 1659 541 1726 intellectus
564 1660 707 1743 intelligit
731 1679 796 1723 reru
831 1657 1003 1724 secundum

79 1747 163 1831 quod
188 1746 286 1812 forma
311 1747 376 1833 ejus
400 1749 430 1812 in
454 1749 520 1836 ipso
553 1748 662 1814 existit.
685 1747 877 1832 Relinquitur
911 1747 1003 1832 igitur

78 1836 162 1922 quod
187 1837 324 1915 materia,
347 1836 372 1902 si
395 1857 454 1922 qua
477 1839 516 1903 sit
539 1839 568 1901 in
592 1836 800 1924 spiritualibus
816 1835 1003 1914 substantiis,

78 1939 211 1991 nonest
236 1926 346 1990 eadem
369 1946 440 1991 cum
479 1928 606 1991 materia
646 1924 852 2011 corporalium
886 1943 1003 2002 rerum,

78 2014 133 2078 sed
174 2014 272 2079 multo
312 2015 402 2081 altior·
439 2031 469 2079 et
502 2016 674 2092 sublimior,
712 2028 818 2100 utpote
852 2017 1002 2101 recipiens

79 2102 214 2167 sormam
237 2104 408 2169 secundom
432 2106 499 2189 ejus
522 2104 712 2169 totalitatem.

147 2192 265 2269 Adbuc,
289 2193 371 2258 Ultra
395 2192 632 2279 procedentibus
656 2190 852 2256 manifestum
876 2190 1002 2277 fit'quod

78 2294 167 2345 tanto
190 2280 307 2367 aliquid
331 2285 362 2346 in
386 2281 509 2346 entibus
546 2294 592 2345 εει
628 2280 717 2344 altius
753 2294 868 2366 quanto
906 2282 1004 2364 magis

78 2369 174 2435 babet
197 2370 237 2433 de
260 2372 380 2435 ratione
418 2370 549 2435 essendi.
584 2368 780 2435 llanilestum
819 2381 865 2433 εει
898 2382 1002 2433 autern

76 2459 174 2545 quod,
197 2479 268 2523 cunr
292 2480 348 2524 ena
371 2478 426 2544 per
449 2459 619 2545 potentiam
640 2471 670 2521 et
701 2470 803 2521 actum
842 2456 1005 2537 dividatur,

78 2560 168 2613 actus
190 2561 238 2613 εει
263 2549 398 2636 potentia
412 2548 576 2635 perfectior
598 2561 628 2609 et
653 2546 750 2629 magis
778 2544 870 2611 babet
892 2545 933 2610 de
956 2566 1032 2629 τε,

76 2636 164 2701 tione
186 2639 319 2716 essendi
343 2658 404 2702 uon
434 2641 517 2701 eninr
556 2634 735 2719 simpliciter
769 2653 836 2698 esse
874 2633 1005 2699 dicimus

74 2726 164 2809 quod
187 2739 232 2791 est
256 2728 287 2791 in
312 2726 456 2812 potentia,
478 2726 534 2791 sed
556 2724 658 2789 solum
682 2722 765 2809 quod
804 2736 850 2787 est
872 2723 904 2787 in
926 2736 1004 2789 actu.

73 2810 209 2898 Oportet
232 2816 325 2899 igitur
347 2815 377 2880 id
401 2813 484 2900 quod
508 2834 631 2899 semper
654 2826 701 2876 cst
723 2812 864 2896 superius
899 2812 928 2876 in
953 2831 1006 2877 en-

74 2903 159 2967 tibus
183 2905 281 2988 magis
304 2904 451 2969 accedere
474 2904 511 2967 ad
535 2916 649 2978 actum,
680 2901 763 2986 quod
788 2913 890 2964 autern
913 2903 1004 2965 estin

73 2992 202 3057 entibus
226 2993 367 3057 infimum
392 2992 593 3078 propinquius
616 3008 684 3055 esse
724 2992 887 3075 potentiae.
926 2989 1005 3069 Quia

73 3079 172 3163 igitur
196 3084 324 3145 materia
346 3081 550 3169 spiritualium
588 3079 830 3145 substantiarum
864 3098 928 3141 non
952 3099 1005 3164 po-

75 3181 136 3233 test
160 3188 230 3233 esse
253 3171 362 3235 cadem
375 3190 446 3235 cunr
470 3169 678 3255 corporalium
691 3167 829 3243 materia,
843 3165 898 3229 sed
914 3164 1006 3251 longo

74 3255 172 3321 distat
194 3257 234 3322 ab
258 3277 294 3323 ea
317 3272 423 3343 utpote
445 3259 545 3336 altior,
567 3270 601 3321 ut
625 3270 782 3320 ostensum
807 3266 864 3332 εει,
880 3274 1007 3320 necesse

73 3358 124 3409 est
149 3359 182 3409 ut
206 3347 298 3432 louge
314 3348 404 3411 distet
426 3367 442 3410 a
459 3345 668 3431 corporalium
682 3342 821 3421 matoria,
834 3344 1006 3409 secundum

72 3433 288 3500 differentiam
312 3436 468 3523 potentiae
490 3449 521 3499 ει
543 3449 639 3499 actus.
663 3432 877 3519 Corporalium
902 3446 1006 3497 autem

70 3524 209 3591 materia
242 3538 287 3590 eat
323 3525 458 3612 potentia
487 3540 582 3611 pura,
614 3524 786 3589 secundun
821 3522 1005 3587 sententiam
