2484 3975
210 193 276 259 ‘tat
526 212 579 256 tan.
607 213 645 258 tv.
670 213 733 260 car.
757 214 806 260 tv.

276 280 321 349 td
345 281 464 348 tertiam
488 282 581 346 etiarn
605 283 755 349 rationem
782 296 866 370 patet
882 283 1053 372 responsio.
1073 282 1144 351 llo·
1238 285 1239 288 ’

210 393 264 437 mo
287 371 476 450 enimcum
501 370 540 436 sit
561 373 745 438 constitutus
769 391 806 438 ex
830 373 978 460 spirituali
1011 388 1042 439 et
1064 395 1140 440 cor-

210 458 309 548 porali
337 473 458 538 natura,
495 459 581 545 quasi
615 461 773 546 quoddam
815 461 985 527 confinium
1021 475 1140 544 vtenens
1238 541 1239 544 Ἴ

209 549 370 636 utriusque
393 562 531 626 naturae,
554 547 593 612 ad
616 563 713 614 totam
729 549 1067 638 ereaturampettinetc
1092 552 1140 615 vi·

208 637 299 702 detur
321 638 404 724 quod
428 637 469 704 lit
484 658 541 723 pro
564 637 703 702 hominis
726 639 836 714 salute;
860 659 932 703 nam
970 638 1141 704 interiores

209 740 368 792 creaturae
390 727 567 814 corporales
592 729 621 791 in
646 747 737 792 usum
752 729 885 792 hominis
898 727 1009 794 cedere
1029 728 1142 792 viden·-
1238 725 1239 772 t

209 829 260 880 tur
282 830 313 880 et
350 817 378 880 ei
413 815 647 903 quodammodo
686 836 754 882 esse
789 816 957 901 subjectae3
993 819 1142 903 superior·
1238 833 1239 890 f

186 917 313 969 ‚autem
336 919 476 969 creatura
499 905 675 991 spiritualis,
698 905 812 970 scilicet
835 904 1141 990 angelieacommu-

210 1011 250 1056 ne
274 993 367 1057 babet
388 1014 461 1058 oum
486 993 614 1059 homine
637 993 736 1060 ultimi
769 994 838 1059 finis
873 994 1142 1070 consecutionem,

211 1095 244 1145 ut
266 1103 303 1147 ex
326 1081 537 1169 superioribus
559 1096 642 1170 patet
667 1081 713 1166 (l.
738 1084 770 1160 5,
793 1105 820 1148 c.
844 1083 886 1147 t7
911 1095 941 1148 et
964 1087 1077 1169 sequ).
1101 1081 1140 1146 Et

210 1171 254 1235 sic
277 1172 464 1236 conveniens
489 1172 609 1237 videtur
633 1185 665 1236 ut
689 1172 868 1236 uniuersalis
885 1171 1025 1237 omniurn
1042 1188 1137 1236 causa

209 1259 293 1324 illam
317 1273 490 1325 creaturam
527 1260 559 1324 in
594 1261 743 1326 unitatem
779 1279 931 1347 personae
964 1273 1139 1324 assumeret

210 1348 242 1412 io
265 1368 325 1434 qua
360 1349 459 1434 magis
482 1349 690 1414 communicat
712 1368 783 1414 oum
808 1350 953 1414 omnibus
976 1349 1136 1414 creaturis.

275 1437 540 1503 Considerandum
565 1452 613 1504 est
635 1438 730 1503 etium
752 1438 835 1524 quoal
859 1437 954 1502 solius
978 1436 1138 1503 rationalis

209 1539 339 1590 naturae
362 1539 407 1591 est
431 1548 486 1615 per
509 1548 543 1593 se
572 1545 676 1610 agere3
701 1542 861 1592 creaturae
895 1527 978 1590 enim
1015 1526 1137 1591 irratio·

209 1615 296 1680 nales
320 1617 418 1700 magis
441 1631 575 1701 aguntur
597 1617 728 1680 naturali
761 1617 878 1702 impetu
913 1633 1008 1701 quant
1042 1629 1137 1700 agant

209 1723 264 1790 per
286 1704 415 1790 seipsas:
437 1705 520 1770 unde
544 1705 643 1790 magis
666 1717 737 1770 sunt
761 1704 791 1768 in
816 1705 925 1770 ordine
949 1706 1136 1769 instrumen-

208 1792 315 1857 talium
349 1813 512 1859 causarum
546 1815 640 1881 quam
674 1813 708 1859 sc
746 1794 880 1858 habeant
916 1812 971 1878 per
1004 1792 1136 1858 modum

210 1882 385 1968 principalis
407 1885 536 1968 agentis.
559 1882 808 1970 Assumptiouent
833 1895 936 1947 autem
960 1880 1028 1946 talis
1050 1901 1138 1946 crea·

209 1985 295 2036 turae
318 1992 335 2035 a
359 1971 426 2036 [leo
450 1975 585 2058 oportuit
608 1992 676 2037 esse
700 1992 780 2057 quac
794 1990 849 2057 pce
864 1991 897 2036 se
911 1990 1004 2056 agere
1020 1985 1137 2058 posset,

208 2072 366 2145 tamquam
401 2080 496 2145 agens
530 2061 709 2148 principale3
749 2058 819 2124 narn
859 2076 1000 2145 eaquae
1039 2076 1137 2146 agurtt

207 2148 285 2214 sicut
308 2148 510 2214 instrumenta
545 2163 639 2235 argutat
663 2149 694 2213 in
717 2163 868 2235 quantum
892 2161 964 2213 sunt
987 2148 1071 2213 mota
1094 2149 1135 2213 ad

207 2239 376 2322 agendum,
399 2237 567 2324 principale
590 2258 665 2302 uero
688 2256 783 2321 agens
801 2238 901 2323 ipsum
926 2256 982 2323 per
1004 2256 1038 2302 se
1061 2237 1137 2320 agit3

206 2325 330 2411 siquid
355 2326 446 2410 igitur
469 2326 626 2411 agendum
651 2324 708 2389 luit
730 2324 876 2391 divinitus
907 2344 962 2413 per
996 2325 1134 2412 aliquam

207 2414 418 2480 irrationalem
432 2429 618 2491 creaturam,
632 2412 752 2492 sufficit,
768 2414 942 2479 secuudum
954 2413 1133 2499 hujusmodi

207 2516 366 2568 creaturae
401 2503 622 2581 conditionem,
657 2502 741 2589 quod
778 2502 879 2567 solum
915 2516 1134 2569 moveretura

148 2648 153 2655 .
197 2590 284 2672 Deo,
306 2610 370 2657 nou
393 2606 495 2657 autem
519 2592 603 2677 quod
634 2606 845 2657 assumeretur
877 2592 909 2655 in
927 2612 929 2619 ’
944 2606 1075 2678 persona
1099 2604 1135 2657 ut

205 2682 337 2766 ipsamet
359 2696 475 2764 ageret,
498 2682 570 2766 quia
594 2680 655 2745 lroc
671 2680 737 2766 ejus
753 2680 902 2745 naturalis
916 2680 1052 2746 conditio
1069 2700 1134 2745 non

205 2769 324 2854 recipit,
345 2769 526 2835 sed-solum
561 2768 698 2833 eoutlitio
722 2770 878 2835 rationalis
902 2783 1039 2835 naturae.
1062 2768 1133 2835 Non
1202 2811 1205 2836 t

205 2856 298 2941 igitur
321 2856 378 2923 luit
399 2858 587 2923 conueniens
609 2858 694 2944 quod
723 2858 807 2923 Deus
843 2857 977 2945 aliquam
1009 2858 1135 2923 irratio·

203 2944 307 3009 nalem
331 2953 504 3011 ereaturam
527 2959 710 3023 assumeret,
732 2946 789 3011 sed
805 2947 997 3023 rationalem,
1012 2947 1130 3011 scilicet

204 3034 377 3119 angelicam
400 3036 448 3099 uel
471 3037 654 3101 humanam.
679 3035 724 3111 Et,
747 3038 889 3121 quumvis
916 3034 1053 3118 angelica
1077 3056 1134 3098 na-

101 3153 105 3157 ·
157 3144 162 3150 ·
204 3134 284 3200 tura,
306 3138 458 3211 quantum
479 3123 521 3189 ad
543 3123 699 3189 naturales
723 3126 937 3210 proprietates,
956 3124 1134 3188 inaculatur

203 3212 404 3277 excellentior
426 3233 519 3299 quum
545 3216 681 3279 numana
706 3225 883 3290 natarunt
908 3223 1020 3297 quarta
1049 3213 1133 3277 ratio

203 3302 407 3387 proponebat,
428 3317 532 3366 tamen
564 3304 700 3367 huntanu
735 3300 955 3385 congruentius
991 3298 1048 3365 luit
1083 3318 1134 3366 as·
1238 3344 1239 3347 =

202 3403 336 3477 sumpta:
352 3424 396 3437 -
419 3390 524 3455 Primo
546 3390 686 3476 quidem,
720 3392 790 3475 qula
815 3390 847 3453 in
871 3388 997 3453 ltonrine
1022 3402 1134 3476 pecca-

203 3489 270 3543 tum
293 3478 446 3571 espialtilo
467 3498 535 3548 esse
558 3491 669 3567 potest,
691 3498 729 3545 eo
752 3478 836 3565 quod
853 3477 920 3564 ejus
937 3478 1049 3569 electio
1066 3498 1134 3543 stou
1238 3558 1239 3561 Ἴ
