2484 3975
218 180 283 245 584
582 196 772 245 nrssrnrnno

283 267 349 333 lmo
378 267 512 333 «multo
535 265 1046 355 ampliusilliusexcellentissimae
1062 268 1135 334 sub·
1234 276 1235 347 j

221 357 350 423 stantiae
373 357 616 437 transcendentis
644 359 747 422 omnia
771 356 972 441 intelligibilia
1001 358 1137 431 bumana
1234 392 1235 427 t

216 446 295 511 ratio
317 447 501 531 investigare
524 467 586 511 non
620 444 730 511 sufficit
752 470 782 509 s.
808 444 869 510 Cur
892 465 973 529 ergo·
1003 448 1136 511 revelata
1234 452 1235 461 ‘

214 534 366 620 ltlysteria,
378 535 416 599 ad
430 534 716 601 excellentissimam
729 533 931 599 substantiam
945 538 1135 620 quseomnia
1234 588 1235 615 ,

214 624 401 689 transcendit
426 624 619 709 pertinentia,
643 622 788 709 eoquod
812 642 848 687 ea
871 624 943 687 satis
966 643 1029 687 non
1053 626 1135 710 capis

214 731 331 814 neque
338 712 473 777 rationes
497 732 605 777 eorum
630 725 802 797 compertas
825 710 931 789 babes,
948 711 1136 777 velutioom

213 802 351 867 mentitis
385 801 561 885 rejeceris?
584 801 649 865 luto
687 800 809 863 divinae
831 800 1019 865 substantiae
1042 820 1134 886 supra

213 903 356 954 naturam
385 903 520 955 creatam
553 908 681 953 omnem
716 908 858 953 excessus
896 888 927 953 id
962 890 1135 955 necessario

213 979 351 1064 exposcit
374 994 407 1043 ut
430 980 508 1044 vires
539 978 569 1043 in
608 992 717 1043 natura
752 996 814 1051 non
848 990 1021 1063 suppetant,
1056 997 1135 1064 quae

214 1067 325 1152 ipsam,
347 1066 520 1151 cujusmodi
540 1080 587 1132 est
613 1068 644 1131 in
680 1086 724 1141 se,
758 1065 979 1150 adsequantur,
1013 1082 1065 1131 aut
1100 1088 1135 1130 ea

213 1175 295 1241 quae
317 1156 357 1221 de
380 1158 457 1242 ipsa,
472 1154 646 1240 cujusmodi
659 1168 705 1219 est
721 1155 751 1217 in
768 1173 812 1231 se,
828 1155 979 1219 enuntiari
997 1170 1132 1239 possunt,

105 1271 110 1283 ·
213 1244 364 1328 attingere
387 1244 518 1309 valeant.
539 1244 650 1309 llirum
674 1244 809 1327 denique
825 1257 854 1306 et
870 1242 1040 1307 absurdum
1057 1243 1135 1308 loret

212 1332 237 1397 si
261 1332 362 1398 divina
385 1330 557 1398 substantia
581 1333 621 1398 ita
645 1345 766 1397 creatae
782 1331 893 1396 mentis
909 1333 1010 1397 nativo
1027 1332 1133 1397 lumini

211 1420 416 1487 innotesceret
438 1434 471 1486 ut
492 1422 570 1485 nibil
583 1422 622 1486 de
645 1442 678 1485 se
701 1420 825 1505 suisque
849 1418 1010 1505 profundis
1032 1437 1134 1507 posset

210 1508 390 1576 hominibus
412 1523 443 1575 et
466 1510 588 1594 Angelis
617 1508 788 1595 patefacere
813 1509 908 1581 Deus,
932 1510 1065 1593 gratuito
1088 1530 1133 1575 re·

211 1596 370 1666 velationis
391 1598 554 1678 beneficio,
576 1598 692 1684 quod
685 1598 758 1685 rpsis
792 1616 855 1661 non
894 1598 1015 1685 penitus
1048 1619 1133 1666 corn-

209 1699 333 1775 pertum
358 1700 615 1774 perspectumque
644 1700 734 1751 esset

275 1776 373 1841 llabet
395 1778 472 1841 rstio
495 1776 683 1855 naturalis,
676 1774 788 1863 inquis,
820 1788 1002 1859 argumenta
1026 1790 1130 1839 contra

207 1862 279 1929 fidei
303 1865 455 1951 Mysteria.
479 1864 577 1930 llabet
599 1866 714 1931 scilicet
737 1863 899 1927 crationes
912 1864 1131 1949 probabiles»,
1154 1919 1159 1923 .

207 1954 330 2038 reponit
352 1954 497 2040 Aquinas,
526 1981 541 2013 r
564 1954 612 2019 vel
635 1954 827 2054 sophistices,
848 1952 887 2016 ad
911 1971 987 2038 quas
1010 1953 1130 2019 solven-

208 2041 265 2106 tlas
286 2042 373 2108 locus
396 2043 581 2144 relinquitur
602 2066 634 2122 s;
659 2043 772 2129 quod'
766 2061 831 2128 rpse
855 2041 993 2106 Thomas
1006 2062 1130 2127 egregie

207 2144 238 2195 et
260 2131 417 2198 uberrime
428 2131 578 2232 praestitit
593 2133 625 2196 in
642 2133 701 2200 hoc
718 2130 882 2196 adversum
895 2128 1011 2194 Gentes
1025 2151 1128 2217 opere,

206 2221 239 2284 in
263 2219 330 2286 aliis
354 2222 478 2306 passim.
499 2221 581 2286 llaec
603 2235 674 2286 sunt
698 2239 771 2286 vero
809 2238 888 2302 quae
924 2221 1044 2304 scripsit
1079 2219 1128 2283 ille

205 2309 237 2372 in
261 2327 298 2374 eo
322 2309 407 2394 quod
429 2329 589 2376 versamus
611 2309 793 2394 gravissimo
809 2307 977 2391 Religionis
994 2309 1128 2394 negotio

204 2394 287 2461 llaec
310 2397 432 2499 eadem,
455 2418 518 2463 non
542 2398 641 2484 plura,
665 2409 830 2484 praestant,
858 2396 997 2472 dilatant,
1001 2397 1128 2498 ampli-

203 2482 297 2550 licant
319 2487 382 2552 suis
404 2487 436 2550 in
459 2486 607 2572 apologiis
642 2486 774 2552 illustres
797 2484 941 2570 doctique
980 2485 1036 2550 viri
1076 2484 1128 2570 qui

202 2574 342 2658 egregias
364 2574 559 2640 revelationis
582 2575 705 2640 divinae
728 2572 943 2662 revelataeque
961 2572 1129 2660 Religionis

202 2662 351 2730 uindicias
373 2677 516 2750 egerunt.

511 2979 746 3027 tttssntttnrtortts
770 2981 842 3027 FlNlS
