<?xml version="1.0" encoding="UTF-8"?>
<!DOCTYPE html PUBLIC "-//W3C//DTD XHTML 1.0 Transitional//EN"
    "http://www.w3.org/TR/xhtml1/DTD/xhtml1-transitional.dtd">
<html xmlns="http://www.w3.org/1999/xhtml" xml:lang="en" lang="en">
 <head>
  <title>
</title>
<meta http-equiv="Content-Type" content="text/html;charset=utf-8" />
  <meta name='ocr-system' content='tesseract 3.04.00' />
  <meta name='ocr-capabilities' content='ocr_page ocr_carea ocr_par ocr_line ocrx_word'/>
</head>
<body>
  <div class='ocr_page' id='page_1' title='image "./sanctithomaeaqu01thomgoog_0539.png"; bbox 0 0 2484 3975; ppageno 0'>
   <div class='ocr_carea' id='block_1_1' title="bbox 103 194 1109 3567">
    <p class='ocr_par' dir='ltr' id='par_1_1' title="bbox 105 194 1109 1879">
     <span class='ocr_line' id='line_1_1' title="bbox 364 194 1034 262; baseline 0 0"><span class='ocrx_word' id='word_1_1' title='bbox 364 218 402 262; x_wconf 85' lang='lat' dir='ltr'><strong>ne</strong></span> <span class='ocrx_word' id='word_1_2' title='bbox 429 215 611 262; x_wconf 81' lang='lat' dir='ltr'><strong>stnsrtnnts</strong></span> <span class='ocrx_word' id='word_1_3' title='bbox 634 214 786 260; x_wconf 80' lang='lat' dir='ltr'><strong>saranatis</strong></span> <span class='ocrx_word' id='word_1_4' title='bbox 970 194 1034 262; x_wconf 73' lang='grc'><strong>555</strong></span> 
     </span>
     <span class='ocr_line' id='line_1_2' title="bbox 108 283 1031 370; baseline 0.003 -21"><span class='ocrx_word' id='word_1_5' title='bbox 108 284 149 351; x_wconf 88' lang='lat' dir='ltr'><strong>ita</strong></span> <span class='ocrx_word' id='word_1_6' title='bbox 169 284 261 350; x_wconf 87' lang='lat' dir='ltr'><strong>etiam</strong></span> <span class='ocrx_word' id='word_1_7' title='bbox 285 287 413 354; x_wconf 81' lang='lat' dir='ltr'><strong>excedat</strong></span> <span class='ocrx_word' id='word_1_8' title='bbox 425 306 550 350; x_wconf 88' lang='lat' dir='ltr'><strong>omnem</strong></span> <span class='ocrx_word' id='word_1_9' title='bbox 574 283 801 350; x_wconf 69' lang='lat' dir='ltr'><strong>successionem</strong></span> <span class='ocrx_word' id='word_1_10' title='bbox 817 284 1031 370; x_wconf 75' lang='lat' dir='ltr'><strong>temporalem.</strong></span> 
     </span>
     <span class='ocr_line' id='line_1_3' title="bbox 108 372 1031 460; baseline 0.001 -21"><span class='ocrx_word' id='word_1_11' title='bbox 108 372 192 440; x_wconf 81' lang='lat' dir='ltr'><strong>Etsi</strong></span> <span class='ocrx_word' id='word_1_12' title='bbox 215 373 303 439; x_wconf 89' lang='lat' dir='ltr'><strong>alicui</strong></span> <span class='ocrx_word' id='word_1_13' title='bbox 328 374 522 442; x_wconf 72' lang='lat' dir='ltr'><strong>intellectuali</strong></span> <span class='ocrx_word' id='word_1_14' title='bbox 561 372 730 460; x_wconf 90' lang='lat' dir='ltr'><strong>operationi</strong></span> <span class='ocrx_word' id='word_1_15' title='bbox 768 372 949 437; x_wconf 89' lang='lat' dir='ltr'><strong>continuum</strong></span> <span class='ocrx_word' id='word_1_16' title='bbox 982 373 1031 440; x_wconf 85' lang='lat' dir='ltr'><strong>uel</strong></span> 
     </span>
     <span class='ocr_line' id='line_1_4' title="bbox 110 459 1034 548; baseline 0.002 -22"><span class='ocrx_word' id='word_1_17' title='bbox 110 475 233 548; x_wconf 86' lang='lat' dir='ltr'><strong>tempus</strong></span> <span class='ocrx_word' id='word_1_18' title='bbox 255 461 451 548; x_wconf 76' lang='lat' dir='ltr'><strong>adjungatur,</strong></span> <span class='ocrx_word' id='word_1_19' title='bbox 475 465 534 528; x_wconf 91' lang='lat' dir='ltr'><strong>boe</strong></span> <span class='ocrx_word' id='word_1_20' title='bbox 556 481 619 537; x_wconf 86' lang='lat' dir='ltr'><strong>non</strong></span> <span class='ocrx_word' id='word_1_21' title='bbox 643 476 690 526; x_wconf 86' lang='lat' dir='ltr'><strong>est</strong></span> <span class='ocrx_word' id='word_1_22' title='bbox 713 459 770 526; x_wconf 93' lang='lat' dir='ltr'><strong>nisi</strong></span> <span class='ocrx_word' id='word_1_23' title='bbox 804 481 859 546; x_wconf 90' lang='lat' dir='ltr'><strong>per</strong></span> <span class='ocrx_word' id='word_1_24' title='bbox 880 459 1034 538; x_wconf 87' lang='lat' dir='ltr'><strong>aecidens;</strong></span> 
     </span>
     <span class='ocr_line' id='line_1_5' title="bbox 107 548 1032 636; baseline 0 -20"><span class='ocrx_word' id='word_1_25' title='bbox 107 550 187 617; x_wconf 89' lang='lat' dir='ltr'><strong>sicut</strong></span> <span class='ocrx_word' id='word_1_26' title='bbox 209 552 241 616; x_wconf 92' lang='lat' dir='ltr'><strong>in</strong></span> <span class='ocrx_word' id='word_1_27' title='bbox 264 551 354 616; x_wconf 89' lang='lat' dir='ltr'><strong>nobis</strong></span> <span class='ocrx_word' id='word_1_28' title='bbox 375 553 485 620; x_wconf 85' lang='lat' dir='ltr'><strong>accidit</strong></span> <span class='ocrx_word' id='word_1_29' title='bbox 506 551 688 636; x_wconf 71' lang='lat' dir='ltr'><strong>inquantum</strong></span> <span class='ocrx_word' id='word_1_30' title='bbox 717 548 888 615; x_wconf 82' lang='lat' dir='ltr'><strong>intellectus</strong></span> <span class='ocrx_word' id='word_1_31' title='bbox 927 564 1032 616; x_wconf 89' lang='lat' dir='ltr'><strong>noster</strong></span> 
     </span>
     <span class='ocr_line' id='line_1_6' title="bbox 108 637 1031 726; baseline 0 -22"><span class='ocrx_word' id='word_1_32' title='bbox 108 659 126 704; x_wconf 94' lang='lat' dir='ltr'><strong>a</strong></span> <span class='ocrx_word' id='word_1_33' title='bbox 150 639 413 726; x_wconf 75' lang='lat' dir='ltr'><strong>phantasmatibus</strong></span> <span class='ocrx_word' id='word_1_34' title='bbox 428 640 576 709; x_wconf 83' lang='lat' dir='ltr'><strong>abstrabit</strong></span> <span class='ocrx_word' id='word_1_35' title='bbox 591 637 799 723; x_wconf 77' lang='lat' dir='ltr'><strong>intelligibiles</strong></span> <span class='ocrx_word' id='word_1_36' title='bbox 815 637 944 724; x_wconf 87' lang='lat' dir='ltr'><strong>species,</strong></span> <span class='ocrx_word' id='word_1_37' title='bbox 955 659 1031 725; x_wconf 88' lang='lat' dir='ltr'><strong>quas</strong></span> 
     </span>
     <span class='ocr_line' id='line_1_7' title="bbox 105 725 1031 881; baseline 0.002 -89"><span class='ocrx_word' id='word_1_38' title='bbox 105 729 202 794; x_wconf 85' lang='lat' dir='ltr'><strong>ctiam</strong></span> <span class='ocrx_word' id='word_1_39' title='bbox 226 729 255 792; x_wconf 93' lang='lat' dir='ltr'><strong>in</strong></span> <span class='ocrx_word' id='word_1_40' title='bbox 279 730 324 794; x_wconf 88' lang='lat' dir='ltr'><strong>eis</strong></span> <span class='ocrx_word' id='word_1_41' title='bbox 345 732 529 805; x_wconf 69' lang='lat' dir='ltr'><strong>consideran</strong></span> <span class='ocrx_word' id='word_1_42' title='bbox 551 726 635 815; x_wconf 86' lang='lat' dir='ltr'><strong>quod</strong></span> <span class='ocrx_word' id='word_1_43' title='bbox 659 729 689 792; x_wconf 93' lang='lat' dir='ltr'><strong>in</strong></span> <span class='ocrx_word' id='word_1_44' title='bbox 705 725 873 792; x_wconf 88' lang='lat' dir='ltr'><strong>substantia</strong></span> <span class='ocrx_word' id='word_1_45' title='bbox 889 729 1031 881; x_wconf 72' lang='lat' dir='ltr'><strong>incorpo-</strong></span> 
     </span>
     <span class='ocr_line' id='line_1_8' title="bbox 107 815 1032 902; baseline 0.001 -21"><span class='ocrx_word' id='word_1_46' title='bbox 107 836 160 882; x_wconf 89' lang='lat' dir='ltr'><strong>rea</strong></span> <span class='ocrx_word' id='word_1_47' title='bbox 185 829 216 881; x_wconf 90' lang='lat' dir='ltr'><strong>et</strong></span> <span class='ocrx_word' id='word_1_48' title='bbox 238 817 433 886; x_wconf 87' lang='lat' dir='ltr'><strong>intellectuali</strong></span> <span class='ocrx_word' id='word_1_49' title='bbox 459 819 560 884; x_wconf 83' lang='lat' dir='ltr'><strong>locum</strong></span> <span class='ocrx_word' id='word_1_50' title='bbox 595 815 710 881; x_wconf 87' lang='lat' dir='ltr'><strong>babere</strong></span> <span class='ocrx_word' id='word_1_51' title='bbox 734 836 794 880; x_wconf 92' lang='lat' dir='ltr'><strong>non</strong></span> <span class='ocrx_word' id='word_1_52' title='bbox 832 828 943 902; x_wconf 76' lang='lat' dir='ltr'><strong>potest,</strong></span> <span class='ocrx_word' id='word_1_53' title='bbox 1001 836 1032 882; x_wconf 88' lang='lat' dir='ltr'><strong>e-</strong></span> 
     </span>
     <span class='ocr_line' id='line_1_9' title="bbox 105 904 1032 995; baseline 0 -25"><span class='ocrx_word' id='word_1_54' title='bbox 105 904 258 990; x_wconf 86' lang='lat' dir='ltr'><strong>linquitur</strong></span> <span class='ocrx_word' id='word_1_55' title='bbox 280 905 372 990; x_wconf 71' lang='lat' dir='ltr'><strong>igitur</strong></span> <span class='ocrx_word' id='word_1_56' title='bbox 394 907 477 995; x_wconf 91' lang='lat' dir='ltr'><strong>quod</strong></span> <span class='ocrx_word' id='word_1_57' title='bbox 490 904 666 991; x_wconf 85' lang='lat' dir='ltr'><strong>hujusmodi</strong></span> <span class='ocrx_word' id='word_1_58' title='bbox 683 905 871 972; x_wconf 88' lang='lat' dir='ltr'><strong>substantiae</strong></span> <span class='ocrx_word' id='word_1_59' title='bbox 884 905 1032 990; x_wconf 89' lang='lat' dir='ltr'><strong>operatio,</strong></span> 
     </span>
     <span class='ocr_line' id='line_1_10' title="bbox 106 994 1032 1082; baseline -0.001 -23"><span class='ocrx_word' id='word_1_60' title='bbox 106 1006 138 1059; x_wconf 72' lang='lat' dir='ltr'><strong>‘et</strong></span> <span class='ocrx_word' id='word_1_61' title='bbox 161 1013 218 1080; x_wconf 88' lang='lat' dir='ltr'><strong>per</strong></span> <span class='ocrx_word' id='word_1_62' title='bbox 238 1013 430 1082; x_wconf 84' lang='lat' dir='ltr'><strong>consequens</strong></span> <span class='ocrx_word' id='word_1_63' title='bbox 452 994 632 1072; x_wconf 87' lang='lat' dir='ltr'><strong>substantia,</strong></span> <span class='ocrx_word' id='word_1_64' title='bbox 654 995 782 1058; x_wconf 89' lang='lat' dir='ltr'><strong>omnino</strong></span> <span class='ocrx_word' id='word_1_65' title='bbox 805 994 939 1059; x_wconf 82' lang='lat' dir='ltr'><strong>sitsxtra</strong></span> <span class='ocrx_word' id='word_1_66' title='bbox 962 1013 1032 1058; x_wconf 67' lang='lat' dir='ltr'><strong>oon</strong></span> 
     </span>
     <span class='ocr_line' id='line_1_11' title="bbox 107 1080 1031 1170; baseline 0.002 -23"><span class='ocrx_word' id='word_1_67' title='bbox 107 1103 181 1147; x_wconf 91' lang='lat' dir='ltr'><strong>nem</strong></span> <span class='ocrx_word' id='word_1_68' title='bbox 205 1085 408 1170; x_wconf 79' lang='lat' dir='ltr'><strong>temporalem</strong></span> <span class='ocrx_word' id='word_1_69' title='bbox 430 1084 667 1152; x_wconf 90' lang='lat' dir='ltr'><strong>successionem.</strong></span> <span class='ocrx_word' id='word_1_70' title='bbox 695 1081 781 1147; x_wconf 89' lang='lat' dir='ltr'><strong>Unde</strong></span> <span class='ocrx_word' id='word_1_71' title='bbox 805 1080 931 1148; x_wconf 87' lang='lat' dir='ltr'><strong>Proclns</strong></span> <span class='ocrx_word' id='word_1_72' title='bbox 958 1083 1031 1148; x_wconf 89' lang='lat' dir='ltr'><strong>dicit</strong></span> 
     </span>
     <span class='ocr_line' id='line_1_12' title="bbox 106 1169 1031 1258; baseline 0.001 -23"><span class='ocrx_word' id='word_1_73' title='bbox 106 1170 191 1258; x_wconf 91' lang='lat' dir='ltr'><strong>quod</strong></span> <span class='ocrx_word' id='word_1_74' title='bbox 221 1199 236 1229; x_wconf 82' lang='grc' dir='ltr'>ι</span> <span class='ocrx_word' id='word_1_75' title='bbox 258 1173 359 1238; x_wconf 89' lang='lat' dir='ltr'><strong>omnis</strong></span> <span class='ocrx_word' id='word_1_76' title='bbox 380 1175 551 1240; x_wconf 87' lang='lat' dir='ltr'><strong>intellectus</strong></span> <span class='ocrx_word' id='word_1_77' title='bbox 574 1173 605 1237; x_wconf 90' lang='lat' dir='ltr'><strong>in</strong></span> <span class='ocrx_word' id='word_1_78' title='bbox 629 1172 807 1238; x_wconf 84' lang='lat' dir='ltr'><strong>aeternitate</strong></span> <span class='ocrx_word' id='word_1_79' title='bbox 829 1169 1031 1236; x_wconf 86' lang='lat' dir='ltr'><strong>substantiam</strong></span> 
     </span>
     <span class='ocr_line' id='line_1_13' title="bbox 105 1258 1031 1348; baseline 0.001 -24"><span class='ocrx_word' id='word_1_80' title='bbox 105 1259 253 1324; x_wconf 88' lang='lat' dir='ltr'><strong>habetet</strong></span> <span class='ocrx_word' id='word_1_81' title='bbox 276 1263 444 1348; x_wconf 89' lang='lat' dir='ltr'><strong>potentiam</strong></span> <span class='ocrx_word' id='word_1_82' title='bbox 476 1277 507 1326; x_wconf 93' lang='lat' dir='ltr'><strong>et</strong></span> <span class='ocrx_word' id='word_1_83' title='bbox 529 1261 740 1347; x_wconf 86' lang='lat' dir='ltr'><strong>operationem</strong></span> <span class='ocrx_word' id='word_1_84' title='bbox 762 1287 795 1335; x_wconf 77' lang='grc' dir='ltr'><strong>ι,</strong></span> <span class='ocrx_word' id='word_1_85' title='bbox 818 1273 848 1324; x_wconf 88' lang='lat' dir='ltr'><strong>et</strong></span> <span class='ocrx_word' id='word_1_86' title='bbox 882 1260 914 1325; x_wconf 91' lang='lat' dir='ltr'><strong>iu</strong></span> <span class='ocrx_word' id='word_1_87' title='bbox 952 1258 1031 1326; x_wconf 84' lang='lat' dir='ltr'><strong>libro</strong></span> 
     </span>
     <span class='ocr_line' id='line_1_14' title="bbox 105 1346 1030 1439; baseline 0 -27"><span class='ocrx_word' id='word_1_88' title='bbox 105 1347 146 1414; x_wconf 88' lang='lat' dir='ltr'><strong>de</strong></span> <span class='ocrx_word' id='word_1_89' title='bbox 169 1348 274 1414; x_wconf 88' lang='lat' dir='ltr'><strong>Causis</strong></span> <span class='ocrx_word' id='word_1_90' title='bbox 297 1349 408 1416; x_wconf 89' lang='lat' dir='ltr'><strong>dicitur</strong></span> <span class='ocrx_word' id='word_1_91' title='bbox 429 1350 514 1439; x_wconf 87' lang='lat' dir='ltr'><strong>quod</strong></span> <span class='ocrx_word' id='word_1_92' title='bbox 547 1348 746 1434; x_wconf 79' lang='lat' dir='ltr'><strong>intelligentia</strong></span> <span class='ocrx_word' id='word_1_93' title='bbox 782 1346 957 1434; x_wconf 86' lang='lat' dir='ltr'><strong>parificatur</strong></span> <span class='ocrx_word' id='word_1_94' title='bbox 979 1369 1030 1414; x_wconf 91' lang='lat' dir='ltr'><strong>ae-</strong></span> 
     </span>
     <span class='ocr_line' id='line_1_15' title="bbox 105 1436 1031 1525; baseline 0.001 -23"><span class='ocrx_word' id='word_1_95' title='bbox 105 1438 252 1503; x_wconf 84' lang='lat' dir='ltr'><strong>ternitati.</strong></span> <span class='ocrx_word' id='word_1_96' title='bbox 275 1439 433 1525; x_wconf 86' lang='lat' dir='ltr'><strong>Quidquid</strong></span> <span class='ocrx_word' id='word_1_97' title='bbox 457 1439 549 1525; x_wconf 77' lang='lat' dir='ltr'><strong>igitur</strong></span> <span class='ocrx_word' id='word_1_98' title='bbox 570 1437 748 1503; x_wconf 90' lang='lat' dir='ltr'><strong>substantiis</strong></span> <span class='ocrx_word' id='word_1_99' title='bbox 771 1436 830 1502; x_wconf 87' lang='lat' dir='ltr'><strong>illis</strong></span> <span class='ocrx_word' id='word_1_100' title='bbox 842 1437 1031 1523; x_wconf 88' lang='lat' dir='ltr'><strong>incorporeis</strong></span> 
     </span>
     <span class='ocr_line' id='line_1_16' title="bbox 105 1524 1031 1611; baseline 0.001 -20"><span class='ocrx_word' id='word_1_101' title='bbox 105 1539 138 1591; x_wconf 89' lang='lat' dir='ltr'><strong>et</strong></span> <span class='ocrx_word' id='word_1_102' title='bbox 159 1525 414 1594; x_wconf 85' lang='lat' dir='ltr'><strong>intellectualibus</strong></span> <span class='ocrx_word' id='word_1_103' title='bbox 436 1527 590 1605; x_wconf 83' lang='lat' dir='ltr'><strong>convenit,</strong></span> <span class='ocrx_word' id='word_1_104' title='bbox 611 1545 734 1611; x_wconf 80' lang='lat' dir='ltr'><strong>semper</strong></span> <span class='ocrx_word' id='word_1_105' title='bbox 757 1539 787 1590; x_wconf 89' lang='lat' dir='ltr'><strong>et</strong></span> <span class='ocrx_word' id='word_1_106' title='bbox 822 1524 938 1611; x_wconf 87' lang='lat' dir='ltr'><strong>absque</strong></span> <span class='ocrx_word' id='word_1_107' title='bbox 960 1546 1031 1592; x_wconf 86' lang='lat' dir='ltr'><strong>snc-</strong></span> 
     </span>
     <span class='ocr_line' id='line_1_17' title="bbox 105 1612 1030 1700; baseline -0.003 -20"><span class='ocrx_word' id='word_1_108' title='bbox 105 1615 197 1680; x_wconf 89' lang='lat' dir='ltr'><strong>sioue</strong></span> <span class='ocrx_word' id='word_1_109' title='bbox 218 1617 361 1682; x_wconf 85' lang='lat' dir='ltr'><strong>contenit</strong></span> <span class='ocrx_word' id='word_1_110' title='bbox 383 1618 451 1683; x_wconf 88' lang='lat' dir='ltr'><strong>illis.</strong></span> <span class='ocrx_word' id='word_1_111' title='bbox 464 1619 522 1682; x_wconf 74' lang='lat' dir='ltr'><strong>alut</strong></span> <span class='ocrx_word' id='word_1_112' title='bbox 543 1615 634 1699; x_wconf 73' lang='lat' dir='ltr'><strong>ipitnt·</strong></span> <span class='ocrx_word' id='word_1_113' title='bbox 646 1635 768 1700; x_wconf 89' lang='lat' dir='ltr'><strong>semper</strong></span> <span class='ocrx_word' id='word_1_114' title='bbox 780 1612 904 1679; x_wconf 86' lang='lat' dir='ltr'><strong>luerunt</strong></span> <span class='ocrx_word' id='word_1_115' title='bbox 920 1613 1030 1694; x_wconf 84' lang='lat' dir='ltr'><strong>melae,</strong></span> 
     </span>
     <span class='ocr_line' id='line_1_18' title="bbox 106 1701 1109 1795; baseline 0 -27"><span class='ocrx_word' id='word_1_116' title='bbox 106 1702 192 1790; x_wconf 86' lang='lat' dir='ltr'><strong>quod</strong></span> <span class='ocrx_word' id='word_1_117' title='bbox 214 1717 260 1770; x_wconf 86' lang='lat' dir='ltr'><strong>est</strong></span> <span class='ocrx_word' id='word_1_118' title='bbox 282 1718 388 1770; x_wconf 90' lang='lat' dir='ltr'><strong>contra</strong></span> <span class='ocrx_word' id='word_1_119' title='bbox 410 1705 588 1795; x_wconf 84' lang='lat' dir='ltr'><strong>praemissa,</strong></span> <span class='ocrx_word' id='word_1_120' title='bbox 610 1717 664 1768; x_wconf 91' lang='lat' dir='ltr'><strong>ant</strong></span> <span class='ocrx_word' id='word_1_121' title='bbox 698 1722 892 1790; x_wconf 87' lang='lat' dir='ltr'><strong>nequaquam</strong></span> <span class='ocrx_word' id='word_1_122' title='bbox 932 1701 1032 1768; x_wconf 88' lang='lat' dir='ltr'><strong>malae</strong></span> <span class='ocrx_word' id='word_1_123' title='bbox 1107 1745 1109 1756; x_wconf 87' lang='lat'><em>·</em></span> 
     </span>
     <span class='ocr_line' id='line_1_19' title="bbox 107 1793 582 1879; baseline -0.004 -22"><span class='ocrx_word' id='word_1_124' title='bbox 107 1793 175 1858; x_wconf 87' lang='lat' dir='ltr'><strong>lieri</strong></span> <span class='ocrx_word' id='word_1_125' title='bbox 202 1806 377 1879; x_wconf 87' lang='lat' dir='ltr'><strong>potnerunt.</strong></span> <span class='ocrx_word' id='word_1_126' title='bbox 580 1852 582 1855; x_wconf 84' lang='lat'>.</span> 
     </span>
    </p>

    <p class='ocr_par' dir='ltr' id='par_1_2' title="bbox 103 1877 1034 3567">
     <span class='ocr_line' id='line_1_20' title="bbox 173 1877 1032 1967; baseline 0.001 -21"><span class='ocrx_word' id='word_1_127' title='bbox 173 1880 322 1967; x_wconf 79' lang='lat' dir='ltr'><strong>Amplius,</strong></span> <span class='ocrx_word' id='word_1_128' title='bbox 345 1881 422 1948; x_wconf 86' lang='lat' dir='ltr'><strong>Cum</strong></span> <span class='ocrx_word' id='word_1_129' title='bbox 445 1882 529 1948; x_wconf 86' lang='lat' dir='ltr'><strong>Deus</strong></span> <span class='ocrx_word' id='word_1_130' title='bbox 551 1881 589 1946; x_wconf 92' lang='lat' dir='ltr'><strong>sit</strong></span> <span class='ocrx_word' id='word_1_131' title='bbox 612 1880 674 1966; x_wconf 86' lang='lat' dir='ltr'><strong>ipsa</strong></span> <span class='ocrx_word' id='word_1_132' title='bbox 711 1879 842 1945; x_wconf 87' lang='lat' dir='ltr'><strong>essentia</strong></span> <span class='ocrx_word' id='word_1_133' title='bbox 877 1877 1032 1957; x_wconf 83' lang='lat' dir='ltr'><strong>bonitatis,</strong></span> 
     </span>
     <span class='ocr_line' id='line_1_21' title="bbox 107 1968 1033 2059; baseline 0 -24"><span class='ocrx_word' id='word_1_134' title='bbox 107 1983 141 2037; x_wconf 87' lang='lat' dir='ltr'><strong>ut</strong></span> <span class='ocrx_word' id='word_1_135' title='bbox 163 1969 329 2057; x_wconf 84' lang='lat' dir='ltr'><strong>Dionysius</strong></span> <span class='ocrx_word' id='word_1_136' title='bbox 352 1972 425 2037; x_wconf 89' lang='lat' dir='ltr'><strong>dicit</strong></span> <span class='ocrx_word' id='word_1_137' title='bbox 447 1971 517 2059; x_wconf 82' lang='lat' dir='ltr'><strong>(de</strong></span> <span class='ocrx_word' id='word_1_138' title='bbox 541 1969 642 2036; x_wconf 88' lang='lat' dir='ltr'><strong>Divin.</strong></span> <span class='ocrx_word' id='word_1_139' title='bbox 664 1968 813 2048; x_wconf 85' lang='lat' dir='ltr'><strong>Nomin,</strong></span> <span class='ocrx_word' id='word_1_140' title='bbox 847 1988 872 2034; x_wconf 90' lang='lat' dir='ltr'><strong>c.</strong></span> <span class='ocrx_word' id='word_1_141' title='bbox 898 1968 911 2034; x_wconf 93' lang='lat' dir='ltr'><strong>l</strong></span> <span class='ocrx_word' id='word_1_142' title='bbox 933 1969 958 2051; x_wconf 87' lang='lat'><strong>),</strong></span> <span class='ocrx_word' id='word_1_143' title='bbox 980 1990 1033 2035; x_wconf 88' lang='lat' dir='ltr'><strong>nc-</strong></span> 
     </span>
     <span class='ocr_line' id='line_1_22' title="bbox 103 2057 1030 2146; baseline -0.002 -21"><span class='ocrx_word' id='word_1_144' title='bbox 103 2079 190 2125; x_wconf 89' lang='lat' dir='ltr'><strong>cesse</strong></span> <span class='ocrx_word' id='word_1_145' title='bbox 213 2075 258 2125; x_wconf 90' lang='lat' dir='ltr'><strong>est</strong></span> <span class='ocrx_word' id='word_1_146' title='bbox 281 2061 365 2146; x_wconf 85' lang='lat' dir='ltr'><strong>quod</strong></span> <span class='ocrx_word' id='word_1_147' title='bbox 388 2074 473 2126; x_wconf 86' lang='lat' dir='ltr'><strong>tauto</strong></span> <span class='ocrx_word' id='word_1_148' title='bbox 497 2060 598 2145; x_wconf 77' lang='lat' dir='ltr'><strong>eliqua</strong></span> <span class='ocrx_word' id='word_1_149' title='bbox 620 2061 680 2123; x_wconf 89' lang='lat' dir='ltr'><strong>sint</strong></span> <span class='ocrx_word' id='word_1_150' title='bbox 704 2057 867 2144; x_wconf 79' lang='lat' dir='ltr'><strong>perfectius</strong></span> <span class='ocrx_word' id='word_1_151' title='bbox 905 2058 936 2123; x_wconf 93' lang='lat' dir='ltr'><strong>in</strong></span> <span class='ocrx_word' id='word_1_152' title='bbox 961 2079 1030 2144; x_wconf 91' lang='lat' dir='ltr'><strong>par·</strong></span> 
     </span>
     <span class='ocr_line' id='line_1_23' title="bbox 106 2146 1032 2234; baseline -0.003 -20"><span class='ocrx_word' id='word_1_153' title='bbox 106 2148 282 2232; x_wconf 90' lang='lat' dir='ltr'><strong>ticipatione</strong></span> <span class='ocrx_word' id='word_1_154' title='bbox 304 2150 447 2215; x_wconf 88' lang='lat' dir='ltr'><strong>bonitatis</strong></span> <span class='ocrx_word' id='word_1_155' title='bbox 470 2150 591 2215; x_wconf 83' lang='lat' dir='ltr'><strong>litmata</strong></span> <span class='ocrx_word' id='word_1_156' title='bbox 613 2159 730 2234; x_wconf 89' lang='lat' dir='ltr'><strong>quanto</strong></span> <span class='ocrx_word' id='word_1_157' title='bbox 752 2160 824 2211; x_wconf 78' lang='lat' dir='ltr'><strong>suant</strong></span> <span class='ocrx_word' id='word_1_158' title='bbox 857 2146 923 2212; x_wconf 89' lang='lat' dir='ltr'><strong>Deo</strong></span> <span class='ocrx_word' id='word_1_159' title='bbox 958 2166 1032 2232; x_wconf 88' lang='lat' dir='ltr'><strong>pro·</strong></span> 
     </span>
     <span class='ocr_line' id='line_1_24' title="bbox 104 2235 1032 2322; baseline -0.002 -21"><span class='ocrx_word' id='word_1_160' title='bbox 104 2237 275 2322; x_wconf 89' lang='lat' dir='ltr'><strong>pinquiora.</strong></span> <span class='ocrx_word' id='word_1_161' title='bbox 299 2237 492 2303; x_wconf 78' lang='lat' dir='ltr'><strong>Manifestum</strong></span> <span class='ocrx_word' id='word_1_162' title='bbox 516 2251 562 2302; x_wconf 88' lang='lat' dir='ltr'><strong>est</strong></span> <span class='ocrx_word' id='word_1_163' title='bbox 584 2250 688 2301; x_wconf 88' lang='lat' dir='ltr'><strong>autem</strong></span> <span class='ocrx_word' id='word_1_164' title='bbox 726 2235 910 2300; x_wconf 88' lang='lat' dir='ltr'><strong>substantias</strong></span> <span class='ocrx_word' id='word_1_165' title='bbox 944 2235 1032 2300; x_wconf 90' lang='lat' dir='ltr'><strong>intel-</strong></span> 
     </span>
     <span class='ocr_line' id='line_1_25' title="bbox 104 2323 1031 2413; baseline 0 -24"><span class='ocrx_word' id='word_1_166' title='bbox 104 2324 251 2391; x_wconf 85' lang='lat' dir='ltr'><strong>lectuales</strong></span> <span class='ocrx_word' id='word_1_167' title='bbox 274 2328 469 2413; x_wconf 89' lang='lat' dir='ltr'><strong>incorporeas</strong></span> <span class='ocrx_word' id='word_1_168' title='bbox 492 2346 584 2412; x_wconf 84' lang='lat' dir='ltr'><strong>supra</strong></span> <span class='ocrx_word' id='word_1_169' title='bbox 608 2324 711 2390; x_wconf 90' lang='lat' dir='ltr'><strong>omnia</strong></span> <span class='ocrx_word' id='word_1_170' title='bbox 734 2344 864 2410; x_wconf 86' lang='lat' dir='ltr'><strong>corpora</strong></span> <span class='ocrx_word' id='word_1_171' title='bbox 876 2344 952 2391; x_wconf 90' lang='lat' dir='ltr'><strong>esse.</strong></span> <span class='ocrx_word' id='word_1_172' title='bbox 970 2323 1031 2389; x_wconf 87' lang='lat' dir='ltr'><strong>Sed</strong></span> 
     </span>
     <span class='ocr_line' id='line_1_26' title="bbox 104 2413 1031 2504; baseline -0.001 -27"><span class='ocrx_word' id='word_1_173' title='bbox 104 2413 206 2499; x_wconf 90' lang='lat' dir='ltr'><strong>aliqua</strong></span> <span class='ocrx_word' id='word_1_174' title='bbox 229 2435 369 2504; x_wconf 89' lang='lat' dir='ltr'><strong>corpora,</strong></span> <span class='ocrx_word' id='word_1_175' title='bbox 393 2415 509 2480; x_wconf 88' lang='lat' dir='ltr'><strong>scilicet</strong></span> <span class='ocrx_word' id='word_1_176' title='bbox 532 2414 685 2490; x_wconf 85' lang='lat' dir='ltr'><strong>caelestia,</strong></span> <span class='ocrx_word' id='word_1_177' title='bbox 708 2432 772 2477; x_wconf 90' lang='lat' dir='ltr'><strong>non</strong></span> <span class='ocrx_word' id='word_1_178' title='bbox 795 2425 866 2477; x_wconf 86' lang='lat' dir='ltr'><strong>sunt</strong></span> <span class='ocrx_word' id='word_1_179' title='bbox 881 2414 1031 2499; x_wconf 87' lang='lat' dir='ltr'><strong>suscepti-</strong></span> 
     </span>
     <span class='ocr_line' id='line_1_27' title="bbox 106 2499 1031 2587; baseline 0 -22"><span class='ocrx_word' id='word_1_180' title='bbox 106 2522 142 2566; x_wconf 86' lang='lat' dir='ltr'><strong>ta</strong></span> <span class='ocrx_word' id='word_1_181' title='bbox 166 2501 294 2587; x_wconf 75' lang='lat' dir='ltr'><strong>alicuius</strong></span> <span class='ocrx_word' id='word_1_182' title='bbox 317 2504 551 2569; x_wconf 86' lang='lat' dir='ltr'><strong>inordinationis</strong></span> <span class='ocrx_word' id='word_1_183' title='bbox 575 2503 622 2568; x_wconf 85' lang='lat' dir='ltr'><strong>tel</strong></span> <span class='ocrx_word' id='word_1_184' title='bbox 647 2500 731 2567; x_wconf 90' lang='lat' dir='ltr'><strong>mali.</strong></span> <span class='ocrx_word' id='word_1_185' title='bbox 756 2499 834 2585; x_wconf 79' lang='lat' dir='ltr'><strong>Ergo</strong></span> <span class='ocrx_word' id='word_1_186' title='bbox 861 2500 958 2567; x_wconf 92' lang='lat' dir='ltr'><strong>multo</strong></span> <span class='ocrx_word' id='word_1_187' title='bbox 974 2502 1031 2565; x_wconf 89' lang='lat' dir='ltr'><strong>mi-</strong></span> 
     </span>
     <span class='ocr_line' id='line_1_28' title="bbox 105 2588 1032 2680; baseline 0 -25"><span class='ocrx_word' id='word_1_188' title='bbox 105 2612 164 2655; x_wconf 87' lang='lat' dir='ltr'><strong>nus</strong></span> <span class='ocrx_word' id='word_1_189' title='bbox 188 2590 258 2657; x_wconf 88' lang='lat' dir='ltr'><strong>illac</strong></span> <span class='ocrx_word' id='word_1_190' title='bbox 280 2591 522 2680; x_wconf 84' lang='lat' dir='ltr'><strong>supercaelestes</strong></span> <span class='ocrx_word' id='word_1_191' title='bbox 545 2590 733 2658; x_wconf 87' lang='lat' dir='ltr'><strong>substantiae</strong></span> <span class='ocrx_word' id='word_1_192' title='bbox 756 2588 990 2655; x_wconf 88' lang='lat' dir='ltr'><strong>inordinationis</strong></span> <span class='ocrx_word' id='word_1_193' title='bbox 1002 2604 1032 2655; x_wconf 90' lang='lat' dir='ltr'><strong>et</strong></span> 
     </span>
     <span class='ocr_line' id='line_1_29' title="bbox 105 2676 1033 2767; baseline -0.002 -24"><span class='ocrx_word' id='word_1_194' title='bbox 105 2678 180 2744; x_wconf 91' lang='lat' dir='ltr'><strong>mali</strong></span> <span class='ocrx_word' id='word_1_195' title='bbox 203 2700 332 2767; x_wconf 87' lang='lat' dir='ltr'><strong>capaces</strong></span> <span class='ocrx_word' id='word_1_196' title='bbox 354 2702 422 2747; x_wconf 86' lang='lat' dir='ltr'><strong>esse</strong></span> <span class='ocrx_word' id='word_1_197' title='bbox 444 2702 506 2746; x_wconf 93' lang='lat' dir='ltr'><strong>non</strong></span> <span class='ocrx_word' id='word_1_198' title='bbox 531 2693 706 2767; x_wconf 86' lang='lat' dir='ltr'><strong>potuerunt.</strong></span> <span class='ocrx_word' id='word_1_199' title='bbox 731 2676 817 2742; x_wconf 89' lang='lat' dir='ltr'><strong>Unde</strong></span> <span class='ocrx_word' id='word_1_200' title='bbox 855 2690 885 2742; x_wconf 89' lang='lat' dir='ltr'><strong>et</strong></span> <span class='ocrx_word' id='word_1_201' title='bbox 915 2677 1033 2765; x_wconf 55' lang='lat' dir='ltr'><strong>biorn,</strong></span> 
     </span>
     <span class='ocr_line' id='line_1_30' title="bbox 104 2767 1032 2855; baseline 0.001 -23"><span class='ocrx_word' id='word_1_202' title='bbox 104 2768 170 2833; x_wconf 86' lang='lat' dir='ltr'><strong>sius</strong></span> <span class='ocrx_word' id='word_1_203' title='bbox 194 2768 374 2855; x_wconf 86' lang='lat' dir='ltr'><strong>dicitquod</strong></span> <span class='ocrx_word' id='word_1_204' title='bbox 404 2799 418 2830; x_wconf 84' lang='grc' dir='ltr'>ι</span> <span class='ocrx_word' id='word_1_205' title='bbox 441 2769 618 2835; x_wconf 88' lang='lat' dir='ltr'><strong>caelestium</strong></span> <span class='ocrx_word' id='word_1_206' title='bbox 643 2767 881 2832; x_wconf 88' lang='lat' dir='ltr'><strong>substantiarum</strong></span> <span class='ocrx_word' id='word_1_207' title='bbox 906 2786 1032 2835; x_wconf 87' lang='lat' dir='ltr'><strong>ornatus</strong></span> 
     </span>
     <span class='ocr_line' id='line_1_31' title="bbox 103 2854 1033 2943; baseline 0.002 -23"><span class='ocrx_word' id='word_1_208' title='bbox 103 2876 200 2943; x_wconf 82' lang='lat' dir='ltr'><strong>super</strong></span> <span class='ocrx_word' id='word_1_209' title='bbox 222 2858 327 2925; x_wconf 88' lang='lat' dir='ltr'><strong>solum</strong></span> <span class='ocrx_word' id='word_1_210' title='bbox 350 2860 510 2925; x_wconf 79' lang='lat' dir='ltr'><strong>existentia</strong></span> <span class='ocrx_word' id='word_1_211' title='bbox 533 2872 564 2921; x_wconf 93' lang='lat' dir='ltr'><strong>et</strong></span> <span class='ocrx_word' id='word_1_212' title='bbox 583 2855 834 2923; x_wconf 86' lang='lat' dir='ltr'><strong>-irratinnabiliter</strong></span> <span class='ocrx_word' id='word_1_213' title='bbox 849 2854 981 2920; x_wconf 82' lang='lat' dir='ltr'><strong>viventia</strong></span> <span class='ocrx_word' id='word_1_214' title='bbox 1003 2871 1033 2922; x_wconf 87' lang='lat' dir='ltr'><strong>et</strong></span> 
     </span>
     <span class='ocr_line' id='line_1_32' title="bbox 103 2942 1034 3031; baseline -0.001 -21"><span class='ocrx_word' id='word_1_215' title='bbox 103 2965 139 3010; x_wconf 92' lang='lat' dir='ltr'><strong>ea</strong></span> <span class='ocrx_word' id='word_1_216' title='bbox 163 2966 243 3031; x_wconf 89' lang='lat' dir='ltr'><strong>qnae</strong></span> <span class='ocrx_word' id='word_1_217' title='bbox 265 2947 436 3013; x_wconf 86' lang='lat' dir='ltr'><strong>seeundum</strong></span> <span class='ocrx_word' id='word_1_218' title='bbox 460 2968 516 3012; x_wconf 91' lang='lat' dir='ltr'><strong>nos</strong></span> <span class='ocrx_word' id='word_1_219' title='bbox 538 2959 609 3011; x_wconf 87' lang='lat' dir='ltr'><strong>suut</strong></span> <span class='ocrx_word' id='word_1_220' title='bbox 633 2942 835 3021; x_wconf 84' lang='lat' dir='ltr'><strong>rationabilia,</strong></span> <span class='ocrx_word' id='word_1_221' title='bbox 870 2944 901 3008; x_wconf 89' lang='lat' dir='ltr'><strong>iu</strong></span> <span class='ocrx_word' id='word_1_222' title='bbox 939 2945 1034 3030; x_wconf 88' lang='lat' dir='ltr'><strong>parti·</strong></span> 
     </span>
     <span class='ocr_line' id='line_1_33' title="bbox 103 3029 1032 3121; baseline 0 -22"><span class='ocrx_word' id='word_1_223' title='bbox 103 3034 257 3121; x_wconf 86' lang='lat' dir='ltr'><strong>ripatione</strong></span> <span class='ocrx_word' id='word_1_224' title='bbox 279 3035 400 3101; x_wconf 82' lang='lat' dir='ltr'><strong>diuinae</strong></span> <span class='ocrx_word' id='word_1_225' title='bbox 424 3035 594 3103; x_wconf 90' lang='lat' dir='ltr'><strong>traditionis</strong></span> <span class='ocrx_word' id='word_1_226' title='bbox 616 3047 686 3099; x_wconf 89' lang='lat' dir='ltr'><strong>sunt</strong></span> <span class='ocrx_word' id='word_1_227' title='bbox 710 3029 822 3097; x_wconf 88' lang='lat' dir='ltr'><strong>lactiet</strong></span> <span class='ocrx_word' id='word_1_228' title='bbox 845 3031 1032 3118; x_wconf 87' lang='lat' dir='ltr'><strong>copiosiores</strong></span> 
     </span>
     <span class='ocr_line' id='line_1_34' title="bbox 103 3120 1033 3205; baseline -0.001 -19"><span class='ocrx_word' id='word_1_229' title='bbox 103 3123 141 3187; x_wconf 93' lang='lat' dir='ltr'><strong>ad</strong></span> <span class='ocrx_word' id='word_1_230' title='bbox 167 3123 267 3189; x_wconf 86' lang='lat' dir='ltr'><strong>Deum</strong></span> <span class='ocrx_word' id='word_1_231' title='bbox 292 3125 406 3191; x_wconf 88' lang='lat' dir='ltr'><strong>babent</strong></span> <span class='ocrx_word' id='word_1_232' title='bbox 440 3124 688 3198; x_wconf 88' lang='lat' dir='ltr'><strong>communiones,</strong></span> <span class='ocrx_word' id='word_1_233' title='bbox 721 3120 826 3185; x_wconf 89' lang='lat' dir='ltr'><strong>attenti</strong></span> <span class='ocrx_word' id='word_1_234' title='bbox 861 3134 1033 3205; x_wconf 87' lang='lat' dir='ltr'><strong>manentes,</strong></span> 
     </span>
     <span class='ocr_line' id='line_1_35' title="bbox 104 3203 1034 3300; baseline 0.002 -25"><span class='ocrx_word' id='word_1_235' title='bbox 104 3225 135 3275; x_wconf 89' lang='lat' dir='ltr'><strong>et</strong></span> <span class='ocrx_word' id='word_1_236' title='bbox 156 3232 281 3299; x_wconf 88' lang='lat' dir='ltr'><strong>semper</strong></span> <span class='ocrx_word' id='word_1_237' title='bbox 304 3213 344 3278; x_wconf 90' lang='lat' dir='ltr'><strong>ad</strong></span> <span class='ocrx_word' id='word_1_238' title='bbox 366 3217 518 3300; x_wconf 84' lang='lat' dir='ltr'><strong>superins,</strong></span> <span class='ocrx_word' id='word_1_239' title='bbox 540 3203 619 3276; x_wconf 90' lang='lat' dir='ltr'><strong>sle&#39;ut</strong></span> <span class='ocrx_word' id='word_1_240' title='bbox 642 3205 765 3287; x_wconf 83' lang='lat' dir='ltr'><strong>estias,</strong></span> <span class='ocrx_word' id='word_1_241' title='bbox 788 3208 819 3274; x_wconf 91' lang='lat' dir='ltr'><strong>in</strong></span> <span class='ocrx_word' id='word_1_242' title='bbox 853 3206 1034 3277; x_wconf 83' lang='lat' dir='ltr'><strong>fortitudine</strong></span> 
     </span>
     <span class='ocr_line' id='line_1_36' title="bbox 105 3296 1032 3383; baseline 0.002 -20"><span class='ocrx_word' id='word_1_243' title='bbox 105 3298 202 3365; x_wconf 83' lang='lat' dir='ltr'><strong>divini</strong></span> <span class='ocrx_word' id='word_1_244' title='bbox 225 3302 265 3367; x_wconf 91' lang='lat' dir='ltr'><strong>ed</strong></span> <span class='ocrx_word' id='word_1_245' title='bbox 288 3301 511 3368; x_wconf 85' lang='lat' dir='ltr'><strong>indeclinabilis</strong></span> <span class='ocrx_word' id='word_1_246' title='bbox 533 3299 647 3365; x_wconf 90' lang='lat' dir='ltr'><strong>amoris</strong></span> <span class='ocrx_word' id='word_1_247' title='bbox 680 3296 842 3363; x_wconf 80' lang='lat' dir='ltr'><strong>extentis</strong></span> <span class='ocrx_word' id='word_1_248' title='bbox 873 3296 1032 3383; x_wconf 84' lang='lat' dir='ltr'><strong>(Caelest.</strong></span> 
     </span>
     <span class='ocr_line' id='line_1_37' title="bbox 106 3384 1032 3477; baseline -0.001 -24"><span class='ocrx_word' id='word_1_249' title='bbox 106 3386 186 3454; x_wconf 85' lang='lat' dir='ltr'><strong>llier.</strong></span> <span class='ocrx_word' id='word_1_250' title='bbox 204 3438 214 3469; x_wconf 91' lang='lat'><strong>,</strong></span> <span class='ocrx_word' id='word_1_251' title='bbox 235 3410 263 3457; x_wconf 86' lang='lat' dir='ltr'><strong>c.</strong></span> <span class='ocrx_word' id='word_1_252' title='bbox 287 3390 332 3476; x_wconf 75' lang='lat' dir='ltr'><strong>l).</strong></span> <span class='ocrx_word' id='word_1_253' title='bbox 346 3390 409 3456; x_wconf 90' lang='lat' dir='ltr'><strong>lloc</strong></span> <span class='ocrx_word' id='word_1_254' title='bbox 432 3392 523 3477; x_wconf 73' lang='lat' dir='ltr'><strong>igitur</strong></span> <span class='ocrx_word' id='word_1_255' title='bbox 546 3388 664 3454; x_wconf 84' lang='lat' dir='ltr'><strong>ridetur</strong></span> <span class='ocrx_word' id='word_1_256' title='bbox 688 3384 764 3453; x_wconf 92' lang='lat' dir='ltr'><strong>crdo</strong></span> <span class='ocrx_word' id='word_1_257' title='bbox 788 3404 893 3451; x_wconf 87' lang='lat' dir='ltr'><strong>rerum</strong></span> <span class='ocrx_word' id='word_1_258' title='bbox 916 3386 1032 3452; x_wconf 87' lang='lat' dir='ltr'><strong>babere</strong></span> 
     </span>
     <span class='ocr_line' id='line_1_38' title="bbox 107 3473 1031 3567; baseline -0.003 -22"><span class='ocrx_word' id='word_1_259' title='bbox 107 3490 150 3559; x_wconf 87' lang='lat' dir='ltr'><strong>ut,</strong></span> <span class='ocrx_word' id='word_1_260' title='bbox 172 3478 250 3546; x_wconf 88' lang='lat' dir='ltr'><strong>sicut</strong></span> <span class='ocrx_word' id='word_1_261' title='bbox 271 3477 416 3546; x_wconf 80' lang='lat' dir='ltr'><strong>interiora</strong></span> <span class='ocrx_word' id='word_1_262' title='bbox 438 3497 571 3567; x_wconf 89' lang='lat' dir='ltr'><strong>corpora</strong></span> <span class='ocrx_word' id='word_1_263' title='bbox 586 3473 804 3543; x_wconf 86' lang='lat' dir='ltr'><strong>inordinatiuni</strong></span> <span class='ocrx_word' id='word_1_264' title='bbox 820 3486 850 3539; x_wconf 89' lang='lat' dir='ltr'><strong>et</strong></span> <span class='ocrx_word' id='word_1_265' title='bbox 866 3473 948 3541; x_wconf 91' lang='lat' dir='ltr'><strong>malo</strong></span> <span class='ocrx_word' id='word_1_266' title='bbox 962 3494 1031 3563; x_wconf 89' lang='lat' dir='ltr'><strong>pos-</strong></span> 
     </span>
    </p>
   </div>
   <div class='ocr_carea' id='block_1_2' title="bbox 0 0 1246 3975">
    <p class='ocr_par' dir='ltr' id='par_1_3' title="bbox 0 0 1246 3975">
     <span class='ocr_line' id='line_1_39' title="bbox 0 0 1246 3975; baseline 0 0"><span class='ocrx_word' id='word_1_267' title='bbox 0 0 1246 3975; x_wconf 95' lang='lat' dir='ltr'><strong> </strong></span> 
     </span>
    </p>
   </div>
  </div>
 </body>
</html>
