2484 3975
226 214 292 282 ets
561 235 616 281 mr.
643 235 680 281 tv.
705 234 768 282 cto.
793 235 849 281 etv.

222 306 318 380 sistat,
340 315 373 367 ut
396 315 555 368 ostensum
580 317 636 381 est,
661 305 867 369 necessarium
892 316 938 367 est
971 303 1057 390 quod
1083 305 1170 391 qui·

225 413 360 478 eumque
385 391 432 457 bis
455 412 536 477 quae
560 391 638 458 inlra
663 392 763 458 Deum
777 407 847 457 sunt
865 391 1004 458 inhaeret
1017 393 1170 460 finaliter

168 526 172 537 .
222 501 355 546 averae
379 480 577 546 beatitudinis
601 481 835 567 participatione
871 482 1068 566 impediatur.
1111 483 1165 548 Ad

223 570 283 635 hoc
305 584 409 634 autem
433 570 528 634 lrctuo
550 569 661 634 deduci
689 583 810 655 poterat
833 569 917 655 quod
938 570 1032 636 rebus
1072 571 1163 635 infra

223 658 323 723 Deum
347 657 550 722 existentibus
590 658 766 725 inhaereret
801 671 833 721 ut
873 659 936 736 fini,
974 659 1163 742 ignorando

221 767 297 813 suae
319 760 446 812 naturae
471 746 662 830 dignitatem.
701 747 743 811 Ex
784 746 843 812 hoc
877 747 960 810 enim
1000 747 1164 833 contingit

221 835 304 922 quod
328 835 465 922 quidam,
488 834 719 900 considerantes
742 855 776 900 se
799 835 970 900 secundum
1006 849 1162 901 naturam

222 944 403 1010 corpoream
428 937 459 988 et
481 925 671 1001 sensitivam,
694 945 788 1010 quern
812 944 885 988 cum
909 924 975 988 aliis
1011 925 1162 991 animali-

222 1013 280 1078 bus
304 1012 421 1078 babent
444 1033 657 1092 communem,
681 1014 711 1077 in
751 1013 843 1078 rebus
882 1013 1098 1098 corporalibus
1126 1028 1160 1080 et

221 1101 475 1166 delectationibus
499 1103 600 1166 caetris
633 1101 799 1187 quamdam
838 1101 1061 1167 beatitudinem
1099 1103 1158 1168 be-

221 1189 342 1256 stialem
366 1190 537 1276 requirunt.
562 1190 697 1271 Quidam
722 1211 805 1268 vero,
829 1190 1062 1256 considerantes
1075 1212 1157 1276 qua·

220 1278 365 1344 rumdam
387 1292 598 1345 ereaturarum
621 1279 835 1354 excellentiam
859 1299 951 1365 super
992 1279 1158 1358 homines,

220 1381 371 1454 quantum
396 1366 435 1431 ad
459 1367 571 1453 aliqua,
595 1387 704 1432 eorum
729 1367 822 1432 cultui
847 1389 880 1432 se
905 1367 1154 1447 adstrinxerunt,

220 1455 356 1521 colentes
379 1456 531 1520 mundum
561 1470 593 1521 et
616 1471 718 1543 partes
742 1459 817 1540 ejus,
842 1469 968 1541 propter
995 1458 1156 1541 magnitu-

221 1545 328 1610 dinem
353 1545 528 1630 quantitatis
566 1558 597 1609 et
633 1547 779 1630 temporis
818 1545 1065 1617 diuturnitatem,
1101 1547 1154 1612 vel

220 1633 393 1718 spirituales
416 1634 612 1708 substantias,
635 1633 767 1717 Angelos
783 1647 813 1697 et
825 1634 1003 1707 daemones,
1021 1648 1154 1722 propter

222 1723 281 1786 boc
303 1721 387 1807 quod
412 1722 571 1787 bominem
595 1723 746 1787 excedere
781 1722 979 1786 inveniuntur
1015 1735 1078 1788 tarn
1119 1725 1153 1788 in

220 1811 454 1876 immortalitate
477 1831 570 1896 quam
596 1811 628 1875 in
665 1811 807 1875 acumine
842 1811 1023 1887 intellectus3
1060 1813 1155 1876 oesti-

221 1912 341 1965 mantes
364 1900 395 1962 in
418 1900 476 1978 bis,
500 1913 605 1988 utpote
636 1919 727 1985 supra
751 1921 784 1964 se
807 1900 1018 1974 existentibus,
1048 1899 1154 1966 homi-

220 1990 269 2054 nis
293 1986 516 2053 beatitudinem
540 2009 608 2055 esse
631 1990 850 2075 quaerendam.
863 1989 1012 2071 Quamvis
1029 2004 1149 2065 autem,

220 2090 372 2165 quantum
397 2078 436 2143 ad
460 2079 580 2164 aliquas
614 2078 818 2156 conditiones,
856 2079 951 2143 borno
993 2078 1152 2163 aliquibus

220 2166 369 2231 creaturis
392 2168 499 2231 existat
524 2165 661 2240 inlerior,
685 2187 719 2231 ac
743 2169 836 2241 etiam
860 2167 973 2231 intimis
996 2168 1149 2233 creaturis

222 2256 254 2319 in
277 2254 465 2341 quibusdam
489 2256 686 2330 assimiletur,
711 2269 814 2319 tamen
853 2255 1025 2320 seeundum
1064 2256 1149 2320 ordi·

219 2364 292 2409 nem
317 2343 386 2407 finis
408 2344 485 2409 nibil
510 2344 635 2414 bomine
649 2344 748 2407 existit
764 2344 864 2421 altius,
880 2345 936 2409 nisi
952 2344 1036 2409 solus
1050 2343 1147 2424 Deus,

221 2433 252 2495 in
276 2451 338 2518 quo
361 2432 428 2497 solo
453 2431 586 2518 perlecta
628 2434 762 2497 bominis
801 2431 957 2497 beatitudo
997 2435 1146 2499 consistit.

220 2520 305 2587 llartc
317 2521 409 2603 igitur
421 2521 554 2585 bominis
566 2520 758 2604 dignitatern,
771 2521 979 2606 quodscilicet
991 2522 1021 2585 in
1040 2523 1146 2587 imme·

220 2609 302 2677 diata
326 2610 382 2675 Dei
408 2610 525 2673 risione
558 2609 778 2675 beatilieandus
795 2612 842 2687 sit,
855 2610 1144 2675 corttcnientissime

221 2698 306 2763 Deus
330 2698 464 2763 ostendit
488 2718 543 2783 per
566 2700 626 2762 boc
649 2698 733 2785 quod
757 2699 822 2784 ipse
858 2698 1035 2763 immediate
1060 2712 1146 2763 natu-

221 2806 288 2852 ram
313 2788 481 2851 humanam
505 2787 679 2872 assumpsit:
705 2785 787 2851 unde
811 2808 848 2853 ex
865 2788 1074 2853 incarnatione
1088 2786 1143 2851 llei

220 2878 280 2951 boc
304 2889 504 2941 consecutum
529 2875 670 2940 videmus
694 2876 777 2959 quod
802 2896 913 2960 magna
951 2896 1020 2960 pars
1044 2875 1142 2941 homi·
1222 2902 1223 2976 ,

220 2984 307 3042 num,
330 2964 414 3029 cultu
438 2963 639 3047 Angelorum,
662 2963 850 3029 daemonum
875 2978 904 3029 et
920 2983 1141 3049 quarumcum-

218 3072 281 3139 que
304 3066 518 3118 creaturatum
542 3054 769 3137 praetermisso,
792 3056 901 3139 spretis
939 3053 1033 3117 etiam
1059 3051 1142 3117 volu·
1221 3120 1222 3127 ,

218 3143 353 3226 ptatibus
377 3143 476 3206 carreis
499 3154 530 3204 et
552 3141 765 3225 corporalibus
788 3142 943 3217 omnibus,
979 3141 1018 3206 ad
1041 3139 1140 3207 solum
1221 3134 1222 3228 l

220 3228 321 3294 Deum
345 3229 510 3295 colendum
535 3248 568 3293 se
591 3230 822 3306 dedicaverunt;
845 3232 876 3295 in
901 3250 963 3315 quo
990 3226 1056 3293 solo
1071 3228 1140 3294 bea·

221 3318 359 3383 titudinis
380 3319 644 3404 complementum
670 3332 840 3403 expectant,
863 3316 1035 3383 secundum
1058 3318 1137 3403 quod

219 3407 382 3488 Apostolus
404 3418 521 3471 monet:
548 3407 633 3485 Quae
656 3426 780 3471 sursum
812 3418 884 3471 suut
918 3405 1066 3490 quaerite,
1086 3404 1139 3469 ubi

227 3492 368 3571 cbristus
390 3504 435 3560 ert
457 3494 490 3557 in
512 3495 641 3559 ‹leatero
665 3493 723 3558 Dei
745 3495 867 3572 sederam
903 3514 983 3580 quae
1020 3512 1138 3565 currum
