2484 3975
220 215 290 282 bro
600 235 773 284 oruscutun
919 273 923 280 .

221 322 326 370 autem
348 303 435 369 locus
458 302 649 388 Angelorum
683 320 728 371 est
766 305 941 391 spiritualis,
975 305 1146 372 secundum

221 395 307 480 quod
330 392 496 478 Dionysius
519 393 699 480 dicitquod
741 424 754 456 ι
777 415 941 480 supremae
978 396 1150 480 spirituales

219 483 407 551 substantiae
430 483 554 546 suntin
577 485 734 550 restibulis
758 484 915 549 Trinitatis
937 485 1139 549 collocatas»

221 572 289 658 (lde
311 570 412 635 Divin.
437 571 586 648 Nostin,
606 593 633 637 c.
658 574 715 652 52³
739 588 768 639 ct
805 573 936 638 Basilius
970 573 1149 658 dicitquod

226 689 245 722 -ι
265 674 338 728 suat
361 661 391 724 in
415 659 494 736 luce,
517 674 552 723 et
570 661 603 725 in
632 661 744 728 laetitia
783 663 934 748 spirituali
950 661 1142 726 <habitans

220 750 421 836 (flentem,
445 749 476 824 2,
498 769 524 813 c.
549 749 606 834 li);
629 765 659 816 et
686 750 855 836 Gregorius
893 771 1042 835 ngssenus
1079 751 1151 817 dicit

222 840 307 926 quod
337 866 354 896 s
379 837 578 921 intelligibilia
603 841 633 903 in
658 840 898 924 intelligibilibus
915 839 989 904 locis
1011 854 1083 905 sunt
1099 854 1151 907 aut

167 961 170 971 ·
222 929 253 993 in
276 927 543 1015 superjacentibus
565 927 817 1014 intelligibilibus.
842 929 920 1002 Cum
936 929 1027 1013 igitur
1039 929 1071 993 in
1083 951 1151 995 eor·

221 1037 298 1104 pore
320 1013 432 1081 dicitur
455 1016 661 1083 intellectuale
684 1017 800 1105 aliquid
820 1017 961 1083 localiter
984 1038 1063 1092 esse,
1086 1039 1149 1084 nan

220 1120 256 1171 ut
277 1107 307 1170 in
331 1105 400 1172 ioco
423 1125 575 1191 corporeo
597 1107 708 1171 dicitur
729 1127 807 1186 asse,
829 1106 884 1172 sed
916 1119 949 1171 ut
972 1105 1003 1169 in
1027 1107 1149 1173 babitu·

220 1196 305 1272 dine,
328 1209 360 1260 et
383 1195 414 1257 in
437 1213 473 1256 ea
497 1194 658 1278 (dicitur)
696 1197 780 1282 qnod
814 1195 912 1272 adest,
949 1209 982 1258 nt
1016 1195 1149 1261 dicimus

220 1284 321 1348 Deum
344 1303 413 1348 esse
437 1284 467 1362 in
491 1284 581 1348 nobis
602 1307 635 1361 »3
659 1299 688 1350 et
712 1299 779 1371 post
796 1305 891 1370 pauca
906 1283 1019 1348 subdit:
1042 1285 1149 1350 «Cum

220 1374 313 1455 igitur
335 1370 527 1456 intelligibile
549 1372 681 1459 aliquod.
699 1373 788 1438 luerit
812 1373 842 1436 in
882 1371 1062 1438 habitudine
1101 1373 1150 1438 rel

220 1461 278 1526 loci
302 1461 431 1544 alicujus
454 1461 501 1525 rei
524 1461 569 1525 rai
593 1476 626 1526 ut
649 1462 681 1526 in
730 1462 798 1528 loeo
831 1460 998 1536 existentis,
1023 1461 1151 1528 abusive
1228 1465 1229 1476 ’

222 1550 353 1614 dicimus
377 1549 438 1614 illic
461 1551 491 1614 id
514 1571 584 1615 esse
605 1565 732 1637 propter
755 1565 857 1614 actum
881 1550 947 1634 ejus
970 1552 1022 1634 qui
1046 1565 1094 1615 est
1115 1551 1150 1615 il·

221 1639 273 1718 l-ic,
295 1639 476 1723 locnmprn
502 1639 682 1704 habitudine
714 1639 924 1725 suscipientem
958 1659 1029 1702 curn
1065 1640 1149 1704 enim

221 1727 408 1792 deberemus
431 1727 534 1791 dicere
555 1728 623 1791 itttc
645 1729 719 1813 opit,
743 1728 872 1795 dicimus
895 1727 960 1791 tttic
975 1739 1049 1790 ert»
1080 1727 1150 1814 (da

221 1816 352 1883 Homine
367 1815 392 1901 );
415 1831 445 1879 et
470 1817 529 1880 boc
551 1835 684 1902 sequaris
709 1817 919 1880 Damasuauns
958 1816 1030 1880 dicit
1066 1819 1151 1901 qnod

226 1933 241 1962 a
264 1905 397 1990 Angelus
422 1906 473 1968 ubi
497 1919 645 1991 operatur
667 1907 707 1969 ibi
732 1920 778 1969 est
799 1927 831 1982 »ς
856 1906 1149 1990 Augustinusetiam

221 1995 295 2060 dicit
317 1995 400 2081 quod
430 2021 445 2053 ι
464 1993 599 2080 Spiritus
621 2015 745 2061 meatur
764 2007 879 2060 motet.
903 1996 1066 2060 conditum
1086 1998 1148 2082 spi·

221 2084 315 2149 ritum
338 2104 394 2170 per
415 2098 538 2169 tempus
561 2084 629 2148 sine
652 2085 731 2161 loco,
760 2096 863 2149 motet
891 2096 1001 2148 autem
1036 2105 1149 2168 corpus

220 2192 275 2258 per
291 2179 419 2258 ‘tempus
443 2186 475 2235 et
497 2173 629 2237 lacuna»
649 2172 864 2262 (SuperGen.
888 2172 926 2235 ad
950 2171 1027 2249 litt,
1051 2173 1150 2259 c.8).

220 2262 396 2348 litonibus
419 2262 564 2325 omnibus
588 2262 679 2325 datur
701 2262 829 2343 intelligi
853 2262 1039 2326 substantias
1062 2266 1150 2348 spiri·

220 2350 317 2415 males
340 2370 404 2414 non
427 2370 494 2413 essu
509 2352 549 2414 'in
572 2350 641 2415 loeo
671 2351 882 2437 corporaliter,
918 2349 972 2413 scd
1010 2354 1148 2435 quodann

220 2440 315 2504 modo
338 2440 498 2525 spirituali3
520 2452 551 2503 et
573 2440 647 2524 quia
668 2438 781 2507 eudem
805 2437 901 2503 modo
922 2441 1069 2525 competit
1094 2441 1150 2506 ali·

218 2528 269 2593 cui
291 2528 408 2593 morari
432 2529 463 2592 in
487 2527 556 2593 loco
577 2542 608 2592 et
631 2528 752 2593 esseio
774 2528 855 2604 loco,
872 2547 927 2614 per
953 2548 1150 2615 consequens

220 2638 324 2703 neqne
346 2616 499 2702 corporali
524 2617 617 2681 modo
633 2616 749 2700 «Angett
773 2633 936 2681 mutentur
957 2618 988 2679 in
1001 2615 1149 2695 loco,setl

220 2721 322 2772 motus
344 2724 466 2783 aarum
488 2708 540 2791 qui
563 2704 745 2791 exprimitur
766 2704 799 2769 in
836 2703 1018 2791 Scripturig
1049 2708 1075 2770 si
1100 2726 1149 2772 re·

217 2792 334 2859 feratur
357 2793 397 2859 ad
422 2794 525 2859 lucum
550 2794 758 2881 corporalem,
795 2806 842 2859 est
879 2793 1077 2880 accipiendus
1102 2815 1157 2861 se·.
1228 2816 1229 2831 ³

218 2883 356 2952 curidum
379 2882 605 2950 matisconem
629 2882 765 2967 virtualis
788 2894 946 2947 contactus
959 2882 999 2947 ad
1012 2882 1080 2949 loca
1105 2883 1149 2949 di·

220 2991 319 3048 uersa,
343 2971 391 3035 vel
413 2986 463 3036 ert
483 2974 680 3057 accipiendus
711 2972 882 3037 secundum
917 2973 1078 3057 mimicam
1101 2972 1153 3039 tn-

219 3058 432 3145 teiligentiam,
454 3062 533 3125 sieut
555 3059 830 3146 Dionysiusdicit
865 3060 956 3147 quod
994 3063 1156 3128 «moreti.
1228 3132 1229 3137 ,

219 3149 365 3215 dicuntur
387 3148 509 3213 diuinae
532 3163 652 3213 mentes
672 3149 863 3214 cbenlmiter
893 3148 1019 3235 quidem
1044 3152 1148 3217 unitae

218 3237 495 3304 illuminationibus
518 3238 638 3323 pulolrri
661 3252 693 3301 at
716 3238 800 3315 boni;
821 3237 852 3302 in
875 3238 1027 3303 directum
1044 3256 1152 3306 autern
1228 3258 1229 3311 j

218 3326 346 3413 quando
380 3327 550 3414 procedunt
586 3326 626 3391 nd
664 3326 874 3411 subjectorum
912 3328 1147 3413 providentium
1228 3412 1229 3415 Ἴ

219 3415 345 3501 oblique
369 3437 454 3491 roro,
477 3415 603 3501 quando
619 3415 822 3503 providentes
839 3416 948 3481 minus
962 3417 1147 3484 lnbentibus

219 3502 453 3585 ingressibiliter
485 3518 621 3571 manent
645 3504 736 3571 eirca
759 3504 862 3571 neum
878 3528 895 3590 ,υ
936 3504 1023 3593 (de
1044 3505 1148 3573 Dicin.
1228 3576 1229 3597 p

221 3587 366 3671 nomin,
388 3610 415 3656 ε.
438 3591 496 3679 i).
