2484 3975
218 205 281 276 tto
524 206 876 277 hettesnamont.

214 301 287 366 tiam
312 297 507 363 constitutam
532 319 610 374 esse,
634 299 746 364 scilieet
771 300 928 364 hominem
967 299 1144 384 quemdam

214 386 353 490 eipsdem
376 386 497 489 speciei
514 386 582 452 aliis
606 389 795 453 homiuibus:
818 407 911 475 quern
928 387 1054 473 quidem
1077 389 1144 454 ho·

213 477 330 542 minem
354 475 475 543 unitum
498 475 605 541 dieunt
629 476 729 542 Verbo
765 477 832 556 Dei,
856 496 918 540 non
952 475 1114 562 quidem
1104 498 1141 542 ιιι

95 603 98 610 ·
213 567 336 642 tratura,
358 565 445 629 sed
437 585 468 628 ιιι
492 584 636 647 persona,
659 579 692 629 nt
714 565 830 631 sedicet
852 567 890 630 sit
913 585 975 629 una
1005 585 1140 651 persona

212 653 304 720 Verbi
328 653 384 718 Dei
409 664 439 717 et
464 653 544 718 itlius
568 654 712 718 hominis.
748 653 819 729 Sed,
844 653 915 740 quia
951 654 1045 718 homo
1064 653 1140 736 ,itte

212 741 366 828 quaedam
391 740 547 806 individua
571 742 739 808 substantia
774 756 831 818 est,
866 740 950 827 quod
985 757 1031 806 est
1067 761 1141 809 esse

212 831 402 918 hypostasim
425 841 456 894 et
478 831 683 916 suppositum,
706 831 811 895 dieunt
828 829 953 917 quidem
970 831 1001 895 io
1015 829 1140 897 Christo

211 939 280 988 esse
303 919 394 984 aliam
418 919 607 1004 hypostasim
631 919 712 984 iilius
735 920 869 985 hominis
892 932 922 984 et
950 918 1042 985 Verbi
1064 920 1141 999 Dei,
1234 930 1235 939 ’

209 1008 265 1072 sed
289 1027 382 1073 unam
407 1027 571 1093 personam
595 1009 766 1094 utriusque,
789 1009 908 1073 ratione
941 1006 1030 1092 eujus
1062 1008 1138 1073 nni-
1234 1074 1235 1101 ,

210 1099 279 1162 tatis
302 1096 407 1161 dieunt
430 1094 565 1161 Verbum
590 1096 646 1161 Dei
671 1097 711 1160 de
735 1097 860 1161 homine
883 1095 936 1161 ttto
959 1097 1136 1182 praedicari

210 1198 241 1251 et
264 1185 423 1250 hominem
449 1183 534 1249 ilium
559 1185 599 1250 de
630 1185 731 1252 Verbo
769 1179 838 1262 Dei,
872 1197 906 1249 nt
940 1185 978 1248 sit
1013 1205 1138 1252 sensus:
1164 1230 1169 1237 ·

209 1273 346 1341 Verbum
370 1273 427 1337 hei
452 1285 498 1336 est
521 1273 627 1352 homo,
661 1274 740 1339 idest
778 1293 909 1360 persona
945 1272 1038 1343 Verbi
1076 1275 1137 1340 Dei

209 1375 257 1430 est
279 1381 412 1447 persona
436 1361 581 1439 hominis,
606 1377 638 1427 et
660 1384 678 1426 e
701 1383 858 1428 converso.
884 1362 918 1426 tta
935 1361 993 1426 hae
1015 1363 1138 1428 ratione

210 1449 359 1553 quidquid
384 1450 423 1515 de
446 1449 546 1516 Verbo
571 1451 629 1516 Dei
653 1451 847 1537 praedicator
870 1451 976 1514 dieunt
999 1449 1039 1516 de
1075 1451 1136 1518 ho·

210 1539 295 1604 mine
319 1539 370 1604 ttto
409 1559 499 1626 posse
534 1540 716 1626 praedicari,
750 1554 782 1604 et
815 1561 832 1605 e
866 1559 1027 1618 convenam
1061 1560 1135 1606 enm

209 1627 344 1714 quadam
368 1641 471 1692 tamen
496 1628 705 1715 replicatione,
729 1641 772 1706 ut,
795 1649 866 1693 eum
891 1628 1011 1693 dieitur·
1047 1628 1137 1697 Deus

209 1729 257 1783 est
280 1735 397 1802 passus,
420 1717 457 1781 sit
481 1737 598 1782 sensus:
622 1717 722 1782 Homo
746 1718 798 1803 qui
821 1730 867 1782 est
890 1716 974 1780 Deus
1009 1714 1140 1803 propter

209 1805 359 1872 unitatem
384 1793 534 1890 personae
566 1819 612 1870 est
650 1827 768 1892 passus,
808 1819 847 1870 et:
887 1805 987 1870 Homo
1021 1807 1139 1873 creavit

209 1892 324 1970 stelias,
347 1894 425 1958 idest
448 1893 498 1958 itte
522 1895 574 1980 qui
598 1906 645 1958 est
668 1895 774 1960 homo.

275 1981 337 2047 Sed
372 1982 449 2047 haee
484 1983 595 2069 positio
633 1983 672 2048 de
707 1983 889 2051 necessitate
924 1981 955 2048 in
993 2003 1137 2051 errorem

210 2071 340 2137 Nestorii
357 2070 512 2136 dilabitur.

271 2158 304 2224 Si
326 2161 409 2224 enim
434 2159 604 2225 differentia
628 2180 780 2247 personae
816 2174 845 2226 et
880 2156 1052 2247 hypostasis
1085 2175 1135 2226 at·

208 2247 362 2325 tendatur,
386 2248 539 2313 invenitur
562 2269 693 2335 persona
717 2270 785 2315 esse
815 2271 876 2314 non
918 2250 1052 2314 alienum
1090 2251 1137 2318 ab

207 2335 375 2423 hypostasi,
398 2335 453 2401 sed
477 2338 631 2422 quaedam
655 2360 726 2425 pars
748 2338 826 2423 ejns3
851 2337 928 2403 nihii
952 2358 1035 2405 eorm
1047 2338 1137 2406 ahud

207 2440 254 2491 est
277 2445 407 2511 persona
430 2445 523 2510 quam
548 2426 721 2513 hypostasis
744 2427 812 2493 talis
834 2441 975 2510 naturae,
1017 2427 1139 2495 scilieet

206 2514 374 2591 rationalia
397 2512 479 2597 quod
504 2527 586 2600 patet
607 2536 647 2579 ert
683 2515 862 2581 definitione
895 2517 994 2582 ssoertt
1028 2514 1139 2581 dieen-

93 2626 100 2632 ·
207 2603 245 2670 tis
267 2604 297 2690 (i
304 2604 318 2689 )
341 2602 425 2689 quod
447 2622 581 2687 persono
603 2616 650 2669 est
685 2606 851 2670 rationulis
887 2616 1019 2671 naturae
1050 2605 1137 2669 indi-

99 2718 103 2732 «
205 2692 302 2756 uidua
323 2689 507 2757 substantio.
531 2691 573 2757 Ειι
611 2712 674 2777 qno
709 2706 792 2779 patet
830 2694 924 2779 quod,
961 2694 1030 2759 lieet
1067 2713 1136 2759 non

206 2781 307 2845 omnis
332 2780 502 2866 hypostasis
528 2781 567 2845 sit
589 2801 733 2866 persona,
756 2785 857 2846 omnis
888 2796 992 2847 tamen
1031 2782 1135 2867 hypo-

205 2868 294 2933 stasis
316 2868 471 2933 humanae
494 2882 624 2939 naturae
647 2890 779 2970 persona
810 2883 864 2934 est.
889 2870 921 2934 Si
959 2870 1052 2955 igitur
1088 2890 1136 2937 ex

205 2956 269 3020 sola
292 2957 406 3021 unione
429 2957 551 3021 animae
586 2970 615 3021 et
651 2958 789 3042 eorporis
826 2960 989 3028 constituta
1028 2970 1073 3022 est
1097 2960 1134 3023 in
1234 2967 1235 2978 ³

205 3044 326 3110 Christo
348 3044 501 3130 quaedam
525 3045 695 3111 substantia
735 3046 926 3132 particularis
965 3065 1044 3132 quae
1082 3060 1135 3111 est
1234 3055 1235 3108 t

204 3132 388 3235 hypostasis,
417 3131 532 3198 sedicet
568 3134 618 3199 ttte
654 3135 759 3213 bomo,
798 3136 937 3219 sequitur
970 3133 1053 3237 quod
1090 3152 1132 3201 ex

204 3222 313 3287 eadem
338 3222 452 3287 unione
475 3221 513 3285 sit
535 3223 698 3291 constituta
734 3243 878 3310 persona.
902 3223 954 3287 Sio
979 3224 1072 3308 igitur
1096 3224 1130 3291 iu

205 3308 326 3377 Christo
349 3323 440 3374 erunt
463 3308 543 3373 duae
577 3330 739 3397 personae,
778 3332 839 3377 una
874 3311 972 3377 illius«
992 3310 1130 3379 huminis

259 3498 300 3572 (i)
316 3499 374 3602 Lib.
392 3502 423 3553 do
445 3500 555 3555 Duabus
572 3499 693 3557 Noturir.
736 3504 747 3510 ”
