<?xml version="1.0" encoding="UTF-8"?>
<!DOCTYPE html PUBLIC "-//W3C//DTD XHTML 1.0 Transitional//EN"
    "http://www.w3.org/TR/xhtml1/DTD/xhtml1-transitional.dtd">
<html xmlns="http://www.w3.org/1999/xhtml" xml:lang="en" lang="en">
 <head>
  <title>
</title>
<meta http-equiv="Content-Type" content="text/html;charset=utf-8" />
  <meta name='ocr-system' content='tesseract 3.04.00' />
  <meta name='ocr-capabilities' content='ocr_page ocr_carea ocr_par ocr_line ocrx_word'/>
</head>
<body>
  <div class='ocr_page' id='page_1' title='image "./sanctithomaeaqu01thomgoog_0135.png"; bbox 0 0 2484 3975; ppageno 0'>
   <div class='ocr_carea' id='block_1_1' title="bbox 968 86 972 132">
    <p class='ocr_par' dir='ltr' id='par_1_1' title="bbox 968 86 972 132">
     <span class='ocr_line' id='line_1_1' title="bbox 968 86 972 132; baseline 0 0"><span class='ocrx_word' id='word_1_1' title='bbox 968 86 972 132; x_wconf 90' lang='grc' dir='ltr'>Ι</span> 
     </span>
    </p>
   </div>
   <div class='ocr_carea' id='block_1_2' title="bbox 103 235 1019 410">
    <p class='ocr_par' dir='ltr' id='par_1_2' title="bbox 103 235 1019 410">
     <span class='ocr_line' id='line_1_2' title="bbox 330 235 1011 320; baseline 0.001 -18"><span class='ocrx_word' id='word_1_2' title='bbox 330 315 331 320; x_wconf 10' lang='lat'>1</span> <span class='ocrx_word' id='word_1_3' title='bbox 405 257 461 303; x_wconf 87' lang='lat' dir='ltr'>uu.</span> <span class='ocrx_word' id='word_1_4' title='bbox 485 257 525 302; x_wconf 88' lang='lat' dir='ltr'>tr.</span> <span class='ocrx_word' id='word_1_5' title='bbox 548 256 611 302; x_wconf 84' lang='lat' dir='ltr'>mr.</span> <span class='ocrx_word' id='word_1_6' title='bbox 635 255 713 302; x_wconf 82' lang='lat' dir='ltr'>xxix.</span> <span class='ocrx_word' id='word_1_7' title='bbox 952 235 1011 303; x_wconf 80' lang='grc'>151</span> 
     </span>
     <span class='ocr_line' id='line_1_3' title="bbox 103 323 1019 410; baseline 0 -18"><span class='ocrx_word' id='word_1_8' title='bbox 103 325 160 392; x_wconf 92' lang='lat' dir='ltr'>bus</span> <span class='ocrx_word' id='word_1_9' title='bbox 184 339 246 392; x_wconf 91' lang='lat' dir='ltr'>tam</span> <span class='ocrx_word' id='word_1_10' title='bbox 270 323 380 392; x_wconf 80' lang='lat' dir='ltr'>vilibus</span> <span class='ocrx_word' id='word_1_11' title='bbox 405 340 438 392; x_wconf 92' lang='lat' dir='ltr'>ut</span> <span class='ocrx_word' id='word_1_12' title='bbox 461 340 569 391; x_wconf 90' lang='lat' dir='ltr'>uotum</span> <span class='ocrx_word' id='word_1_13' title='bbox 593 326 632 390; x_wconf 88' lang='lat' dir='ltr'>sit</span> <span class='ocrx_word' id='word_1_14' title='bbox 654 326 724 402; x_wconf 85' lang='lat' dir='ltr'>hoc,</span> <span class='ocrx_word' id='word_1_15' title='bbox 746 323 830 410; x_wconf 86' lang='lat' dir='ltr'>quod</span> <span class='ocrx_word' id='word_1_16' title='bbox 845 324 1019 392; x_wconf 86' lang='lat' dir='ltr'>secundum</span> 
     </span>
    </p>
   </div>
   <div class='ocr_carea' id='block_1_3' title="bbox 88 413 1098 3620">
    <p class='ocr_par' dir='ltr' id='par_1_3' title="bbox 97 413 1019 1030">
     <span class='ocr_line' id='line_1_4' title="bbox 98 413 1019 492; baseline 0 -12"><span class='ocrx_word' id='word_1_17' title='bbox 98 415 341 492; x_wconf 91' lang='lat' dir='ltr'>similitudinem,</span> <span class='ocrx_word' id='word_1_18' title='bbox 365 428 395 478; x_wconf 93' lang='lat' dir='ltr'>et</span> <span class='ocrx_word' id='word_1_19' title='bbox 418 435 480 480; x_wconf 89' lang='lat' dir='ltr'>nou</span> <span class='ocrx_word' id='word_1_20' title='bbox 503 413 676 478; x_wconf 90' lang='lat' dir='ltr'>secundum</span> <span class='ocrx_word' id='word_1_21' title='bbox 700 433 804 478; x_wconf 88' lang='lat' dir='ltr'>rerum</span> <span class='ocrx_word' id='word_1_22' title='bbox 827 414 1019 480; x_wconf 73' lang='lat' dir='ltr'><strong>existentiam</strong></span> 
     </span>
     <span class='ocr_line' id='line_1_5' title="bbox 98 502 1018 588; baseline -0.002 -18"><span class='ocrx_word' id='word_1_23' title='bbox 98 505 252 570; x_wconf 90' lang='lat' dir='ltr'>dicuntur:</span> <span class='ocrx_word' id='word_1_24' title='bbox 277 518 341 568; x_wconf 91' lang='lat' dir='ltr'>tum</span> <span class='ocrx_word' id='word_1_25' title='bbox 365 503 437 588; x_wconf 88' lang='lat' dir='ltr'>quia</span> <span class='ocrx_word' id='word_1_26' title='bbox 454 504 654 568; x_wconf 87' lang='lat' dir='ltr'>inveniuntur</span> <span class='ocrx_word' id='word_1_27' title='bbox 677 502 778 587; x_wconf 85' lang='lat' dir='ltr'>aliqua</span> <span class='ocrx_word' id='word_1_28' title='bbox 802 503 925 587; x_wconf 89' lang='lat' dir='ltr'>proprie</span> <span class='ocrx_word' id='word_1_29' title='bbox 937 504 1018 568; x_wconf 89' lang='lat' dir='ltr'>dicta</span> 
     </span>
     <span class='ocr_line' id='line_1_6' title="bbox 97 590 1018 680; baseline -0.001 -23"><span class='ocrx_word' id='word_1_30' title='bbox 97 593 129 658; x_wconf 91' lang='lat' dir='ltr'>in</span> <span class='ocrx_word' id='word_1_31' title='bbox 154 593 328 680; x_wconf 85' lang='lat' dir='ltr'>Scripturis,</span> <span class='ocrx_word' id='word_1_32' title='bbox 353 612 510 678; x_wconf 74' lang='lat' dir='ltr'>perquire</span> <span class='ocrx_word' id='word_1_33' title='bbox 535 591 644 656; x_wconf 85' lang='lat' dir='ltr'>veritas</span> <span class='ocrx_word' id='word_1_34' title='bbox 667 610 812 675; x_wconf 78' lang='lat' dir='ltr'>expresse</span> <span class='ocrx_word' id='word_1_35' title='bbox 841 590 1018 663; x_wconf 76' lang='lat' dir='ltr'>manifesta·</span> 
     </span>
     <span class='ocr_line' id='line_1_7' title="bbox 98 678 1018 769; baseline -0.001 -23"><span class='ocrx_word' id='word_1_36' title='bbox 98 695 158 760; x_wconf 91' lang='lat' dir='ltr'>tur,</span> <span class='ocrx_word' id='word_1_37' title='bbox 181 703 260 769; x_wconf 86' lang='lat' dir='ltr'>quae</span> <span class='ocrx_word' id='word_1_38' title='bbox 284 682 341 746; x_wconf 88' lang='lat' dir='ltr'>sub</span> <span class='ocrx_word' id='word_1_39' title='bbox 368 680 618 756; x_wconf 74' lang='lat' dir='ltr'>similitudinibus</span> <span class='ocrx_word' id='word_1_40' title='bbox 642 680 673 744; x_wconf 88' lang='lat' dir='ltr'>in</span> <span class='ocrx_word' id='word_1_41' title='bbox 696 680 771 744; x_wconf 87' lang='lat' dir='ltr'>locis</span> <span class='ocrx_word' id='word_1_42' title='bbox 806 678 873 742; x_wconf 91' lang='lat' dir='ltr'>aliis</span> <span class='ocrx_word' id='word_1_43' title='bbox 912 679 1018 745; x_wconf 88' lang='lat' dir='ltr'>occul·</span> 
     </span>
     <span class='ocr_line' id='line_1_8' title="bbox 98 767 1019 855; baseline -0.001 -20"><span class='ocrx_word' id='word_1_44' title='bbox 98 784 210 836; x_wconf 84' lang='lat' dir='ltr'>tantur.</span> <span class='ocrx_word' id='word_1_45' title='bbox 235 770 326 853; x_wconf 82' lang='lat' dir='ltr'>Quod</span> <span class='ocrx_word' id='word_1_46' title='bbox 343 769 468 854; x_wconf 89' lang='lat' dir='ltr'>quidem</span> <span class='ocrx_word' id='word_1_47' title='bbox 486 770 515 832; x_wconf 90' lang='lat' dir='ltr'>in</span> <span class='ocrx_word' id='word_1_48' title='bbox 540 770 695 855; x_wconf 84' lang='lat' dir='ltr'>proposito</span> <span class='ocrx_word' id='word_1_49' title='bbox 719 789 781 834; x_wconf 90' lang='lat' dir='ltr'>uon</span> <span class='ocrx_word' id='word_1_50' title='bbox 794 767 923 833; x_wconf 86' lang='lat' dir='ltr'>accidit.</span> <span class='ocrx_word' id='word_1_51' title='bbox 939 768 1019 834; x_wconf 90' lang='lat' dir='ltr'>Nam</span> 
     </span>
     <span class='ocr_line' id='line_1_9' title="bbox 97 858 1018 944; baseline -0.002 -20"><span class='ocrx_word' id='word_1_52' title='bbox 97 861 180 925; x_wconf 87' lang='lat' dir='ltr'>uulla</span> <span class='ocrx_word' id='word_1_53' title='bbox 204 861 380 944; x_wconf 87' lang='lat' dir='ltr'>Scripturae</span> <span class='ocrx_word' id='word_1_54' title='bbox 405 859 569 922; x_wconf 80' lang='lat' dir='ltr'>auctoritas</span> <span class='ocrx_word' id='word_1_55' title='bbox 600 858 760 922; x_wconf 87' lang='lat' dir='ltr'>veritatem</span> <span class='ocrx_word' id='word_1_56' title='bbox 794 877 903 925; x_wconf 88' lang='lat' dir='ltr'>eorum</span> <span class='ocrx_word' id='word_1_57' title='bbox 938 879 1018 944; x_wconf 87' lang='lat' dir='ltr'>quae</span> 
     </span>
     <span class='ocr_line' id='line_1_10' title="bbox 97 945 818 1030; baseline -0.001 -18"><span class='ocrx_word' id='word_1_58' title='bbox 97 948 137 1013; x_wconf 92' lang='lat' dir='ltr'>de</span> <span class='ocrx_word' id='word_1_59' title='bbox 161 949 351 1014; x_wconf 67' lang='lat' dir='ltr'>humanitate</span> <span class='ocrx_word' id='word_1_60' title='bbox 375 945 484 1012; x_wconf 84' lang='lat' dir='ltr'>Christi</span> <span class='ocrx_word' id='word_1_61' title='bbox 506 945 652 1030; x_wconf 83' lang='lat' dir='ltr'>leguntur</span> <span class='ocrx_word' id='word_1_62' title='bbox 675 946 818 1012; x_wconf 79' lang='lat' dir='ltr'>excludit.</span> 
     </span>
    </p>

    <p class='ocr_par' dir='ltr' id='par_1_4' title="bbox 88 1035 1098 3169">
     <span class='ocr_line' id='line_1_11' title="bbox 165 1035 1016 1122; baseline 0.001 -21"><span class='ocrx_word' id='word_1_63' title='bbox 165 1039 256 1102; x_wconf 83' lang='lat' dir='ltr'>Forte</span> <span class='ocrx_word' id='word_1_64' title='bbox 279 1048 382 1100; x_wconf 88' lang='lat' dir='ltr'>autem</span> <span class='ocrx_word' id='word_1_65' title='bbox 407 1035 578 1121; x_wconf 81' lang='lat' dir='ltr'>quisdicat</span> <span class='ocrx_word' id='word_1_66' title='bbox 601 1035 685 1122; x_wconf 88' lang='lat' dir='ltr'>quod</span> <span class='ocrx_word' id='word_1_67' title='bbox 710 1037 769 1101; x_wconf 91' lang='lat' dir='ltr'>boc</span> <span class='ocrx_word' id='word_1_68' title='bbox 785 1036 876 1100; x_wconf 87' lang='lat' dir='ltr'>datur</span> <span class='ocrx_word' id='word_1_69' title='bbox 887 1035 1016 1120; x_wconf 82' lang='lat' dir='ltr'>intelligi</span> 
     </span>
     <span class='ocr_line' id='line_1_12' title="bbox 99 1124 1016 1212; baseline -0.003 -21"><span class='ocrx_word' id='word_1_70' title='bbox 99 1147 154 1212; x_wconf 89' lang='lat' dir='ltr'>per</span> <span class='ocrx_word' id='word_1_71' title='bbox 178 1126 236 1191; x_wconf 90' lang='lat' dir='ltr'>boc</span> <span class='ocrx_word' id='word_1_72' title='bbox 260 1125 342 1211; x_wconf 91' lang='lat' dir='ltr'>quod</span> <span class='ocrx_word' id='word_1_73' title='bbox 366 1125 528 1208; x_wconf 83' lang='lat' dir='ltr'>Apostolus</span> <span class='ocrx_word' id='word_1_74' title='bbox 551 1124 632 1189; x_wconf 90' lang='lat' dir='ltr'>dicit:</span> <span class='ocrx_word' id='word_1_75' title='bbox 658 1125 753 1208; x_wconf 78' lang='lat' dir='ltr'>Deus,</span> <span class='ocrx_word' id='word_1_76' title='bbox 777 1125 892 1188; x_wconf 82' lang='lat' dir='ltr'>Filium</span> <span class='ocrx_word' id='word_1_77' title='bbox 925 1147 1016 1190; x_wconf 82' lang='lat' dir='ltr'>suurn</span> 
     </span>
     <span class='ocr_line' id='line_1_13' title="bbox 98 1214 1016 1296; baseline 0.002 -18"><span class='ocrx_word' id='word_1_78' title='bbox 98 1217 220 1278; x_wconf 81' lang='lat' dir='ltr'>mittens</span> <span class='ocrx_word' id='word_1_79' title='bbox 242 1216 274 1278; x_wconf 83' lang='lat' dir='ltr'>in</span> <span class='ocrx_word' id='word_1_80' title='bbox 296 1214 529 1278; x_wconf 82' lang='lat' dir='ltr'>similitudinem</span> <span class='ocrx_word' id='word_1_81' title='bbox 552 1214 657 1278; x_wconf 80' lang='lat' dir='ltr'>carnis</span> <span class='ocrx_word' id='word_1_82' title='bbox 681 1216 809 1296; x_wconf 80' lang='lat' dir='ltr'>peccati,</span> <span class='ocrx_word' id='word_1_83' title='bbox 823 1215 911 1280; x_wconf 82' lang='lat' dir='ltr'>lietu.</span> <span class='ocrx_word' id='word_1_84' title='bbox 929 1214 960 1291; x_wconf 87' lang='lat'>8,</span> <span class='ocrx_word' id='word_1_85' title='bbox 984 1215 1016 1294; x_wconf 78' lang='lat'>5,</span> 
     </span>
     <span class='ocr_line' id='line_1_14' title="bbox 98 1301 1017 1389; baseline 0.003 -24"><span class='ocrx_word' id='word_1_86' title='bbox 98 1304 146 1368; x_wconf 87' lang='lat' dir='ltr'>vel</span> <span class='ocrx_word' id='word_1_87' title='bbox 162 1323 215 1389; x_wconf 87' lang='lat' dir='ltr'>per</span> <span class='ocrx_word' id='word_1_88' title='bbox 239 1304 297 1368; x_wconf 89' lang='lat' dir='ltr'>lroc</span> <span class='ocrx_word' id='word_1_89' title='bbox 321 1301 402 1388; x_wconf 91' lang='lat' dir='ltr'>quod</span> <span class='ocrx_word' id='word_1_90' title='bbox 424 1302 509 1366; x_wconf 86' lang='lat' dir='ltr'>dicit:</span> <span class='ocrx_word' id='word_1_91' title='bbox 532 1301 569 1366; x_wconf 88' lang='lat' dir='ltr'>ln</span> <span class='ocrx_word' id='word_1_92' title='bbox 598 1302 833 1368; x_wconf 82' lang='lat' dir='ltr'>similitudinem</span> <span class='ocrx_word' id='word_1_93' title='bbox 859 1303 1017 1368; x_wconf 75' lang='lat' dir='ltr'>leontinum</span> 
     </span>
     <span class='ocr_line' id='line_1_15' title="bbox 94 1391 1098 1478; baseline 0.001 -22"><span class='ocrx_word' id='word_1_94' title='bbox 94 1392 205 1475; x_wconf 78' lang='lat' dir='ltr'>suctus,</span> <span class='ocrx_word' id='word_1_95' title='bbox 228 1403 258 1457; x_wconf 86' lang='lat' dir='ltr'>et</span> <span class='ocrx_word' id='word_1_96' title='bbox 280 1391 387 1456; x_wconf 81' lang='lat' dir='ltr'>babitu</span> <span class='ocrx_word' id='word_1_97' title='bbox 410 1393 549 1456; x_wconf 83' lang='lat' dir='ltr'>inuentus</span> <span class='ocrx_word' id='word_1_98' title='bbox 571 1402 606 1456; x_wconf 85' lang='lat' dir='ltr'>ut</span> <span class='ocrx_word' id='word_1_99' title='bbox 628 1391 728 1468; x_wconf 81' lang='lat' dir='ltr'>borno,</span> <span class='ocrx_word' id='word_1_100' title='bbox 761 1392 905 1478; x_wconf 78' lang='lat' dir='ltr'>Pntttpp,</span> <span class='ocrx_word' id='word_1_101' title='bbox 928 1395 960 1470; x_wconf 69' lang='lat'>⁹2,</span> <span class='ocrx_word' id='word_1_102' title='bbox 984 1394 1015 1458; x_wconf 90' lang='lat'>7.</span> <span class='ocrx_word' id='word_1_103' title='bbox 1093 1443 1098 1448; x_wconf 87' lang='lat'><em>.</em></span> 
     </span>
     <span class='ocr_line' id='line_1_16' title="bbox 95 1480 1017 1565; baseline 0.001 -19"><span class='ocrx_word' id='word_1_104' title='bbox 95 1481 151 1546; x_wconf 90' lang='lat' dir='ltr'>llic</span> <span class='ocrx_word' id='word_1_105' title='bbox 174 1495 277 1546; x_wconf 87' lang='lat' dir='ltr'>autern</span> <span class='ocrx_word' id='word_1_106' title='bbox 300 1501 409 1546; x_wconf 88' lang='lat' dir='ltr'>seusus</span> <span class='ocrx_word' id='word_1_107' title='bbox 433 1501 487 1565; x_wconf 87' lang='lat' dir='ltr'>per</span> <span class='ocrx_word' id='word_1_108' title='bbox 509 1499 546 1544; x_wconf 89' lang='lat' dir='ltr'>ea</span> <span class='ocrx_word' id='word_1_109' title='bbox 569 1500 649 1565; x_wconf 86' lang='lat' dir='ltr'>quae</span> <span class='ocrx_word' id='word_1_110' title='bbox 673 1481 722 1545; x_wconf 85' lang='lat' dir='ltr'>liic</span> <span class='ocrx_word' id='word_1_111' title='bbox 736 1481 892 1546; x_wconf 85' lang='lat' dir='ltr'>adduntur</span> <span class='ocrx_word' id='word_1_112' title='bbox 914 1480 1017 1547; x_wconf 72' lang='lat' dir='ltr'>esclu-</span> 
     </span>
     <span class='ocr_line' id='line_1_17' title="bbox 95 1568 1015 1646; baseline -0.002 -10"><span class='ocrx_word' id='word_1_113' title='bbox 95 1571 188 1636; x_wconf 91' lang='lat' dir='ltr'>ditur.</span> <span class='ocrx_word' id='word_1_114' title='bbox 204 1569 272 1634; x_wconf 87' lang='lat' dir='ltr'>Non</span> <span class='ocrx_word' id='word_1_115' title='bbox 295 1570 379 1635; x_wconf 91' lang='lat' dir='ltr'>enim</span> <span class='ocrx_word' id='word_1_116' title='bbox 402 1569 475 1634; x_wconf 86' lang='lat' dir='ltr'>dicit</span> <span class='ocrx_word' id='word_1_117' title='bbox 489 1568 589 1634; x_wconf 87' lang='lat' dir='ltr'>solutu</span> <span class='ocrx_word' id='word_1_118' title='bbox 604 1570 636 1632; x_wconf 85' lang='lat' dir='ltr'>in</span> <span class='ocrx_word' id='word_1_119' title='bbox 646 1570 882 1635; x_wconf 81' lang='lat' dir='ltr'>similitudinem</span> <span class='ocrx_word' id='word_1_120' title='bbox 900 1569 1015 1646; x_wconf 79' lang='lat' dir='ltr'>cornis,</span> 
     </span>
     <span class='ocr_line' id='line_1_18' title="bbox 94 1657 1016 1744; baseline -0.001 -20"><span class='ocrx_word' id='word_1_121' title='bbox 94 1659 150 1724; x_wconf 90' lang='lat' dir='ltr'>sed</span> <span class='ocrx_word' id='word_1_122' title='bbox 174 1659 259 1724; x_wconf 86' lang='lat' dir='ltr'>sddit</span> <span class='ocrx_word' id='word_1_123' title='bbox 279 1659 409 1740; x_wconf 64' lang='lat' dir='ltr'>peccatu</span> <span class='ocrx_word' id='word_1_124' title='bbox 433 1658 504 1744; x_wconf 90' lang='lat' dir='ltr'>quia</span> <span class='ocrx_word' id='word_1_125' title='bbox 528 1657 666 1724; x_wconf 86' lang='lat' dir='ltr'>Christus</span> <span class='ocrx_word' id='word_1_126' title='bbox 680 1679 784 1722; x_wconf 82' lang='lat' dir='ltr'>ueram</span> <span class='ocrx_word' id='word_1_127' title='bbox 807 1658 933 1744; x_wconf 88' lang='lat' dir='ltr'>quidem</span> <span class='ocrx_word' id='word_1_128' title='bbox 949 1679 1016 1723; x_wconf 87' lang='lat' dir='ltr'>cur·</span> 
     </span>
     <span class='ocr_line' id='line_1_19' title="bbox 95 1747 1016 1834; baseline 0.001 -22"><span class='ocrx_word' id='word_1_129' title='bbox 95 1767 168 1812; x_wconf 89' lang='lat' dir='ltr'>uem</span> <span class='ocrx_word' id='word_1_130' title='bbox 193 1748 309 1824; x_wconf 84' lang='lat' dir='ltr'>babuit,</span> <span class='ocrx_word' id='word_1_131' title='bbox 321 1747 375 1812; x_wconf 87' lang='lat' dir='ltr'>sed</span> <span class='ocrx_word' id='word_1_132' title='bbox 393 1767 455 1814; x_wconf 91' lang='lat' dir='ltr'>non</span> <span class='ocrx_word' id='word_1_133' title='bbox 471 1766 595 1812; x_wconf 89' lang='lat' dir='ltr'>caruem</span> <span class='ocrx_word' id='word_1_134' title='bbox 607 1749 732 1834; x_wconf 85' lang='lat' dir='ltr'>peccati,</span> <span class='ocrx_word' id='word_1_135' title='bbox 747 1747 827 1832; x_wconf 73' lang='lat' dir='ltr'>quia</span> <span class='ocrx_word' id='word_1_136' title='bbox 843 1748 928 1813; x_wconf 90' lang='lat' dir='ltr'>ineo</span> <span class='ocrx_word' id='word_1_137' title='bbox 944 1768 1016 1834; x_wconf 92' lang='lat' dir='ltr'>pec·</span> 
     </span>
     <span class='ocr_line' id='line_1_20' title="bbox 93 1835 1014 1924; baseline 0.004 -26"><span class='ocrx_word' id='word_1_138' title='bbox 93 1852 197 1903; x_wconf 89' lang='lat' dir='ltr'>catum</span> <span class='ocrx_word' id='word_1_139' title='bbox 221 1857 283 1901; x_wconf 92' lang='lat' dir='ltr'>uon</span> <span class='ocrx_word' id='word_1_140' title='bbox 301 1835 367 1911; x_wconf 88' lang='lat' dir='ltr'>luit,</span> <span class='ocrx_word' id='word_1_141' title='bbox 383 1835 437 1900; x_wconf 90' lang='lat' dir='ltr'>sed</span> <span class='ocrx_word' id='word_1_142' title='bbox 461 1835 593 1902; x_wconf 86' lang='lat' dir='ltr'>similem</span> <span class='ocrx_word' id='word_1_143' title='bbox 615 1837 699 1901; x_wconf 82' lang='lat' dir='ltr'>cerui</span> <span class='ocrx_word' id='word_1_144' title='bbox 717 1838 842 1924; x_wconf 86' lang='lat' dir='ltr'>peccati,</span> <span class='ocrx_word' id='word_1_145' title='bbox 864 1839 1014 1921; x_wconf 56' lang='lat' dir='ltr'>quiscur*</span> 
     </span>
     <span class='ocr_line' id='line_1_21' title="bbox 92 1924 1012 2013; baseline 0 -22"><span class='ocrx_word' id='word_1_146' title='bbox 92 1947 166 1992; x_wconf 92' lang='lat' dir='ltr'>nem</span> <span class='ocrx_word' id='word_1_147' title='bbox 191 1924 365 2013; x_wconf 88' lang='lat' dir='ltr'>passibilem</span> <span class='ocrx_word' id='word_1_148' title='bbox 391 1925 508 2001; x_wconf 89' lang='lat' dir='ltr'>babuit,</span> <span class='ocrx_word' id='word_1_149' title='bbox 531 1925 629 2011; x_wconf 91' lang='lat' dir='ltr'>qualis</span> <span class='ocrx_word' id='word_1_150' title='bbox 652 1939 699 1990; x_wconf 72' lang='lat' dir='ltr'>est</span> <span class='ocrx_word' id='word_1_151' title='bbox 734 1924 810 1991; x_wconf 85' lang='lat' dir='ltr'>lacta</span> <span class='ocrx_word' id='word_1_152' title='bbox 847 1945 920 1992; x_wconf 87' lang='lat' dir='ltr'>curo</span> <span class='ocrx_word' id='word_1_153' title='bbox 955 1927 1012 1991; x_wconf 90' lang='lat' dir='ltr'>bo·</span> 
     </span>
     <span class='ocr_line' id='line_1_22' title="bbox 92 2014 1012 2099; baseline 0.004 -20"><span class='ocrx_word' id='word_1_154' title='bbox 92 2016 184 2087; x_wconf 90' lang='lat' dir='ltr'>ruinis</span> <span class='ocrx_word' id='word_1_155' title='bbox 206 2036 244 2081; x_wconf 88' lang='lat' dir='ltr'>ex</span> <span class='ocrx_word' id='word_1_156' title='bbox 268 2028 401 2099; x_wconf 88' lang='lat' dir='ltr'>peccato.</span> <span class='ocrx_word' id='word_1_157' title='bbox 425 2014 580 2093; x_wconf 75' lang='lat' dir='ltr'>Similiter,</span> <span class='ocrx_word' id='word_1_158' title='bbox 604 2015 734 2081; x_wconf 87' lang='lat' dir='ltr'>lictiouis</span> <span class='ocrx_word' id='word_1_159' title='bbox 767 2016 939 2083; x_wconf 87' lang='lat' dir='ltr'>intellectus</span> <span class='ocrx_word' id='word_1_160' title='bbox 961 2036 1012 2083; x_wconf 83' lang='lat' dir='ltr'>ex-</span> 
     </span>
     <span class='ocr_line' id='line_1_23' title="bbox 91 2101 1012 2189; baseline 0.001 -20"><span class='ocrx_word' id='word_1_161' title='bbox 91 2105 226 2170; x_wconf 82' lang='lat' dir='ltr'>cluditur</span> <span class='ocrx_word' id='word_1_162' title='bbox 249 2104 287 2168; x_wconf 86' lang='lat' dir='ltr'>ab</span> <span class='ocrx_word' id='word_1_163' title='bbox 311 2105 370 2169; x_wconf 89' lang='lat' dir='ltr'>hoc</span> <span class='ocrx_word' id='word_1_164' title='bbox 393 2101 477 2189; x_wconf 80' lang='lat' dir='ltr'>quod</span> <span class='ocrx_word' id='word_1_165' title='bbox 504 2102 586 2169; x_wconf 87' lang='lat' dir='ltr'>dicit:</span> <span class='ocrx_word' id='word_1_166' title='bbox 615 2104 653 2169; x_wconf 84' lang='lat' dir='ltr'>In</span> <span class='ocrx_word' id='word_1_167' title='bbox 686 2106 921 2171; x_wconf 81' lang='lat' dir='ltr'>similitudinem</span> <span class='ocrx_word' id='word_1_168' title='bbox 956 2106 1012 2171; x_wconf 85' lang='lat' dir='ltr'>lto·</span> 
     </span>
     <span class='ocr_line' id='line_1_24' title="bbox 90 2192 1014 2279; baseline 0.001 -22"><span class='ocrx_word' id='word_1_169' title='bbox 90 2196 209 2259; x_wconf 83' lang='lat' dir='ltr'>mittunt</span> <span class='ocrx_word' id='word_1_170' title='bbox 230 2194 341 2277; x_wconf 70' lang='lat' dir='ltr'>(aetus,</span> <span class='ocrx_word' id='word_1_171' title='bbox 358 2212 413 2279; x_wconf 92' lang='lat' dir='ltr'>per</span> <span class='ocrx_word' id='word_1_172' title='bbox 437 2193 496 2257; x_wconf 88' lang='lat' dir='ltr'>hcc</span> <span class='ocrx_word' id='word_1_173' title='bbox 518 2192 601 2279; x_wconf 89' lang='lat' dir='ltr'>quod</span> <span class='ocrx_word' id='word_1_174' title='bbox 625 2193 745 2261; x_wconf 74' lang='lat' dir='ltr'>diciturz</span> <span class='ocrx_word' id='word_1_175' title='bbox 763 2194 908 2261; x_wconf 80' lang='lat' dir='ltr'>Formam</span> <span class='ocrx_word' id='word_1_176' title='bbox 931 2195 1014 2261; x_wconf 86' lang='lat' dir='ltr'>serui</span> 
     </span>
     <span class='ocr_line' id='line_1_25' title="bbox 91 2280 1013 2370; baseline 0.002 -23"><span class='ocrx_word' id='word_1_177' title='bbox 91 2284 258 2367; x_wconf 65' lang='lat' dir='ltr'>accipiens</span> <span class='ocrx_word' id='word_1_178' title='bbox 283 2280 478 2347; x_wconf 79' lang='lat' dir='ltr'>manifestum</span> <span class='ocrx_word' id='word_1_179' title='bbox 501 2296 550 2345; x_wconf 84' lang='lat' dir='ltr'>est</span> <span class='ocrx_word' id='word_1_180' title='bbox 571 2294 675 2346; x_wconf 87' lang='lat' dir='ltr'>autem</span> <span class='ocrx_word' id='word_1_181' title='bbox 699 2281 830 2352; x_wconf 81' lang='lat' dir='ltr'>formem</span> <span class='ocrx_word' id='word_1_182' title='bbox 870 2305 925 2370; x_wconf 90' lang='lat' dir='ltr'>pro</span> <span class='ocrx_word' id='word_1_183' title='bbox 959 2304 1013 2349; x_wconf 90' lang='lat' dir='ltr'>na-</span> 
     </span>
     <span class='ocr_line' id='line_1_26' title="bbox 92 2369 1014 2461; baseline 0.001 -25"><span class='ocrx_word' id='word_1_184' title='bbox 92 2388 161 2436; x_wconf 89' lang='lat' dir='ltr'>tura</span> <span class='ocrx_word' id='word_1_185' title='bbox 185 2373 256 2457; x_wconf 90' lang='lat' dir='ltr'>poni</span> <span class='ocrx_word' id='word_1_186' title='bbox 281 2386 310 2435; x_wconf 88' lang='lat' dir='ltr'>et</span> <span class='ocrx_word' id='word_1_187' title='bbox 334 2391 396 2461; x_wconf 86' lang='lat' dir='ltr'>uon</span> <span class='ocrx_word' id='word_1_188' title='bbox 420 2389 477 2455; x_wconf 92' lang='lat' dir='ltr'>pro</span> <span class='ocrx_word' id='word_1_189' title='bbox 517 2369 727 2448; x_wconf 87' lang='lat' dir='ltr'>similitudine,</span> <span class='ocrx_word' id='word_1_190' title='bbox 765 2392 803 2437; x_wconf 82' lang='lat' dir='ltr'>ex</span> <span class='ocrx_word' id='word_1_191' title='bbox 836 2375 895 2437; x_wconf 88' lang='lat' dir='ltr'>hoc</span> <span class='ocrx_word' id='word_1_192' title='bbox 928 2370 1014 2459; x_wconf 91' lang='lat' dir='ltr'>quod</span> 
     </span>
     <span class='ocr_line' id='line_1_27' title="bbox 90 2456 1013 2547; baseline 0.001 -22"><span class='ocrx_word' id='word_1_193' title='bbox 90 2460 219 2525; x_wconf 84' lang='lat' dir='ltr'>dixerat:</span> <span class='ocrx_word' id='word_1_194' title='bbox 247 2459 307 2539; x_wconf 78' lang='lat' dir='ltr'>Qui</span> <span class='ocrx_word' id='word_1_195' title='bbox 328 2478 397 2522; x_wconf 84' lang='lat' dir='ltr'>eunt</span> <span class='ocrx_word' id='word_1_196' title='bbox 419 2458 452 2521; x_wconf 86' lang='lat' dir='ltr'>in</span> <span class='ocrx_word' id='word_1_197' title='bbox 472 2456 575 2540; x_wconf 73' lang='lat' dir='ltr'>formu</span> <span class='ocrx_word' id='word_1_198' title='bbox 598 2458 658 2522; x_wconf 83' lang='lat' dir='ltr'>Dei</span> <span class='ocrx_word' id='word_1_199' title='bbox 679 2470 768 2538; x_wconf 82' lang='lat' dir='ltr'>esset,</span> <span class='ocrx_word' id='word_1_200' title='bbox 794 2460 847 2526; x_wconf 93' lang='lat' dir='ltr'>ubi</span> <span class='ocrx_word' id='word_1_201' title='bbox 870 2482 926 2547; x_wconf 84' lang='lat' dir='ltr'>pto</span> <span class='ocrx_word' id='word_1_202' title='bbox 960 2480 1013 2525; x_wconf 87' lang='lat' dir='ltr'>ua·</span> 
     </span>
     <span class='ocr_line' id='line_1_28' title="bbox 91 2546 1012 2635; baseline -0.001 -21"><span class='ocrx_word' id='word_1_203' title='bbox 91 2563 160 2614; x_wconf 87' lang='lat' dir='ltr'>tura</span> <span class='ocrx_word' id='word_1_204' title='bbox 185 2550 308 2635; x_wconf 90' lang='lat' dir='ltr'>ponitur</span> <span class='ocrx_word' id='word_1_205' title='bbox 331 2546 442 2615; x_wconf 81' lang='lat' dir='ltr'>format</span> <span class='ocrx_word' id='word_1_206' title='bbox 464 2566 527 2613; x_wconf 90' lang='lat' dir='ltr'>nou</span> <span class='ocrx_word' id='word_1_207' title='bbox 551 2546 634 2611; x_wconf 86' lang='lat' dir='ltr'>euim</span> <span class='ocrx_word' id='word_1_208' title='bbox 658 2549 783 2633; x_wconf 87' lang='lat' dir='ltr'>ponitur</span> <span class='ocrx_word' id='word_1_209' title='bbox 816 2551 900 2635; x_wconf 89' lang='lat' dir='ltr'>quod</span> <span class='ocrx_word' id='word_1_210' title='bbox 924 2549 1012 2615; x_wconf 85' lang='lat' dir='ltr'>Clui-</span> 
     </span>
     <span class='ocr_line' id='line_1_29' title="bbox 89 2634 1010 2703; baseline 0 0"><span class='ocrx_word' id='word_1_211' title='bbox 89 2652 157 2703; x_wconf 91' lang='lat' dir='ltr'>stus</span> <span class='ocrx_word' id='word_1_212' title='bbox 181 2637 271 2702; x_wconf 86' lang='lat' dir='ltr'>luerit</span> <span class='ocrx_word' id='word_1_213' title='bbox 294 2634 539 2700; x_wconf 75' lang='lat' dir='ltr'>similitudinarie</span> <span class='ocrx_word' id='word_1_214' title='bbox 569 2634 664 2701; x_wconf 87' lang='lat' dir='ltr'>Deus.</span> <span class='ocrx_word' id='word_1_215' title='bbox 703 2637 880 2703; x_wconf 80' lang='lat' dir='ltr'>Excluditur</span> <span class='ocrx_word' id='word_1_216' title='bbox 916 2641 1010 2703; x_wconf 86' lang='lat' dir='ltr'>etiam</span> 
     </span>
     <span class='ocr_line' id='line_1_30' title="bbox 91 2722 1010 2810; baseline -0.002 -17"><span class='ocrx_word' id='word_1_217' title='bbox 91 2726 225 2793; x_wconf 77' lang='lat' dir='ltr'>fictionis</span> <span class='ocrx_word' id='word_1_218' title='bbox 247 2722 419 2790; x_wconf 90' lang='lat' dir='ltr'>intellectus</span> <span class='ocrx_word' id='word_1_219' title='bbox 443 2744 499 2809; x_wconf 88' lang='lat' dir='ltr'>per</span> <span class='ocrx_word' id='word_1_220' title='bbox 529 2724 587 2791; x_wconf 92' lang='lat' dir='ltr'>boc</span> <span class='ocrx_word' id='word_1_221' title='bbox 625 2724 709 2810; x_wconf 87' lang='lat' dir='ltr'>quod</span> <span class='ocrx_word' id='word_1_222' title='bbox 741 2725 855 2802; x_wconf 86' lang='lat' dir='ltr'>subdit,</span> <span class='ocrx_word' id='word_1_223' title='bbox 895 2728 1010 2793; x_wconf 82' lang='lat' dir='ltr'>Faetus</span> 
     </span>
     <span class='ocr_line' id='line_1_31' title="bbox 88 2812 1008 2899; baseline 0 -18"><span class='ocrx_word' id='word_1_224' title='bbox 88 2816 234 2882; x_wconf 84' lang='lat' dir='ltr'>obediens</span> <span class='ocrx_word' id='word_1_225' title='bbox 255 2834 350 2899; x_wconf 77' lang='lat' dir='ltr'>usque</span> <span class='ocrx_word' id='word_1_226' title='bbox 372 2813 415 2878; x_wconf 88' lang='lat' dir='ltr'>od</span> <span class='ocrx_word' id='word_1_227' title='bbox 435 2824 576 2879; x_wconf 83' lang='lat' dir='ltr'>mortem.</span> <span class='ocrx_word' id='word_1_228' title='bbox 613 2812 682 2878; x_wconf 86' lang='lat' dir='ltr'>Nou</span> <span class='ocrx_word' id='word_1_229' title='bbox 715 2814 808 2899; x_wconf 79' lang='lat' dir='ltr'>igitur</span> <span class='ocrx_word' id='word_1_230' title='bbox 839 2816 1008 2882; x_wconf 83' lang='lat' dir='ltr'>similitudo</span> 
     </span>
     <span class='ocr_line' id='line_1_32' title="bbox 89 2902 1007 2993; baseline 0 -24"><span class='ocrx_word' id='word_1_231' title='bbox 89 2905 239 2989; x_wconf 89' lang='lat' dir='ltr'>accipitur</span> <span class='ocrx_word' id='word_1_232' title='bbox 262 2924 317 2989; x_wconf 90' lang='lat' dir='ltr'>pro</span> <span class='ocrx_word' id='word_1_233' title='bbox 340 2902 539 2967; x_wconf 89' lang='lat' dir='ltr'>similitudine</span> <span class='ocrx_word' id='word_1_234' title='bbox 554 2903 761 2990; x_wconf 77' lang='lat' dir='ltr'>apparentiae,</span> <span class='ocrx_word' id='word_1_235' title='bbox 783 2904 838 2970; x_wconf 91' lang='lat' dir='ltr'>sed</span> <span class='ocrx_word' id='word_1_236' title='bbox 862 2928 918 2993; x_wconf 88' lang='lat' dir='ltr'>pro</span> <span class='ocrx_word' id='word_1_237' title='bbox 935 2925 1007 2971; x_wconf 87' lang='lat' dir='ltr'>vera</span> 
     </span>
     <span class='ocr_line' id='line_1_33' title="bbox 89 2992 1008 3078; baseline -0.001 -20"><span class='ocrx_word' id='word_1_238' title='bbox 89 2992 292 3059; x_wconf 82' lang='lat' dir='ltr'>similitudine</span> <span class='ocrx_word' id='word_1_239' title='bbox 322 2993 445 3078; x_wconf 88' lang='lat' dir='ltr'>speciei,</span> <span class='ocrx_word' id='word_1_240' title='bbox 468 2992 545 3057; x_wconf 89' lang='lat' dir='ltr'>sicut</span> <span class='ocrx_word' id='word_1_241' title='bbox 568 3012 677 3059; x_wconf 84' lang='lat' dir='ltr'>ornnes</span> <span class='ocrx_word' id='word_1_242' title='bbox 714 2993 856 3061; x_wconf 89' lang='lat' dir='ltr'>homiues</span> <span class='ocrx_word' id='word_1_243' title='bbox 893 2996 1008 3062; x_wconf 84' lang='lat' dir='ltr'>similes</span> 
     </span>
     <span class='ocr_line' id='line_1_34' title="bbox 89 3081 369 3169; baseline -0.007 -22"><span class='ocrx_word' id='word_1_244' title='bbox 89 3082 194 3169; x_wconf 89' lang='lat' dir='ltr'>specie</span> <span class='ocrx_word' id='word_1_245' title='bbox 218 3081 369 3147; x_wconf 87' lang='lat' dir='ltr'>dicuntur.</span> 
     </span>
    </p>

    <p class='ocr_par' dir='ltr' id='par_1_5' title="bbox 93 3163 1014 3620">
     <span class='ocr_line' id='line_1_35' title="bbox 159 3163 1011 3261; baseline 0.008 -27"><span class='ocrx_word' id='word_1_246' title='bbox 159 3170 253 3255; x_wconf 78' lang='lat' dir='ltr'>blagis</span> <span class='ocrx_word' id='word_1_247' title='bbox 275 3184 378 3235; x_wconf 86' lang='lat' dir='ltr'>autem</span> <span class='ocrx_word' id='word_1_248' title='bbox 400 3167 494 3235; x_wconf 83' lang='lat' dir='ltr'>Sacra</span> <span class='ocrx_word' id='word_1_249' title='bbox 517 3163 673 3255; x_wconf 85' lang='lat' dir='ltr'>Scriptura</span> <span class='ocrx_word' id='word_1_250' title='bbox 702 3188 846 3256; x_wconf 78' lang='lat' dir='ltr'>expresse</span> <span class='ocrx_word' id='word_1_251' title='bbox 880 3176 1011 3261; x_wconf 83' lang='lat' dir='ltr'>phanta-</span> 
     </span>
     <span class='ocr_line' id='line_1_36' title="bbox 93 3257 1012 3350; baseline 0.007 -25"><span class='ocrx_word' id='word_1_252' title='bbox 93 3260 201 3325; x_wconf 80' lang='lat' dir='ltr'>smatis</span> <span class='ocrx_word' id='word_1_253' title='bbox 223 3260 428 3344; x_wconf 83' lang='lat' dir='ltr'>suspicionem</span> <span class='ocrx_word' id='word_1_254' title='bbox 452 3257 594 3323; x_wconf 85' lang='lat' dir='ltr'>excludit.</span> <span class='ocrx_word' id='word_1_255' title='bbox 611 3258 729 3323; x_wconf 87' lang='lat' dir='ltr'>Dicitur</span> <span class='ocrx_word' id='word_1_256' title='bbox 751 3262 835 3326; x_wconf 92' lang='lat' dir='ltr'>euim</span> <span class='ocrx_word' id='word_1_257' title='bbox 858 3266 942 3350; x_wconf 91' lang='lat' dir='ltr'>quod</span> <span class='ocrx_word' id='word_1_258' title='bbox 964 3266 1012 3331; x_wconf 92' lang='lat' dir='ltr'>di-</span> 
     </span>
     <span class='ocr_line' id='line_1_37' title="bbox 94 3346 1012 3435; baseline 0.009 -22"><span class='ocrx_word' id='word_1_259' title='bbox 94 3348 215 3435; x_wconf 89' lang='lat' dir='ltr'>scipuli,</span> <span class='ocrx_word' id='word_1_260' title='bbox 236 3348 342 3413; x_wconf 84' lang='lat' dir='ltr'>lesum</span> <span class='ocrx_word' id='word_1_261' title='bbox 364 3346 502 3411; x_wconf 80' lang='lat' dir='ltr'>videntes</span> <span class='ocrx_word' id='word_1_262' title='bbox 539 3346 752 3415; x_wconf 82' lang='lat' dir='ltr'>ambulantem</span> <span class='ocrx_word' id='word_1_263' title='bbox 779 3371 877 3435; x_wconf 83' lang='lat' dir='ltr'>supro</span> <span class='ocrx_word' id='word_1_264' title='bbox 914 3376 1012 3435; x_wconf 84' lang='lat' dir='ltr'>ruore,</span> 
     </span>
     <span class='ocr_line' id='line_1_38' title="bbox 97 3436 1014 3527; baseline 0.009 -25"><span class='ocrx_word' id='word_1_265' title='bbox 97 3436 214 3503; x_wconf 85' lang='lat' dir='ltr'>turbati</span> <span class='ocrx_word' id='word_1_266' title='bbox 234 3447 315 3513; x_wconf 86' lang='lat' dir='ltr'>sunt,</span> <span class='ocrx_word' id='word_1_267' title='bbox 338 3436 472 3503; x_wconf 80' lang='lat' dir='ltr'>diceutes</span> <span class='ocrx_word' id='word_1_268' title='bbox 495 3437 568 3520; x_wconf 81' lang='lat' dir='ltr'>quia</span> <span class='ocrx_word' id='word_1_269' title='bbox 587 3437 780 3520; x_wconf 84' lang='lat' dir='ltr'>pbontormo</span> <span class='ocrx_word' id='word_1_270' title='bbox 803 3454 858 3521; x_wconf 82' lang='lat' dir='ltr'>ect3</span> <span class='ocrx_word' id='word_1_271' title='bbox 884 3455 914 3519; x_wconf 83' lang='lat' dir='ltr'>et</span> <span class='ocrx_word' id='word_1_272' title='bbox 934 3466 1014 3527; x_wconf 85' lang='lat' dir='ltr'>proc</span> 
     </span>
     <span class='ocr_line' id='line_1_39' title="bbox 98 3524 1012 3620; baseline 0.012 -31"><span class='ocrx_word' id='word_1_273' title='bbox 98 3527 208 3593; x_wconf 85' lang='lat' dir='ltr'>timere</span> <span class='ocrx_word' id='word_1_274' title='bbox 229 3527 451 3607; x_wconf 68' lang='lat' dir='ltr'>clamaverint,</span> <span class='ocrx_word' id='word_1_275' title='bbox 472 3524 591 3613; x_wconf 73' lang='lat' dir='ltr'>lllattlu,</span> <span class='ocrx_word' id='word_1_276' title='bbox 617 3526 668 3608; x_wconf 75' lang='lat' dir='ltr'>ld,</span> <span class='ocrx_word' id='word_1_277' title='bbox 692 3526 745 3607; x_wconf 69' lang='lat' dir='ltr'>an</span> <span class='ocrx_word' id='word_1_278' title='bbox 769 3552 864 3619; x_wconf 86' lang='lat' dir='ltr'>quum</span> <span class='ocrx_word' id='word_1_279' title='bbox 886 3534 1012 3620; x_wconf 89' lang='lat' dir='ltr'>quideut</span> 
     </span>
    </p>
   </div>
   <div class='ocr_carea' id='block_1_4' title="bbox 0 0 1246 3975">
    <p class='ocr_par' dir='ltr' id='par_1_6' title="bbox 0 0 1246 3975">
     <span class='ocr_line' id='line_1_40' title="bbox 0 0 1246 3975; baseline 0 3"><span class='ocrx_word' id='word_1_280' title='bbox 0 0 1246 3975; x_wconf 95' lang='lat' dir='ltr'> </span> 
     </span>
    </p>
   </div>
  </div>
 </body>
</html>
