2484 3975
205 211 272 278 508
585 229 754 278 oruseutuu

205 321 303 385 gens,
325 319 396 366 eurn
420 320 476 365 rua
499 297 668 365 substantia
703 304 741 365 sit
758 321 854 368 ouum
879 301 1076 386 intelligere,
1101 313 1137 367 ot

206 410 261 476 per
283 391 474 474 supraposito
499 387 666 454 Aristotelis
691 388 786 475 verba
810 404 904 478 petet.
927 391 1137 476 Unumquod-

204 499 266 564 que
289 492 392 543 eutern
415 477 478 562 ugit
502 497 556 563 per
579 477 709 544 modurn
732 499 806 544 sune
832 479 1031 546 substantiae.
1049 481 1138 546 Deus

205 569 299 652 igitur
323 587 377 650 per
399 587 490 632 suurn
514 566 704 632 intellectum
743 567 846 634 omnin
873 584 974 634 movet
999 570 1038 634 nd
1065 589 1139 655 pro-

205 656 288 742 prios
312 656 399 720 fines.
422 655 486 720 Hoe
508 667 612 720 eutem
638 656 799 742 providere
821 670 878 724 est.
903 656 1017 725 Ontnin
1039 659 1141 742 igitur
1228 703 1229 734 2

205 743 328 808 diriore
351 744 564 826 prouidentiae
583 744 726 810 subsunt.

272 832 432 915 Amplius,
454 832 486 897 st
509 846 581 897 eunt
604 854 653 898 res
681 835 712 899 in
736 835 880 902 universo
905 835 1073 919 dispositae
1097 835 1140 898 ti·

206 934 259 986 eut
280 922 432 1007 optimum
456 936 501 986 est
524 940 576 986 ees
599 941 678 1001 esse,
701 924 838 1009 eoquod
862 924 965 988 omnio
989 945 1027 988 ex
1050 944 1141 988 sum·

206 1031 257 1075 mn
281 1010 418 1074 bonitate
440 1010 639 1094 dependent,
678 1013 788 1078 meiius
812 1027 857 1078 est
891 1027 994 1078 eutem
1032 1012 1139 1098 aliquo

208 1119 277 1164 erse
300 1099 440 1164 ordinata
465 1121 520 1184 per
553 1121 587 1165 re
610 1119 703 1186 quern
727 1102 806 1186 (si)
831 1123 885 1186 per
919 1101 1061 1168 accidens
1089 1122 1141 1166 or-

207 1186 377 1266 dinentur,
399 1203 445 1252 est
468 1189 560 1268 igitur
582 1188 675 1254 totius
711 1191 845 1256 universi
868 1191 969 1268 ordo,
992 1211 1055 1255 non
1083 1210 1141 1274 per

208 1277 363 1349 neeidens,
383 1277 438 1342 sed
463 1299 518 1362 per
541 1299 584 1343 se.
608 1277 672 1344 Hoe
688 1293 792 1346 autern
809 1281 984 1365 requiritur,
1013 1279 1053 1342 nd
1079 1279 1141 1344 hoe

209 1365 293 1448 quod
314 1365 415 1450 ulique
440 1387 494 1451 per
517 1387 551 1430 se
574 1366 767 1445 ordinentur,
783 1369 867 1455 quod
892 1370 980 1454 primi
1006 1369 1139 1432 intentio

209 1453 326 1518 feratur
351 1476 448 1542 usque
471 1453 511 1520 ed
534 1456 689 1524 ultimum:
705 1458 729 1521 si
746 1459 828 1522 eninr
854 1459 988 1543 printum
1014 1470 1143 1522 moreat

209 1541 383 1608 seeundum
406 1557 437 1609 et
460 1543 526 1629 ejus
549 1546 678 1610 intentio
702 1545 829 1616 ulterius
853 1568 914 1612 non
938 1545 1065 1622 seretur,
1090 1566 1141 1610 se·

211 1631 351 1699 eundum
376 1654 449 1698 vero
473 1634 596 1699 tertium
620 1649 752 1710 rnoveet,
783 1637 841 1700 hoe
865 1637 922 1700 erit
945 1647 1068 1722 praeter
1093 1633 1141 1698 in-

211 1723 381 1788 tentionem
406 1723 495 1805 primi
519 1733 681 1800 movente
705 1725 867 1808 eritigitur
890 1724 956 1788 tulis
980 1723 1060 1788 ordo
1084 1743 1141 1808 per

212 1811 366 1879 accidens.
388 1809 519 1896 Oportet
556 1813 648 1896 igitur
685 1812 768 1896 quod
803 1813 893 1899 primi
932 1812 1087 1878 moventis
1112 1825 1143 1876 et
1228 1881 1229 1890 ,

210 1899 381 1966 ordinantis
405 1902 544 1976 intentio,
566 1901 681 1967 scilieet
705 1901 786 1978 Dei,
809 1923 871 1967 non
902 1901 1003 1966 solnm
1039 1921 1140 1982 usque

211 1988 251 2053 nd
274 1990 428 2076 quaedam
466 1992 584 2055 entium
608 1990 774 2076 procedet,
807 1991 860 2056 sed
884 1990 1045 2078 usquead
1071 1991 1142 2059 uiti·

212 2098 272 2146 ttte.
296 2077 410 2147 Omnia
433 2080 525 2152 irritor
548 2078 614 2165 ejus
638 2079 848 2164 providentiae
871 2082 1011 2146 subsunt.

280 2168 368 2245 itero,
379 2168 470 2250 Quod
483 2189 594 2233 enneae
606 2182 637 2233 et
652 2170 771 2233 effectur
784 2172 935 2247 convenit,
953 2169 1143 2234 eminentius

213 2256 368 2322 invenitur
391 2258 422 2321 in
445 2278 537 2321 eouse
560 2278 654 2343 quern
678 2258 708 2323 in
732 2260 864 2335 eiieetu;
888 2280 904 2322 n
927 2278 1018 2324 cause
1057 2257 1144 2321 enirn

213 2346 244 2412 in
269 2347 411 2411 effeetutn
436 2346 599 2411 derivatur.
625 2346 783 2431 Quidquid
819 2348 911 2429 igitur
931 2350 964 2413 in
989 2345 1145 2411 inferiori-

213 2434 272 2499 bus
295 2436 394 2501 oensis
429 2435 561 2499 existens
601 2434 720 2520 primae
744 2436 883 2501 omnium
921 2456 1031 2501 causae
1056 2435 1145 2499 attri-

214 2522 329 2602 buitur,
352 2524 611 2589 excellentissime
646 2525 788 2597 eonvenit
825 2525 862 2589 ei.
888 2524 1015 2612 Oportet
1050 2524 1145 2609 igitur

173 2621 175 2626 '
214 2612 349 2699 aliquem
374 2612 599 2698 providentiam
623 2612 790 2685 attribuere
814 2612 891 2691 Deo;
915 2608 1049 2699 nlinqt'rin
1075 2613 1146 2677 uni-

215 2722 340 2766 versum
362 2722 435 2767 nasu
459 2716 611 2784 ageretur.
635 2699 765 2786 Oportet
788 2722 862 2787 erpo
884 2702 1018 2771 divinem
1043 2702 1148 2789 provi·

179 2816 183 2825 ¹
217 2790 354 2855 dentiam
379 2790 632 2876 perfectissimam
655 2809 732 2855 esse.
1001 2860 1004 2869 Α

284 2875 362 2943 Sunt
387 2895 490 2944 autern
515 2880 546 2942 in
571 2878 762 2965 providentio
801 2877 863 2943 duo
901 2878 1150 2958 considerando,

214 2966 331 3033 scilieet
353 2967 512 3053 dispositio
528 2980 558 3031 et
589 2968 819 3055 dispositiorum
850 2968 1000 3046 executi03
1025 2969 1055 3033 in
1079 2970 1151 3053 qui·

126 3071 129 3076 ‘
217 3056 275 3122 bus
299 3054 533 3139 quodammodo
555 3056 675 3121 diuersa
710 3057 787 3121 ratio
810 3055 1006 3143 perfeetionis
1029 3056 1149 3123 inteni-

216 3160 277 3209 tur.
300 3145 377 3209 Noni
403 3146 433 3209 in
457 3145 660 3229 dispositione
685 3158 769 3209 teuto
793 3143 957 3230 perieetior
980 3159 1025 3211 est
1049 3147 1151 3232 prori-

214 3233 320 3301 dentie
343 3250 459 3319 quanto
484 3234 650 3314 prouidens
674 3234 773 3318 magis
797 3234 916 3317 singule
947 3246 1052 3301 mente
1075 3254 1151 3301 eon·

153 3400 155 3408 Α
215 3322 354 3386 siderare
377 3337 409 3385 et
431 3322 576 3387 ordinare
599 3336 723 3402 potest;
749 3322 831 3387 unde
854 3335 884 3386 et
906 3342 1015 3388 omnes
1038 3344 1151 3409 opern-

217 3410 297 3473 tiroe
322 3423 405 3473 ertes
428 3424 513 3473 tento
537 3409 701 3495 perfectius
737 3410 891 3477 habentur
927 3425 1044 3494 quanto
1068 3413 1151 3497 quis·

217 3515 279 3580 que
303 3496 424 3581 singule
450 3511 552 3583 potest
574 3500 673 3585 rengis
707 3498 883 3586 conjectari.
916 3499 1002 3567 Ciree
1038 3520 1152 3568 exeeu·
1228 3514 1229 3517 ’
