2484 3975
306 257 363 303 ctu.
386 258 424 303 tv.
449 258 512 302 ean.
536 255 622 302 xuvtr.
647 255 683 299 ur
706 255 804 302 tuctu.
953 233 1015 298 195

396 413 567 512 carun
601 411 717 479 xtvtt.

142 594 231 676 Quot
256 593 396 660 Cittr'rtur
417 611 479 656 nnn
500 590 562 674 [uit
582 591 683 656 Filius
708 588 843 675 Spiritus
868 587 974 655 Sancti

397 681 565 747 accurtdttut
586 699 719 745 caruere

162 861 311 944 Quamvis
333 870 437 923 autem
460 855 598 922 Christus
632 855 672 920 de
694 854 809 943 Spiritu
845 855 957 923 Sancto
987 874 1018 925 et

95 948 222 1035 Virgine
244 961 413 1034 conceptus
436 946 564 1024 dicatur,
588 965 649 1010 nnn
678 957 778 1031 potest
816 957 919 1011 tamen
958 947 1016 1014 dici

96 1039 228 1124 Spiritus
250 1038 380 1102 Sanctus
402 1049 488 1121 pater
510 1032 620 1099 Christi
645 1032 817 1098 secundum
845 1039 1017 1119 genueratio·

97 1147 170 1191 nem
195 1128 373 1197 humanam,
396 1127 474 1188 sicut
498 1122 590 1207 Virgo
612 1122 724 1186 dicitur
748 1136 846 1188 mater
869 1123 947 1209 ejus.

164 1213 294 1300 Spiritus
316 1214 398 1278 enim
422 1212 552 1278 Sanetus
575 1231 639 1276 non
663 1210 806 1297 produxit
845 1211 1014 1280 humanam

98 1315 240 1368 naturam
262 1302 294 1366 in
318 1301 438 1367 Christo
460 1320 500 1364 ex
522 1321 576 1365 sua
599 1299 779 1374 substantia,
802 1300 857 1366 sed
873 1302 937 1367 soia
960 1324 1017 1369 suu

97 1391 208 1456 virtute
230 1403 375 1478 operatus
404 1401 451 1454 est
488 1388 527 1453 ad
561 1387 628 1473 ejus
666 1386 910 1474 productionem.
949 1391 1017 1458 Non

97 1480 189 1564 igitur
212 1492 310 1567 potest
335 1478 393 1545 dici
416 1477 547 1564 Spiritus
569 1479 699 1542 Sanctus
723 1491 809 1563 pater
832 1477 944 1545 Christi
967 1501 1023 1546 se·⁴

94 1568 232 1634 cundum
257 1569 426 1650 humanam
449 1566 693 1651 generationem.

164 1655 250 1723 Esset
272 1659 364 1722 etiam
389 1655 579 1720 inductivum
602 1656 634 1719 in
658 1673 796 1720 errorem
829 1656 854 1722 si
877 1654 1016 1724 Christus

96 1743 230 1831 Spiritus
243 1747 356 1810 ‘Sancti
379 1744 461 1809 iilius
484 1743 648 1810 diceretur.
661 1741 857 1810 Manifestum
870 1759 916 1812 est
931 1751 1015 1813 enim

96 1836 180 1918 quod
203 1834 341 1900 Verbum
364 1832 422 1899 Dei
444 1833 615 1898 secundum
641 1833 700 1898 hoc
724 1833 815 1898 habet
850 1853 1014 1919 personam

93 1922 268 1989 distinctam
293 1922 376 2010 quud
406 1937 453 1988 est
490 1922 584 1988 Fiiius
618 1921 675 1986 Dei
711 1920 816 1986 Patris.
854 1922 891 2001 Si,
923 1924 1015 2009 igitur

92 2012 269 2077 secundum
293 2013 463 2078 humanam
487 2024 628 2077 naturam
652 2010 782 2097 Spiritus
809 2010 910 2077 Sancti
935 2014 1016 2079 iilius

93 2100 261 2177 diceretur,
284 2100 410 2166 daretur
433 2100 560 2183 intelligi
583 2101 665 2186 quod
689 2097 828 2165 Christus
851 2116 930 2167 esset
954 2104 1017 2169 duo

93 2187 164 2266 filie
188 2210 261 2254 narn
286 2188 422 2257 Verbum
447 2188 502 2254 Dei
521 2188 662 2275 ¹Spiritus
698 2187 799 2253 Sancti
835 2188 916 2255 iilius
949 2212 1016 2257 esse
1082 2249 1085 2255 .

92 2298 158 2342 non
184 2291 293 2365 potest.
317 2278 352 2343 Et
374 2278 428 2357 sic,
450 2298 521 2342 cum
545 2275 700 2342 iiiiatiunis
724 2298 838 2344 nomeu
873 2280 911 2345 ad
947 2302 1017 2368 per·

89 2387 205 2431 sunam
229 2367 390 2454 pertineat,
416 2386 478 2431 non
502 2365 541 2430 ad
564 2380 719 2444 naturam,
734 2382 916 2454 sequeretur
930 2370 1014 2456 quud

90 2455 126 2518 in
150 2454 271 2521 Christo
294 2469 397 2520 essent
420 2455 501 2519 duae
523 2474 685 2540 personae:
709 2458 792 2539 quud
830 2470 875 2521 est
898 2478 915 2521 a
954 2458 1014 2523 iide

90 2544 245 2609 catholica
269 2544 417 2627 alienum:
440 2543 661 2608 inconvenieus
684 2546 766 2609 enim
791 2558 872 2609 essct
906 2558 939 2610 ut
961 2566 1014 2611 au·

90 2634 217 2698 ctoritas
240 2632 338 2698 Patris
361 2646 391 2698 et
414 2650 529 2695 nomen
554 2633 592 2695 ad
617 2652 780 2718 personam
804 2632 894 2697 aliam
918 2647 1017 2700 trans·

90 2720 236 2799 serretur,
259 2722 341 2807 quod
365 2719 571 2805 contingeret,
593 2722 617 2785 si
642 2720 772 2807 Spiritus
809 2721 939 2787 Sanctus
962 2744 1015 2810 pa·

91 2825 142 2873 ter
164 2809 274 2875 Christi
297 2810 463 2875 diceretur.

308 3064 312 3071 ⁸
387 2985 558 3053 CAPUT
592 2985 721 3054 xtvdt.

131 3108 220 3188 Quod
242 3130 303 3173 uon
326 3120 373 3174 cst
393 3110 567 3174 dicendum:
595 3108 735 3185 Christus
759 3122 805 3176 est
825 3123 979 3178 ereatura.

161 3246 293 3314 Uiterius
315 3248 409 3313 etiam
433 3244 630 3311 manifestum
665 3261 713 3313 est
745 3249 839 3335 quod,
876 3251 1015 3337 quamtis

94 3337 233 3402 humana
256 3352 365 3402 natura
389 3358 405 3401 a
429 3335 531 3402 Verbo
554 3350 710 3423 assumpta
734 3341 772 3403 sit
794 3340 895 3425 aliqua
930 3360 1013 3406 crea·

93 3440 173 3504 tura,
196 3446 259 3493 nun
285 3441 386 3491 tamen
411 3436 511 3512 potest
532 3423 712 3512 simplicitur
749 3430 903 3494 enuntiari
927 3430 1014 3495 etni-

91 3528 172 3578 stum
197 3535 265 3580 esse
287 3529 472 3580 creaturam.

140 3601 170 3667 S.
203 3604 258 3669 tt.
284 3602 427 3669 Sttrrrutae
451 3603 531 3670 Ptnt.
556 3603 589 3673 V.
614 3604 644 3670 5.
887 3606 924 3671 ts
