2484 3975
247 313 252 320 Ι
371 254 409 298 aa
440 246 560 300 entrare
584 250 776 300 rnrattecrns
971 232 1035 304 559

112 314 182 387 este
204 316 341 407 corporis
363 336 477 401 actum,
504 340 537 389 nt
559 323 636 389 inlra
670 320 924 389 manifestabitur.
948 325 1034 392 Unde
1084 405 1086 411 k

112 421 144 475 et
166 409 197 474 in
221 409 281 475 hoc
313 411 422 476 endam
458 413 591 500 capitulo
630 412 801 477 manifestat
824 409 877 497 (l)
899 415 1034 481 animam

111 517 181 564 csse
203 511 304 564 actum
328 500 476 586 corporis,
499 522 555 588 per
577 501 636 566 hoc
660 501 741 588 qnod
777 499 897 586 aliquae
932 519 1034 588 partes

111 584 179 672 ejus
202 602 273 652 sunt
293 590 430 672 corporis
453 603 549 666 actus,
582 611 653 654 curn
693 589 774 653 dicit:
806 589 1033 658 «Considerare
1118 605 1120 610 ‘

110 689 233 764 oportet
245 676 275 741 in
292 677 429 764 partibus
444 680 527 764 quod
540 679 655 744 dictum
668 691 713 744 est
728 705 760 755 »,
784 677 897 742 scilicet
910 680 939 743 in
958 693 1033 747 toto.

130 811 141 819 .·
175 764 283 848 Adbuc
306 779 409 832 autem
437 766 629 832 manifestius
654 767 912 852 exsequentibus
939 789 1032 858 appa-

108 865 157 917 ret
179 871 242 937 quo
265 856 360 921 modo
383 855 443 920 suh
466 856 523 921 bac
545 856 745 942 generalitate
768 853 954 922 definitionis
989 859 1033 923 in-

107 941 249 1007 tellectus
287 942 463 1021 includitur,
487 960 542 1030 per
559 965 600 1010 ea
625 965 705 1029 quae
738 959 919 1028 sequuntur.
943 944 1032 1025 Nam,

107 1049 180 1096 cum
203 1051 296 1118 supra
317 1033 389 1097 satis
411 1031 584 1118 probaverit
599 1033 733 1098 animam
757 1051 825 1096 csse
848 1048 948 1098 antam
964 1055 1032 1100 cor·

108 1119 193 1204 poris
215 1121 287 1206 quia
309 1135 449 1206 separata
488 1121 591 1187 anima
614 1140 676 1187 non
701 1137 746 1187 est
770 1121 873 1186 vivens
897 1123 927 1187 in
951 1136 1031 1202 actu,
1091 1147 1095 1158 ’

107 1209 180 1292 qrria
204 1221 306 1274 tamen
330 1209 446 1296 aliquid
471 1226 570 1296 potest
593 1211 652 1277 dici
684 1209 802 1276 actuale
826 1210 866 1274 ad
888 1229 1030 1298 praesen·

108 1296 182 1361 tiam
206 1297 346 1383 alicujus,
369 1317 431 1364 non
454 1298 555 1364 solum
578 1299 605 1364 si
627 1299 666 1364 ait
688 1298 798 1374 lorma,
821 1298 875 1363 sed
899 1303 1031 1367 etiamsi

105 1384 146 1450 sit
169 1399 271 1450 motor
293 1387 397 1469 (sicut
423 1386 640 1454 combustibile
656 1387 694 1452 ad
718 1390 922 1474 praesentiam
947 1409 1031 1455 coma

105 1473 245 1540 harentia
268 1486 337 1541 actu
360 1476 562 1554 comburitur,
596 1491 627 1543 et
664 1476 802 1562 quolibet
840 1477 954 1542 mobile
991 1479 1030 1543 ad

106 1563 311 1647 praesentiam
335 1567 486 1630 moventis
509 1580 579 1631 actu
603 1578 744 1631 movetur
766 1572 792 1644 l,
815 1579 918 1649 posset
940 1567 1029 1632 alicui

105 1652 211 1716 venire
234 1651 265 1716 in
289 1652 419 1718 dubium
443 1668 546 1720 utrum
571 1674 682 1740 corpus
717 1654 760 1718 sic
777 1673 778 1678 ¹
796 1659 967 1720 tractactu
990 1654 1030 1720 ad

104 1740 311 1826 praesentiam
337 1743 460 1807 animae
482 1744 560 1808 sicut
582 1742 698 1808 mobile
721 1754 862 1806 movetur
881 1742 918 1806 ad
943 1764 1030 1830 prae÷

102 1828 235 1894 sentiam
259 1831 396 1907 motoris,
434 1851 473 1896 an
496 1831 574 1897 sicut
597 1829 725 1897 materia
755 1844 807 1918 ¹ert
843 1831 871 1894 in
896 1843 965 1896 actu
989 1832 1029 1898 ad

104 1919 309 2004 praesentiam
334 1917 464 1984 lormae:
486 1933 516 1986 et
539 1921 704 2009 praecipue
731 1920 802 2006 quia
819 1917 906 1984 Plato
929 1921 1030 2007 posuit
1051 1971 1054 1982 ι

104 2007 239 2073 animam
263 2028 325 2073 non
352 2009 430 2073 uniri
454 2012 575 2095 corpori
600 2023 634 2075 ut
672 2009 814 2085 formum,
852 2009 906 2073 red
931 2010 1029 2097 magis

104 2108 138 2159 ut
161 2109 313 2161 moturem
336 2109 366 2161 et
389 2110 552 2176 rectorem,
576 2112 609 2163 ut
632 2112 713 2185 patet
738 2117 793 2183 pcr
819 2095 974 2163 Plotinum
998 2112 1029 2165 et

104 2181 288 2268 Gregorium
313 2206 491 2271 nyssenum,
514 2208 591 2273 quos
615 2187 685 2252 ideo
714 2187 827 2251 induco
860 2186 931 2271 qnia
965 2206 1029 2253 non

105 2270 232 2336 luerunt
255 2274 364 2351 latini,
386 2276 440 2341 sed
457 2274 575 2341 Graeci.
590 2276 675 2341 Hanc
688 2275 780 2359 igitur
805 2274 1027 2342 dubitationem

102 2359 237 2425 insinuat
259 2362 474 2448 Philosophus,
498 2384 570 2429 cum
587 2380 655 2449 post
669 2365 833 2451 praemissa
861 2363 1027 2449 subjungit:

111 2476 126 2507 ι
142 2449 281 2535 llmplins
305 2466 408 2516 autem
432 2451 685 2531 imnrnnileatum,
701 2454 724 2518 si
736 2453 774 2515 sit
789 2454 926 2537 corporis
943 2467 1027 2519 actus

102 2537 206 2602 anima
229 2538 307 2604 sicut
330 2555 425 2605 nanta
450 2541 580 2617 navim
602 2542 672 2629 quia
690 2542 781 2626 igitur
797 2554 864 2625 post
881 2542 1026 2626 praemia-

102 2646 135 2689 sa
160 2626 262 2693 adbuc
285 2628 344 2694 boc
369 2628 498 2695 dubium
522 2631 712 2707 remanebat,
729 2628 798 2695 idea
816 2629 929 2693 subdit:
952 2630 1027 2696 «Fi-

103 2715 251 2797 guraliter
273 2717 397 2802 quidem
422 2718 514 2802 igitur
528 2720 573 2785 aic
587 2718 809 2785 determinetur
825 2733 854 2783 et
870 2717 1025 2784 describa-

101 2814 152 2868 tur
173 2802 213 2868 de
229 2805 373 2884 anima»,
396 2808 466 2893 quia
489 2807 604 2875 scilicet
639 2809 777 2873 nondum
801 2806 839 2871 ad
874 2806 1026 2893 liquidum

99 2890 340 2958 demostrarerat
362 2895 531 2961 veritatem.
922 2934 924 2941 ι

169 2980 214 3045 td
238 2981 319 3049 bana
341 2982 434 3067 igitur
470 2984 692 3050 dubitationem
717 2982 894 3059 tollendam,
918 3004 1026 3050 conse·

101 3082 234 3153 quanter
259 3072 399 3153 procedit
421 3072 461 3137 ad
499 3072 757 3139 manifestandum
794 3072 822 3136 id
862 3072 944 3155 quod
979 3087 1027 3139 est

99 3157 270 3223 secundum
300 3178 335 3223 sc
358 3173 388 3224 et
410 3160 581 3226 secundum
599 3163 749 3227 rationem
765 3160 887 3237 certius,
911 3179 965 3246 per
988 3182 1023 3225 ea

100 3264 180 3331 quae
202 3261 272 3310 sunt
294 3249 396 3314 minas
418 3262 500 3314 carta
537 3250 708 3315 secundum
751 3268 796 3326 aa,
830 3248 885 3312 sed
924 3250 1057 3333 magis.

99 3348 181 3398 carta
205 3335 307 3420 quoad
332 3356 399 3412 nos,
421 3337 522 3402 idest
557 3358 612 3424 per
649 3338 775 3403 ellactus
814 3337 945 3415 animae,
969 3340 1021 3421 qui

99 3434 172 3487 snat
194 3437 280 3487 actas
303 3424 408 3511 ipsius.
425 3425 512 3490 Unde
535 3428 638 3493 atatim
662 3426 820 3511 distinguit
843 3444 936 3513 opera
959 3425 1025 3497 atti·

150 3522 191 3599 ll)
208 3527 307 3601 Snpplc
324 3528 485 3606 aristotelea.
584 3559 589 3568 .
