2484 3975
215 195 257 261 18
546 216 602 261 tn.
627 215 666 261 tt.
690 215 753 261 cuo.
776 214 814 260 tn

212 304 291 349 smo:
314 282 374 349 Hic
396 292 442 350 est
463 284 563 351 Fiiius
600 305 687 349 mens
722 285 863 360 dilectus,
900 283 934 349 in
969 303 1028 369 quo
1064 284 1141 349 milii

212 373 394 456 complacui,
417 373 533 452 Macen,
555 374 586 451 ὅ,
613 375 665 445 17;
687 372 874 459 quandoque
897 392 969 437 eum
994 370 1139 457 Unigeni-

213 475 278 527 tum
303 463 586 541 nominatissimo
611 463 748 527 Vidimus
761 462 896 547 plotium
907 462 981 545 ejus,
1004 462 1140 547 pioriom

212 551 303 636 qnasi
329 550 525 637 Uniqenitio
558 551 664 629 Pone,
695 552 795 629 ioan,
830 551 860 624 1,
885 549 937 627 11;
960 562 991 615 et
1015 552 1140 615 iterum:

217 639 395 725 Uniqonitus
417 640 527 717 Fiiius,
549 640 602 724 qui
624 642 721 703 estin
744 640 814 705 sinu
829 639 946 716 Putris,
968 638 1034 723 ipse
1048 659 1140 703 enar·

211 730 305 801 ravit,
326 728 414 793 ioan.
451 727 480 806 1,
508 726 570 802 ’18,·
593 728 618 793 si
642 743 745 793 sutem
764 728 921 793 communi
945 727 1049 805 modo,
1063 728 1141 793 sicut

212 816 328 891 etalii,
353 816 433 881 [iiius
456 817 620 893 diceretur,
644 816 822 899 unigenitus
845 816 905 881 dici
938 836 1001 880 non
1027 831 1140 900 posset:
1239 831 1240 834 ’

212 904 399 992 quandoque
423 906 515 969 ctiam
556 918 586 969 et
620 904 845 990 primogenitos
882 904 1141 981 nominetenus

213 993 366 1078 quaedam
390 992 538 1059 derivatio
563 993 717 1058 filiationis
741 993 780 1058 nb
808 1013 847 1057 eo
881 994 913 1057 in
936 993 1001 1057 aliis
1037 1007 1140 1058 osten·
1239 1013 1240 1062 1

214 1084 315 1158 detur,
337 1079 509 1147 secuudum
522 1082 607 1148 iilud:
628 1081 710 1162 Quos
731 1082 899 1164 praescivit
919 1091 948 1145 et
966 1083 1143 1165 proedesti-

213 1172 301 1236 nooit
324 1170 494 1253 conformes
515 1171 589 1255 fieri
610 1171 756 1256 imopinis
791 1170 854 1254 fito·
877 1170 936 1248 sui,
957 1182 993 1235 ut
1013 1171 1055 1235 sit
1077 1170 1144 1255 ipse

210 1259 437 1345 primoqsnitus
457 1260 493 1323 in
515 1260 623 1325 moitis
645 1258 808 1343 fratribus,
836 1258 936 1338 Boin,
970 1258 1002 1336 8,
1025 1260 1078 1324 uti:
1111 1276 1142 1325 et

215 1347 336 1413 dieitur:
359 1346 446 1413 Misit
468 1347 550 1413 Deus
571 1349 673 1435 filium
709 1368 841 1424 suum...,
873 1359 908 1413 ut
944 1348 1142 1431 adoptionem
1239 1361 1240 1368 ’

213 1438 352 1523 filiorum
374 1438 589 1519 reciperemus,
619 1436 729 1516 Galat,
751 1436 783 1513 1,
805 1435 874 1513 1·5;
897 1435 955 1501 siis
974 1456 1068 1520 ,ergo
1092 1458 1140 1502 ra-

213 1527 298 1590 tione
317 1526 381 1610 ipse
395 1539 440 1591 est
453 1524 533 1591 iiiios
556 1546 611 1613 per
626 1525 715 1611 cujus
737 1525 891 1591 filiationis
906 1524 1140 1591 similitudinem
1182 1519 1186 1529 ’

215 1614 266 1679 ciii
290 1613 343 1679 iiiii
367 1613 520 1679 dicuntur.

162 1704 166 1715 '
280 1702 430 1788 Amplius,
453 1702 614 1785 Quaedam
638 1721 732 1788 opera
763 1701 795 1767 in
833 1700 998 1788 Scripturis
1040 1700 1141 1772 Sacris

214 1792 256 1857 its
279 1791 345 1857 Deo
369 1794 491 1878 proprie
514 1791 720 1856 attribuuntur
746 1789 829 1877 quod
853 1790 940 1855 alteri
974 1792 1140 1857 convenire

215 1901 278 1945 non
303 1894 441 1967 possunt,
468 1880 546 1945 sicut
568 1878 768 1944 sanctificatio
791 1880 965 1945 animasum
982 1894 1011 1945 et
1034 1881 1144 1945 remis-

213 1968 261 2048 sio
283 1982 493 2056 peccatorum
517 1968 628 2034 dicitur
650 1969 744 2033 enim:
757 1967 820 2054 Epo
832 1968 983 2034 Dominus
1005 1969 1141 2053 quison-
1211 2014 1215 2019 -

214 2058 311 2144 ctifico
334 2078 397 2136 vos,
420 2057 525 2136 Levit,
548 2058 602 2135 ⁹20,
625 2057 656 2135 8;
680 2070 719 2121 et:
743 2056 806 2142 Epo
821 2078 890 2122 sum
912 2057 1140 2142 ipssqnioieico

151 2192 153 2199 -
215 2147 393 2231 iniquitates
418 2157 487 2210 tuas
508 2157 639 2229 propter
660 2166 721 2223 mc,
742 2145 822 2225 issi,
845 2146 899 2225 45,
925 2146 978 2213 25.
1017 2145 1141 2212 Utrum-

216 2255 277 2321 que
300 2247 403 2300 autem
427 2234 540 2299 horum
564 2233 685 2298 Christo
707 2233 865 2319 Scriptura
899 2234 1046 2313 attribuis
1068 2237 1142 2300 diei-

215 2339 265 2389 tur
288 2324 380 2388 enim:
408 2319 468 2402 Qui
489 2324 672 2409 sanctificat,
710 2334 741 2386 st
762 2322 816 2407 qui
838 2324 1081 2410 sanctificantur,
1103 2345 1142 2390 ee

187 2417 276 2478 ‘uno
298 2432 414 2490 omnes,
448 2411 553 2485 Hebr..
577 2412 608 2487 1,
627 2409 687 2488 ’11;
708 2422 748 2476 et·
781 2412 880 2491 iesus,
902 2422 936 2476 ut
969 2415 1142 2500 sanctificu-

215 2513 263 2568 ret
293 2521 351 2586 per
372 2521 464 2566 suum
484 2501 665 2586 sanquinem
691 2502 854 2585 populum,
891 2511 982 2565 estro
1014 2513 1142 2585 portum

212 2611 327 2674 possus
350 2601 405 2665 est,
426 2588 531 2668 Hebe,
556 2589 608 2664 13,
634 2589 685 2665 tn
708 2591 773 2675 ipse
796 2590 889 2654 etiem
923 2588 1077 2656 Dominus
1100 2591 1141 2655 de

65 2741 71 2756 ,
116 2757 118 2759 ¹
215 2699 249 2743 se
272 2691 454 2764 protestatus
478 2677 630 2764 estquod
654 2677 782 2742 haberet
821 2691 1000 2764 potestatem
1036 2681 1143 2745 sentit·

217 2765 300 2832 tendi
325 2781 460 2852 peccate,
483 2780 513 2832 et
538 2766 687 2831 miraculo
711 2764 916 2840 confirmavit,
954 2781 986 2832 ut
1009 2767 1141 2834 habetur

215 2855 331 2932 Muttin,
356 2854 388 2934 9,
409 2854 440 2920 6:
462 2868 494 2919 et
514 2854 574 2920 hoc
597 2856 691 2919 etiam
714 2853 849 2937 Angelus
884 2854 924 2918 de
947 2855 1031 2942 ipso
1052 2877 1141 2943 prae·

216 2942 376 3012 nuntiavit:
403 2943 482 3027 lpse,
513 2943 668 3030 inquiens,
705 2942 829 3007 soioum
863 2942 956 3026 faciet
988 2947 1142 3029 populum

216 3052 306 3097 suum
329 3051 349 3094 o
370 3031 504 3116 pcccatis
527 3051 643 3111 corum,
664 3029 784 3108 Matio„
809 3031 840 3109 1,
872 3031 925 3098 ut.
947 3032 1016 3098 Non
1050 3034 1143 3120 igitur

217 3119 366 3194 Christus,
389 3134 419 3188 et
441 3119 635 3186 sanctificans
660 3133 690 3186 et
730 3132 853 3206 peccam
888 3122 1060 3200 remittens,
1097 3124 1143 3188 sie

216 3209 327 3275 dieitur
349 3209 433 3276 Deus
455 3211 532 3274 sicut
556 3208 700 3276 dicuntur
722 3208 765 3274 dii
790 3207 822 3273 hi
845 3209 896 3294 qui
911 3210 1141 3277 sanctificantur

218 3314 247 3362 ot
269 3318 403 3383 quotum
423 3311 546 3386 peccata
570 3299 780 3378 remittuntur,
802 3296 858 3364 sed
890 3301 969 3364 sieut
998 3300 1143 3367 virtutem

217 3400 247 3452 et
270 3400 411 3452 nutumm
436 3385 602 3452 diuinitatis
636 3386 765 3452 habens.

214 3523 221 3532 .
285 3473 340 3543 liin
361 3495 434 3550 ¹vcro
457 3474 633 3579 scriptume
655 3473 829 3543 testimonia
852 3473 964 3564 quibus
978 3477 1142 3545 ostendens
