2484 3975
415 234 470 305 ur.
496 255 534 303 rr.
565 256 628 309 etr.
653 257 739 304 mxu.
962 238 1028 314 283

99 321 313 390 deseruitarti
338 322 494 407 adquam
529 328 660 413 pertinet
694 324 845 390 artificiati
880 324 962 405 linis,
998 340 1029 392 et

100 413 230 479 ulterius
253 432 334 496 quae
356 413 518 479 ordinatur
541 414 579 480 ad
604 416 790 479 anteriorem
814 413 909 479 finem
923 378 1029 481 ddser·

100 504 142 568 vit
166 501 210 565 illi
234 501 273 565 ed
296 520 389 586 quam
408 502 539 587 pertinet
552 504 678 568 ultimus
697 503 777 579 finis3
790 503 867 567 sicut
881 524 930 568 ars
946 524 1029 592 quae

98 591 202 659 caedit
225 590 307 673 ligna
331 589 463 656 deservit
487 591 699 668 naviiactivae,
723 606 754 655 et
778 593 856 656 ltaee
873 592 1029 674 guberna-

99 680 210 757 toriae,
232 699 313 765 quae
337 679 447 745 iterum
464 680 598 746 deservit
622 682 843 745 oeconomicus
877 681 925 745 rel
950 682 1030 747 mili-

98 769 157 834 tari
183 781 235 833 aut
259 768 348 832 alicui
372 768 563 855 hujusmodi,
586 770 758 835 secundum
774 768 1029 872 quodnavigatio

98 857 139 924 ed
164 857 302 922 diversos
325 856 402 923 lines
425 858 562 923 ordinari
587 872 695 943 puteat.
721 858 833 940 Quia
827 858 920 943 rgitur
944 872 1030 945 pote·

98 960 162 1011 stas
186 946 303 1011 ordinis
317 947 526 1033 principaliter
542 949 703 1013 ordinatur
728 947 767 1011 ad
792 968 904 1034 corpus
918 948 1030 1013 Christi

98 1034 346 1101 consecrandum
370 1050 400 1101 et
424 1036 567 1102 fidelibus
598 1036 842 1122 dispensandum
879 1037 971 1101 etad
997 1037 1031 1102 il·

99 1124 188 1189 deles
212 1144 228 1187 a
253 1125 385 1208 peccatis
410 1126 620 1228 purgandum,
643 1139 768 1210 oportet
802 1146 871 1190 esse
895 1126 1031 1230 aliquem

98 1212 304 1301 principalem
328 1213 470 1279 ordinem
493 1214 580 1299 cujus
606 1229 743 1300 potestas
764 1216 803 1280 ad
833 1216 892 1278 lrnc
917 1216 1031 1301 prinei-

98 1302 212 1391 paliter
234 1321 268 1365 se
291 1303 446 1377 extendat,
470 1316 500 1367 et
518 1304 625 1369 luceat
641 1303 940 1380 ordosocerdotalis3
954 1305 1031 1370 alios

99 1405 206 1456 nutem
231 1391 283 1474 qui
309 1391 411 1455 eidem
436 1393 571 1457 serviant
594 1384 768 1495 aliqualiter
793 1395 957 1459 materiam
983 1393 1029 1458 di

97 1479 275 1567 apariendo,
297 1495 327 1544 et
352 1481 399 1545 bi
406 1494 478 1545 sunt
500 1481 627 1545 ordines
651 1481 904 1546 ministrantium

167 1568 245 1649 Quia
270 1588 345 1633 vern
366 1569 564 1634 sacerdotalis
599 1582 745 1655 potestas,
772 1584 805 1634 ut
840 1568 1028 1637 dictumest

97 1660 152 1741 (c.
124 1654 259 1740 emt)
282 1678 316 1721 se
340 1658 475 1722 extendit
500 1658 537 1722 ad
562 1656 637 1735 duo,
674 1658 790 1722 scilicet
813 1658 852 1722 ad
888 1661 1027 1745 corporis

97 1746 210 1813 Christi
235 1748 498 1812 consecrationem
524 1765 555 1812 et
578 1748 616 1811 ad
642 1746 837 1811 reddendum
874 1747 1028 1812 fidelesi-

95 1836 227 1911 done0s‚
251 1854 306 1919 per
329 1834 557 1901 absolutionem
575 1856 591 1900 a
607 1836 750 1922 peccatis,
763 1836 801 1900 ad
820 1835 1028 1902 Eucharistiae

98 1923 346 2012 perceptionem,
372 1938 493 2010 oportet
532 1926 614 2012 quod
653 1924 814 1991 interiores
849 1926 975 1990 nrdines
998 1925 1028 1991 ei

97 2013 277 2078 deserviant
300 2014 348 2078 vel
373 2016 403 2078 in
429 2029 560 2100 utroque
584 2015 632 2079 vel
656 2016 687 2079 in
722 2015 820 2080 altero
843 2029 974 2094 tanturm
997 2028 1028 2080 et

98 2100 298 2167 manifestum
323 2103 475 2189 estquod
501 2117 586 2168 tanto
608 2104 720 2188 aliquis
750 2106 832 2168 inter
866 2102 1029 2169 inferiores

98 2191 225 2256 ordines
238 2191 380 2277 superior
394 2207 440 2256 est
452 2207 569 2277 quantu
580 2193 763 2256 sacerdotali
779 2193 879 2257 ordini
893 2193 1028 2259 deservit

99 2281 130 2344 in
157 2279 368 2366 pluribusvel
393 2282 422 2345 in
448 2282 551 2366 aliquo
575 2279 719 2364 digniori.
745 2282 843 2346 lnllmi
869 2283 962 2364 igitur
977 2302 1029 2344 or·

97 2369 188 2433 dines
212 2369 392 2434 deserviunt
416 2371 596 2434 sacerdotali
621 2371 723 2434 ordini
747 2371 848 2434 solum
873 2370 904 2432 in
921 2370 1027 2456 populi

97 2459 342 2544 praeparatione:
368 2457 492 2523 Ostiarii
517 2458 655 2544 quidem,
678 2458 814 2523 arcendo
843 2457 986 2522 inlidcles
1009 2479 1027 2524 a

96 2560 188 2612 coetu
211 2545 364 2620 fidelium
388 2547 530 2612 Lectores
555 2561 671 2625 autem,
685 2546 867 2612 instruendo
883 2548 1028 2616 cateclru·

96 2655 207 2700 menos
231 2635 271 2700 de
294 2635 366 2700 fidei
392 2635 587 2712 rudimentis,
611 2635 694 2699 unde
718 2636 763 2700 eis
786 2635 943 2719 Scriptura
967 2635 1027 2700 Ve-

96 2725 169 2790 teris
193 2723 381 2789 Testamenti
406 2725 607 2790 committitur
630 2724 806 2826 legenda:
787 2724 1026 2789 exorcistaeau·

97 2827 172 2890 tem,
195 2814 357 2899 purgando
381 2833 434 2878 eos
457 2816 509 2899 qui
530 2813 595 2899 jam
632 2813 769 2876 instructi
793 2825 876 2888 sunt,
910 2814 936 2876 si
971 2814 1026 2879 ali·

97 2901 231 2988 qualiter
256 2923 273 2965 a
296 2901 450 2967 daemone
478 2901 691 2987 impediuntur
713 2922 730 2965 a
755 2902 956 2988 perceptione
978 2924 1028 2966 sa·

96 3003 337 3056 crementorum.
369 2990 550 3076 Superiores
585 3010 661 3054 uero
697 2990 822 3054 ordines
845 2990 1027 3057 sacerdotali

97 3079 277 3144 deserviunt
300 3092 330 3142 et
354 3080 384 3143 in
399 3079 633 3165 praeparatione
646 3080 750 3164 populi
769 3079 855 3144 etad
880 3099 1027 3144 consum·

98 3169 267 3233 mationem
291 3169 487 3244 sacramenti3
512 3187 583 3231 nam
620 3167 760 3253 Acolytlri
786 3168 902 3232 liabent
936 3168 1025 3232 mini·

98 3257 226 3322 sterium
251 3277 344 3342 super
367 3277 438 3320 vasa
463 3276 524 3320 non
548 3273 647 3333 saera,
662 3257 692 3319 in
709 3257 821 3341 quibus
837 3258 1026 3323 sacramenti

99 3347 225 3410 materia
250 3358 460 3432 praeparatur,
484 3342 567 3408 unde
590 3347 635 3408 eis
667 3344 781 3409 urceoli
806 3346 836 3408 in
861 3365 916 3408 sua
941 3345 1026 3409 ordi.-

98 3434 223 3498 natioue
247 3433 420 3510 traduntur;
443 3433 633 3498 Subdiacmri
656 3446 759 3498 autem
793 3433 909 3497 habent
933 3433 1026 3497 mini·

98 3525 227 3590 sterium
252 3541 344 3610 supra
359 3543 429 3589 vasa
452 3541 538 3588 sacra
551 3537 581 3588 et
593 3543 687 3611 super
709 3522 944 3611 dispositionem
961 3543 1028 3589 ma·
