2484 3975
206 204 272 271 600
583 224 756 273 orusommt
853 238 859 259 ι

207 307 239 359 et
261 294 365 360 anima
388 292 500 361 dieitur
524 314 592 361 esse
615 297 722 386 homo,
745 296 822 361 siout
845 314 882 359 ex
909 292 1030 357 duabus
1046 292 1138 359 relius

205 384 360 469 quaedam
384 386 471 450 tertia
494 405 544 450 res
567 387 741 463 constituta,
763 404 843 471 quae
867 397 975 453 neutra
1010 382 1134 447 illarum

205 485 262 537 est.
285 472 386 539 Homo
410 475 493 538 enim
517 494 575 539 nec
598 488 645 539 est
667 476 770 540 anima
794 493 895 559 neque
918 492 1042 559 eorpus3
1068 473 1134 550 aed,

205 561 230 627 si
255 561 351 627 lromo
373 562 477 647 aliquo
500 563 595 627 niodo
618 584 656 629 ex
679 562 804 628 animali
827 576 860 627 et
889 562 1030 627 rationali
1054 560 1135 626 dica·

205 664 256 715 tur
277 670 355 726 essa,
379 672 441 715 non
465 654 523 717 erit
546 652 624 717 sicut
647 672 696 717 res
719 652 806 717 tertia
825 659 868 715 'ex
891 649 1013 715 duabus
1042 650 1133 715 rebus

204 738 259 804 sed
282 741 361 805 sicut
383 738 557 806 intellectus
581 742 689 807 tertius
712 761 749 805 ex
772 739 894 805 duobus
918 738 1134 804 intellectibus.

205 828 381 894 intellectus
405 830 488 893 enim
520 830 663 896 animalia
698 844 745 895 est
777 831 844 894 sine
879 828 1136 893 determinatione

204 917 323 983 formae
345 917 488 1004 specialia
511 934 653 994 naturam
677 918 853 1005 exprimens
875 918 979 997 reici
996 936 1035 981 eo
1051 918 1135 1003 quod

204 1019 251 1071 est
273 1006 432 1072 materiale
455 1024 597 1094 respectu
621 1008 749 1073 ultimae
771 1006 977 1094 perlectionis.
1013 1005 1135 1070 intelle·

204 1109 271 1159 ctus
294 1110 398 1161 autem
422 1096 515 1181 hujus
537 1096 728 1163 differentiae
752 1096 908 1161 rationalis
939 1095 1077 1161 corasistit
1102 1095 1133 1157 in

204 1184 462 1249 determinatione
485 1184 604 1250 lormae
626 1186 778 1273 specialis,
799 1204 837 1249 ex
860 1185 973 1271 quibus
1012 1183 1134 1248 duobus

203 1271 410 1338 intellectibus
432 1274 628 1341 constituitur
651 1275 822 1340 intellectus
844 1273 957 1361 speciei
985 1272 1033 1337 vel
1058 1273 1134 1336 deli·

204 1362 338 1426 nitionis.
363 1362 398 1427 Et
419 1362 503 1440 ideo,
525 1364 603 1428 sieut
627 1384 676 1429 res
710 1364 873 1429 constituta
908 1382 946 1426 ex
979 1360 1133 1448 aliquibus

203 1466 267 1515 non
291 1451 399 1537 recipit
422 1450 683 1537 praedicationem
707 1470 814 1516 earnm
838 1470 943 1516 rerum
968 1471 1005 1515 ex
1021 1450 1133 1536 quibus

203 1540 409 1614 constituitur,
431 1540 472 1604 ita
496 1560 553 1606 nec
565 1542 736 1608 intellectus
749 1540 855 1627 recipit
871 1538 1132 1626 praedicationem

202 1648 312 1693 eorum
336 1629 546 1694 intellectuum
559 1632 722 1717 exquibus
744 1630 1025 1705 constitnitunnon
1048 1629 1132 1691 enim

202 1717 335 1783 dicimus
358 1721 442 1803 qnod
465 1718 603 1784 delinitio
627 1720 666 1784 sit
689 1739 787 1805 genus
810 1718 858 1783 rel
882 1716 1065 1782 differentia.

269 1806 418 1888 Quamvis
440 1820 544 1873 autem
567 1828 666 1891 genus
680 1810 831 1893 significet
846 1821 941 1872 totam
966 1806 1132 1871 essentiam

201 1897 326 1983 speciei,
347 1916 412 1961 non
435 1910 539 1961 tanuen
563 1912 684 1985 oportet
707 1914 739 1962 ut
752 1897 943 1961 diversarum
955 1898 1132 1981 specierum

201 2003 333 2070 quarum
357 1999 403 2050 est
426 1986 509 2051 idem
533 2005 641 2072 genus,
668 1993 708 2052 sit
731 2007 792 2053 una
816 1986 958 2062 essentia,
974 1986 1045 2072 quia
1061 1984 1130 2050 uni·

201 2087 247 2138 tas
269 2075 392 2158 generis
414 2095 452 2139 ex
474 2077 539 2161 ipsa
564 2075 856 2142 indeterminat'nne
879 2075 927 2140 ael
953 2073 1132 2140 indifferen-

200 2163 241 2228 tia
265 2163 413 2249 procedit3
436 2183 500 2227 non
524 2178 627 2229 autem
652 2167 692 2230 ita
716 2164 854 2252 quodid
889 2163 973 2249 quod
1011 2162 1128 2250 signifi·

200 2265 287 2316 catur
310 2271 366 2341 per
390 2272 488 2337 genus
509 2255 549 2318 sit
572 2274 633 2320 una
657 2268 766 2320 natura
791 2273 923 2320 numero
946 2253 978 2317 in
1001 2253 1131 2318 diversis

199 2339 372 2426 speciebus
394 2343 443 2406 cni
467 2343 664 2428 superveniat
687 2363 736 2408 res
760 2343 818 2408 alia
842 2341 971 2430 quaesit
986 2340 1131 2407 differen-

200 2430 241 2493 tia
264 2428 473 2494 determinans
496 2433 608 2517 ipmm,
631 2431 831 2496 sicut'lorma
855 2431 1040 2496 determinat
1062 2450 1131 2496 ma·

199 2517 308 2582 teriam
331 2537 411 2604 qnae
434 2532 481 2583 est
503 2541 565 2584 nna
588 2540 732 2598 numero;
754 2522 809 2585 sed
846 2521 918 2608 quia
955 2539 1054 2604 genus
1085 2519 1128 2585 si·

197 2605 322 2690 gnificat
344 2607 513 2693 qnamdam
537 2608 682 2678 sormam,
706 2624 810 2674 tamen
834 2630 895 2674 non
924 2605 1131 2674 determinate

197 2695 279 2761 hane
301 2696 349 2761 vel
373 2696 457 2762 illam
480 2717 576 2782 quam
597 2697 803 2762 determinate
824 2697 998 2764 differentia
1027 2700 1130 2784 expri-

196 2785 263 2864 mit,
285 2804 365 2870 quae
388 2805 453 2849 non
475 2800 521 2850 est
543 2786 603 2850 alia
626 2807 721 2872 quam
745 2786 796 2852 illa
828 2806 908 2872 qnae
948 2785 1130 2852 indetermi-

196 2886 268 2937 nate
290 2874 520 2957 signilieabatur
542 2895 597 2960 per
620 2895 731 2960 genus.
755 2875 790 2940 Et
813 2875 884 2940 ideo
921 2874 996 2939 dicit
1034 2875 1127 2940 uam-

195 2974 350 3027 mentator
372 2962 558 3049 (Metaphys.
582 2963 619 3048 ᾖ)
643 2963 728 3052 qnod
752 2964 880 3029 materia
903 2963 1129 3050 primodicitut·

194 3069 256 3114 una
280 3071 336 3137 per
358 3055 564 3119 remotionem
586 3055 728 3119 onmium
753 3053 935 3131 formarum,
957 3053 1013 3118 sed
1028 3073 1128 3138 genua

194 3137 306 3205 dicitur
329 3160 426 3205 unum
450 3160 507 3227 per
529 3144 786 3209 communitatem
821 3141 941 3206 formae
956 3209 960 3219 ,
976 3142 1127 3227 signatam

194 3227 277 3292 unde
300 3243 383 3316 patet
406 3229 501 3314 qnod,
525 3250 580 3316 per
602 3230 792 3298 additionem
816 3229 1007 3296 differentiae
1023 3250 1127 3295 remo·

193 3331 224 3380 m
246 3316 298 3381 illa
321 3317 611 3385 indeterminatione
648 3325 742 3404 quae
764 3333 831 3400 erat
871 3340 962 3386 eausa
1001 3319 1126 3385 unitatis

193 3405 328 3489 generis,
350 3421 511 3472 remanent
532 3407 652 3493 species
682 3410 822 3475 diversae
856 3429 912 3495 per
946 3411 1123 3474 essentiam.

258 3492 294 3558 Et
316 3493 398 3579 quia,
423 3509 456 3560 nt
477 3494 593 3560 dictum
616 3509 675 3577 est,
699 3513 808 3565 natura
843 3495 958 3586 speciei
981 3511 1044 3586 ‚cst
1076 3498 1126 3564 in-

1052 3758 1067 3788 N
