2484 3975
331 274 332 281 t
442 248 732 295 mmmmm
942 227 1042 299 'U

187 318 278 401 Quod
302 330 404 386 autent
422 316 581 383 Dominus
597 318 680 383 dicit:
698 319 791 383 Pater
805 321 907 405 major
924 340 972 387 me
987 335 1043 401 est,

118 406 220 487 toan,
245 408 296 486 li,
319 406 373 486 tt,
397 406 527 492 qualiter
550 407 589 471 sit
613 407 846 491 intelligendum
881 411 1044 499 Apostolus

120 500 219 564 dotet.
243 496 321 563 Cum
357 496 438 561 enim
463 494 563 581 majus
587 494 738 561 referetur
761 496 799 561 ed
823 498 936 578 minus,
952 520 1044 588 opot-

120 600 163 651 tet
197 586 324 671 intelllgi
348 586 408 652 hoo
431 584 490 649 diei
514 584 553 649 de
576 584 654 650 Filio
677 586 848 651 secuudum
876 590 959 676 quod
997 604 1044 656 est

120 677 300 741 minoratus.
313 672 454 739 Ostendit
466 686 569 751 nutent
587 674 753 759 Apostolus
776 694 848 739 eutn
865 698 933 743 esse
945 679 1045 744 ruino-

121 779 221 830 tetunt
245 761 416 829 seeundum
440 764 684 849 assumptionem
708 762 828 829 fortune
852 767 980 845 servilis,
1003 768 1044 832 itu

123 867 227 918 temen
250 852 334 939 quod
358 851 425 919 Deo
448 850 530 916 Putti
554 852 692 937 aequalis
731 853 839 918 existat
872 856 1045 924 seeundum

122 941 255 1007 lormttn
279 941 425 1017 divinem
449 939 522 1005 dieit
545 941 639 1005 enim:
667 940 742 1005 Cum
775 942 809 1007 itt
843 944 947 1027 formo
986 946 1044 1009 Dei

123 1042 211 1110 esset,
236 1048 296 1095 uon
317 1030 463 1113 rapinam
487 1029 659 1094 arbitratus
682 1042 729 1095 eet
750 1050 861 1097 estete
882 1036 1045 1119 aequalem

121 1120 200 1197 Deo;
222 1119 277 1185 sed
298 1121 494 1202 semetipsum
515 1120 684 1185 exinaniuit
704 1119 839 1203 [drumm
860 1124 943 1188 serui
963 1124 1045 1188 aoei-

122 1210 223 1291 pt'ens
245 1206 368 1294 Philip,
391 1209 422 1287 2,
446 1208 516 1273 6-7.
540 1207 603 1273 Neo
626 1219 672 1273 est
699 1210 814 1275 mirum
852 1212 876 1276 si
911 1232 949 1277 et
984 1212 1045 1277 hoo

125 1299 215 1363 Petet·
236 1318 274 1363 eo
298 1295 399 1383 major
421 1297 550 1372 ditetur,
573 1317 645 1362 eunt
670 1297 765 1362 etiam
780 1300 820 1363 ub
837 1299 959 1385 Angelis
971 1321 1044 1367 eunt

124 1388 310 1453 minoratum
334 1386 497 1472 Apostolus
520 1386 609 1451 dicut·
635 1385 723 1463 llum,
746 1387 855 1474 inquit,
877 1390 930 1472 qui
944 1392 1045 1455 modi·

125 1498 159 1543 eo
181 1496 276 1563 quum
298 1475 408 1559 Ampeli
429 1477 604 1541 minoratus
627 1487 682 1553 eet,
704 1476 845 1542 uidemus
860 1476 963 1543 iesum
973 1499 1046 1562 pro-

122 1577 195 1651 pter
214 1566 393 1651 passionem
415 1564 538 1645 mortis,
560 1564 663 1649 pluria
686 1566 840 1631 ethonore
855 1582 1046 1647 coronatum,

124 1655 228 1731 llebt„
251 1654 282 1731 ἢ,
306 1656 337 1719 9.

192 1744 236 1809 Ex
259 1763 321 1829 quo
345 1746 436 1808 etium
464 1753 546 1827 putet
572 1741 657 1832 quod
693 1742 869 1809 seeundum
904 1743 1048 1810 eumdem

126 1833 279 1899 rationein
305 1832 417 1897 dieitur
439 1830 533 1897 Filius
557 1850 625 1897 esse
649 1831 730 1897 Petri
753 1831 924 1917 subjectus,
935 1834 1051 1900 scilieet

126 1920 300 1988 seeundum
325 1920 494 1985 huntenetn
520 1934 672 1997 naturum
696 1920 780 2005 quod
815 1942 853 1988 ex
888 1924 954 2008 ipsu
989 1924 1049 1988 eit-

126 2011 309 2076 euntstentiu
332 2010 431 2075 littere
449 2024 584 2098 apparet.
608 2011 833 2076 Ptueentiseret
857 2014 940 2078 onim
966 2012 1045 2100 Apo·
1105 2047 1109 2062 ·

127 2099 233 2174 stolus:
258 2099 317 2162 Per
332 2100 483 2163 ltominem
505 2119 601 2179 mors,
626 2111 656 2163 et
675 2121 736 2185 per
757 2102 910 2166 ltomt'nem
943 2123 1048 2167 resur-

127 2189 226 2254 reetio
249 2199 453 2266 mortuorum,
478 2188 492 2252 l
520 2187 603 2268 Con,
627 2189 680 2267 to,
702 2190 758 2264 tt;
782 2202 812 2254 et
836 2204 941 2277 postes
973 2189 1047 2256 sub-

129 2277 274 2358 junxerat
295 2277 614 2363 quodunusquieque
638 2290 779 2363 resurget
801 2279 831 2343 in
845 2299 902 2344 suo
925 2279 1045 2356 ordinm

135 2366 270 2451 primunt
295 2364 445 2441 Christus,
470 2365 582 2430 deinde
610 2368 629 2431 ii
665 2367 716 2452 qui
750 2381 822 2431 sunt
856 2366 981 2443 (Insistit
1015 2382 1048 2432 et

132 2467 238 2540 posteo
261 2454 356 2519 addit:
381 2453 499 2518 Deinde
522 2457 602 2541 pois,
625 2474 694 2520 eum
718 2456 886 2520 tradiderit
916 2476 1046 2542 repnum

132 2543 198 2607 Deo
221 2553 251 2607 et
274 2541 373 2620 Patri,
397 2542 412 2606 l
439 2542 520 2621 Con,
544 2543 596 2620 td,
630 2544 684 2620 2i3
721 2558 763 2620 et,
796 2555 919 2609 ostenso
953 2543 1045 2631 quale

130 2631 168 2696 'sit
193 2629 252 2696 hoo
276 2649 419 2716 reguum,
442 2633 514 2716 quio
537 2632 653 2698 seilicet
676 2643 795 2716 oportet
818 2632 962 2698 eiontnie
978 2654 1046 2700 etse

132 2720 282 2805 subjecte,
306 2731 532 2805 consequenter
554 2720 720 2804 subjungit:
748 2720 824 2785 Cum
846 2721 1047 2806 subjeetu't’lli

129 2809 245 2894 suerint
266 2811 381 2886 omnin,
394 2820 464 2874 tortu
480 2811 585 2891 etipse
601 2810 701 2875 Filius
717 2809 870 2894 subjectus
881 2813 941 2877 erit
955 2814 983 2877 ei
996 2814 1049 2898 qui

130 2897 259 2983 subjecit
280 2897 339 2988 sili
354 2899 469 2976 omnio,
496 2900 509 2962 l
528 2898 610 2976 (lon,
626 2899 678 2974 lli,
691 2897 742 2962 28.
758 2899 825 2986 lpse
840 2919 915 2984 ergo
927 2914 1052 2968 eonten-

131 3001 180 3052 tus
204 2986 324 3056 litterae
347 2987 481 3053 ostendit
505 2988 564 3053 hoo
588 2989 628 3054 de
652 2987 773 3067 Christo
797 2987 912 3054 debete
924 2990 1052 3074 intelligi

130 3076 302 3141 seeundum
325 3077 408 3161 quod
431 3091 477 3141 est
501 3076 606 3153 honum
630 3077 673 3141 sit
708 3079 791 3142 enim
830 3093 971 3144 mortuus
1006 3093 1054 3143 est

128 3177 159 3229 et
196 3169 374 3244 resutrexiu
407 3185 491 3242 num,
525 3165 697 3230 seeundum
736 3165 948 3244 divinitatem,
982 3186 1054 3232 oum

133 3253 238 3318 omniu
273 3253 362 3319 leniat
384 3273 464 3339 quse
486 3251 558 3318 feeit
592 3254 693 3332 Peter,
730 3267 764 3319 nt
799 3267 957 3322 ostensum
998 3268 1078 3332 ests

132 3342 225 3406 etism
250 3343 315 3428 ipse
338 3344 395 3408 sibi
420 3341 552 3427 subjecit
575 3344 691 3418 omnim
718 3341 855 3407 undeet
892 3345 1056 3430 Apostolus

133 3430 216 3496 dicit:
256 3430 451 3496 Soloutorem
488 3444 685 3514 expectamus
714 3431 880 3498 Dominum
914 3442 1055 3499 nostrum

130 3520 237 3587 letiam
263 3520 428 3602 Christum,
448 3521 502 3608 qui
522 3520 706 3607 reformabit
726 3541 838 3608 eorpus
866 3521 1053 3589 ltumilt'tutt's
