2484 3975
449 216 504 283 cru.
528 235 566 281 tv.
590 232 654 279 aar.
677 235 697 278 r.
1024 208 1044 273 9

127 321 221 375 retur.
245 338 288 355 -ψ-
310 304 402 388 Quod
424 326 497 371 vero
521 303 669 374 subdiditz
707 301 783 382 Quis
816 293 932 383 poterit
970 301 1050 364 toni·

129 410 230 463 trunrn
251 394 475 479 nanpnitndinis
496 394 583 459 illins
605 392 737 457 intueri?
749 389 788 456 ad
803 387 924 456 tertiam
941 388 1048 472 cogni-

127 487 243 553 tionem
277 484 418 571 pertinet,
453 504 514 571 qua
551 482 649 567 prima
690 478 801 545 veritas
835 489 1050 563 cognoscetur,

126 596 189 643 non
212 576 290 641 sieut
312 573 437 650 eredita,
459 570 514 638 sed
536 572 614 636 siout
649 568 724 647 aisa,
757 566 930 633 uidebimus
967 565 1050 631 etim

127 684 196 729 eum
217 664 308 729 sicuti
331 672 386 735 est,
409 675 443 727 ut
466 659 577 726 dicitur
601 659 615 723 l
642 658 802 738 loan.„5,
824 657 856 733 23
879 654 964 720 unde
976 654 1050 719 dicit

128 754 250 819 intueri.
274 751 336 817 Nec
360 748 475 835 aliquid
497 747 653 813 modicum
676 745 716 811 de
750 746 862 813 divinis
895 743 1050 829 mysteriis

129 840 324 928 percipietur,
346 837 401 905 sed
424 839 488 926 ipsa
512 836 657 921 majestas
693 834 796 901 divina
830 834 983 900 ridebitur
1020 845 1051 898 et

130 929 231 995 omnis
254 928 408 994 bonorum
431 925 587 1014 perfectio:
603 924 686 989 unde
707 924 859 991 Dominus
871 922 911 988 nd
923 922 1050 1009 Moysen

130 1016 214 1084 dixit:
238 1016 301 1103 Epo
324 1016 484 1082 ostendunt
506 1034 594 1080 omne
618 1014 729 1079 bortnnt
767 1013 833 1085 tibi,
868 1011 974 1090 Erod,
997 1010 1053 1091 55,

132 1108 184 1183 tu
208 1119 289 1171 recte
312 1126 386 1191 ergo
409 1104 482 1171 dicit
505 1102 737 1189 mopnitndinis.
759 1103 828 1170 Non
852 1113 956 1167 autem
978 1121 1052 1188 pro·
1163 1152 1167 1162 .

131 1210 265 1283 ponetur
285 1194 395 1261 veritas
419 1194 537 1261 bomini
573 1191 726 1279 aliquibus
764 1189 968 1258 velaminibus
1001 1210 1052 1256 oc-

131 1285 253 1362 cultata,
275 1285 329 1348 sed
352 1283 480 1349 omnino
504 1280 677 1349 manifesta:
699 1281 783 1349 unde
817 1279 969 1346 Dominus
1003 1280 1052 1344 di-

130 1374 255 1460 scipulis
278 1373 340 1437 suis
363 1371 445 1437 dicit:
477 1372 562 1435 Venit
599 1372 688 1449 born,
722 1391 790 1435 eum
820 1372 893 1456 iarn
925 1388 986 1433 non
1018 1371 1052 1433 in

128 1461 302 1548 proverbiis
327 1463 437 1544 loquar
457 1460 554 1535 nobis,
578 1459 634 1524 sed
664 1460 777 1542 palum
799 1459 838 1523 de
869 1458 964 1525 Putre
996 1478 1052 1523 un-

131 1550 278 1616 nuntinbo
300 1549 396 1628 trabis,
418 1550 519 1628 loan,
543 1548 595 1623 to,
619 1548 673 1626 953
695 1549 855 1634 signanter
880 1566 955 1631 ergo
979 1546 1052 1613 dicit

133 1641 310 1717 tonitruum,
333 1638 372 1703 ad
395 1637 674 1705 manifestationem
697 1637 925 1705 insinuandam.

198 1728 383 1813 competunt
405 1741 508 1792 autem
532 1727 624 1794 verba
647 1727 817 1809 praemissa
840 1738 945 1792 nostro
980 1745 1053 1813 pro·

134 1817 243 1903 posito;
266 1836 337 1881 nam
362 1817 393 1881 in
417 1816 671 1901 praecedentibus
694 1815 733 1881 de
755 1813 866 1881 divinis
890 1826 1054 1881 sermoest

134 1900 273 1982 babitus,
288 1905 459 1970 secundum
482 1904 565 1991 quod
589 1904 628 1970 ad
652 1905 859 1990 cognitionem
874 1903 1050 1969 divinorum

135 1994 281 2060 naturalis
307 1994 384 2059 ratio
407 2014 462 2079 per
483 2007 641 2060 creaturas
662 1994 824 2080 pervenire
861 2007 971 2080 potest3
993 1994 1054 2058 irn-

133 2081 267 2174 perieete
290 2095 394 2148 tamen
417 2095 448 2146 et
471 2083 643 2148 seeundum
671 2082 785 2170 proprii
821 2082 1053 2169 possibilitatem
1094 2135 1097 2142 .

134 2172 262 2257 ingenii,
285 2183 318 2237 ut
340 2171 383 2237 sie
406 2172 559 2258 possimus
582 2173 685 2238 dicere
707 2192 779 2238 aum
801 2171 870 2238 lob:
887 2170 963 2238 Eece
978 2172 1054 2251 boec

135 2281 172 2325 en
191 2273 283 2345 purte
306 2261 390 2326 dictu
413 2273 485 2327 sunt
507 2263 629 2327 uiarum
653 2262 728 2344 ejus.

202 2349 304 2416 llestat
336 2363 437 2413 autem
477 2371 579 2415 sermo
619 2349 781 2415 habendus
814 2348 854 2413 de
887 2347 935 2413 bis
972 2366 1053 2433 quae

138 2435 226 2500 nobis
250 2435 381 2499 revelata
404 2450 477 2501 sunt
498 2437 640 2503 divinitus
663 2451 696 2503 ut
720 2435 888 2515 credenda,
904 2435 1054 2500 exceden-

138 2527 178 2590 tia
202 2523 390 2588 intellectum
414 2523 597 2593 homanum.

203 2611 289 2678 Circa
313 2630 392 2697 quae
415 2611 546 2697 qualiter
568 2612 799 2698 procedendum
822 2612 862 2677 sit
884 2612 1054 2698 praemissa

136 2701 230 2767 verba
254 2720 310 2766 nos
334 2696 454 2764 docent.
479 2700 556 2767 Cum
579 2701 663 2766 enim
686 2701 846 2766 veritatem
873 2700 923 2768 vix
947 2701 1054 2766 audie-

136 2792 233 2856 rimus
256 2791 287 2854 in
310 2789 504 2856 sermonibus
527 2810 633 2856 sacrae
656 2789 842 2876 scripturae,
864 2791 950 2877 quasi
974 2789 1055 2856 stilla

137 2899 230 2966 parva
254 2879 292 2943 ad
325 2897 383 2944 nos
417 2879 634 2958 descendente,
668 2899 726 2944 nec
759 2879 855 2965 possit
879 2879 1001 2966 aliquis
1023 2879 1056 2944 iu

138 2966 229 3053 bujus
253 2968 331 3033 vitae
354 2980 433 3033 statu
473 2968 643 3034 tonitruum
680 2967 901 3052 magnitudinis
933 2967 1059 3046 intueri,

138 3058 196 3122 erit
218 3056 268 3122 bic
291 3056 402 3122 modus
425 3057 593 3123 servandus
617 3069 651 3121 ut
673 3076 709 3121 ea
722 3077 801 3142 quae
817 3057 848 3122 in
861 3057 1058 3122 sermonibus

139 3145 251 3210 Sacrae
275 3143 450 3231 Scripturas
473 3157 544 3210 sunt
566 3145 676 3210 tradita
711 3145 799 3231 quasi
833 3145 982 3232 principia
1005 3165 1059 3210 su-

141 3245 275 3309 mantue
298 3245 328 3297 et
351 3233 394 3298 sie
416 3253 451 3298 ea
475 3253 555 3320 quoe
594 3233 623 3298 in
662 3233 859 3299 sermonibus
896 3231 1059 3319 praedictis

142 3321 262 3388 occulte
283 3320 374 3386 nobis
397 3321 558 3388 traduntur
580 3321 760 3388 studeamus
776 3334 942 3407 utcumque
955 3333 1059 3385 mente

140 3429 264 3497 capere,
296 3431 313 3474 a
351 3410 535 3476 laceratione
573 3410 745 3486 infidelium
783 3408 992 3485 detendendm
1026 3420 1060 3472 ut

78 3504 79 3508 ’
143 3512 245 3567 tamen
268 3500 477 3589 praesumptio
499 3498 635 3589 periente
657 3498 864 3589 cognoscendi
883 3517 947 3564 non
970 3495 1059 3564 adsit
