2484 3975
225 229 291 294 566
598 249 773 297 nrnsuuccn

223 329 334 404 putest3
358 319 526 386 nonenim
551 341 678 407 pessunt
690 320 849 386 addiscere
860 317 918 384 nisi
933 317 1017 406 quod
1030 316 1151 386 doces
1226 370 1227 391 t

220 405 317 474 scirit.
339 408 464 474 Frustra
486 428 564 496 erga
585 408 660 474 dixit
681 408 776 496 qum,
799 419 869 473 ante
908 406 1069 474 addiscere
1095 423 1148 473 aut
1226 396 1227 437 ¹

220 496 369 577 invenire,
396 496 565 564 intellectus
588 512 654 564 erat
676 496 708 562 in
733 496 877 584 putentia.

287 583 348 652 Sed
371 597 401 650 et
421 586 445 651 si
469 587 537 673 quis
559 585 653 653 addat
674 586 815 652 homines
831 603 957 670 semper
970 582 1068 650 luisse
1083 585 1147 672 (se

219 673 356 740 cundum
381 674 559 760 opinionem
583 675 780 757 Aristotelis),
792 687 974 761 sequeretur
985 673 1072 759 quud
1082 693 1147 738 non

222 761 315 827 luerit
337 762 454 850 primus
476 763 572 829 honio
595 763 779 848 inteligens3
800 776 831 828 ct
853 763 897 828 rie
928 782 986 848 per
1017 762 1147 846 phanta

222 864 320 916 amata
344 851 457 918 nullius
479 853 597 940 species
631 851 837 938 intelligibiles
873 864 946 916 sunt
978 850 1148 935 acquisitae

224 939 257 1004 iu
279 939 434 1006 intellectu
457 941 605 1026 possibili,
627 943 682 1008 sed
704 953 776 1008 sunt
798 941 919 1026 species
939 938 1146 1023 intelligibiles

222 1027 398 1094 intellectus
421 1029 573 1116 possibilis
596 1044 748 1098 aeterme.
772 1029 898 1094 Frustra
931 1047 1006 1111 erge
1028 1027 1147 1094 Ariste·

222 1115 297 1182 teles
320 1117 421 1205 posuit
443 1119 631 1187 intellectum
654 1131 797 1204 agentern
820 1117 872 1204 qui
896 1115 1010 1182 laceret
1032 1115 1146 1182 intelli·

220 1204 324 1290 gibilia
348 1207 378 1271 in
404 1209 538 1294 potentia
562 1208 763 1292 intelligibilia
786 1220 865 1272 actu.
889 1205 1013 1270 Prustra
1049 1204 1145 1270 etiam
1227 1184 1228 1273 l

219 1295 321 1379 posuit
342 1296 425 1382 quod
449 1297 663 1382 phantasmata
683 1317 717 1362 se
740 1297 854 1362 habent
876 1293 916 1360 ad
950 1291 1145 1358 intellectum

218 1382 395 1468 possibilem
430 1385 509 1451 sicut
541 1386 662 1452 colores
701 1385 741 1450 ad
763 1385 876 1462 visum,
906 1382 931 1447 si
969 1380 1145 1448 intellectus

218 1471 372 1557 possibilis
393 1473 511 1540 nihile
546 1473 811 1560 phantasmatibus
846 1470 967 1556 accipin
999 1472 1144 1555 quamvis

216 1575 247 1624 et
270 1559 329 1628 boc
352 1562 451 1648 ipsum
476 1563 687 1630 irrationabile
707 1562 847 1628 rideatur
867 1559 952 1646 quod
970 1559 1143 1624 substantia

214 1663 355 1735 separata
379 1671 397 1716 a
419 1651 683 1737 phantasmatibus
706 1651 819 1717 nostris
840 1648 968 1734 accipiat
989 1660 1021 1712 et
1056 1648 1143 1734 gued

218 1759 282 1804 ncu
306 1739 400 1827 possit
424 1761 457 1805 se
480 1741 652 1826 intelligere
673 1741 730 1807 nisi
744 1751 963 1828 pestncstrum
979 1734 1143 1802 addiscere

219 1840 270 1892 aut
293 1828 430 1894 invenire
452 1829 517 1894 sive
539 1831 721 1913 intelligere
744 1829 815 1914 quia
856 1825 1032 1892 Aristotcles
1071 1840 1141 1910 post

100 1977 101 1989 ,
217 1917 310 1981 rerba
334 1918 500 2005 praemissa
523 1918 691 2007 subjungit:
721 1917 793 1982 «lit
815 1918 880 2004 ipse
905 1929 980 1979 tune
1001 1913 1150 1999 seipsum-

217 2020 318 2091 potest
342 2006 513 2091 intelligere
536 2037 567 2089 ι,
591 2010 706 2075 scilicet
727 2020 795 2095 post
819 2006 978 2072 addiscere
1015 2016 1069 2067 aut
1090 2004 1139 2069 iu·

218 2095 333 2161 tenire.
356 2094 530 2163 Substantia
553 2100 637 2163 enim
666 2109 805 2185 separata
839 2115 895 2181 per
926 2093 1059 2178 seipsam
1093 2106 1142 2158 est

216 2182 429 2269 intelligibilis;
451 2186 536 2253 trude
558 2208 615 2274 per
648 2206 737 2252 suam
769 2183 934 2250 essentium
956 2202 991 2247 se
1023 2178 1142 2247 intelli·

215 2284 303 2356 geret
326 2274 497 2342 intellectus
520 2276 682 2362 possibilis,
704 2276 730 2351 si
753 2286 833 2339 esset
854 2268 1024 2337 substantia
1047 2288 1139 2355 sepu-

214 2376 291 2439 rata;
313 2381 371 2429 nee
393 2362 544 2449 indigeret
565 2364 604 2429 ad
628 2366 688 2430 hoc
709 2361 870 2449 speciebus
893 2357 1139 2441 intelligibilibus

215 2451 242 2515 ci
263 2452 549 2538 supervenientibus
571 2473 628 2541 per
649 2466 790 2518 nostrum
820 2448 992 2533 intelligere
1014 2460 1068 2511 aut
1090 2446 1136 2511 in-

214 2558 327 2605 ventre.

281 2628 313 2692 Si
337 2641 440 2695 autem
477 2628 555 2695 baec
593 2628 837 2695 inconvenientia
875 2624 969 2691 velint
1001 2620 1138 2687 eradere

213 2715 345 2783 dicendo
369 2718 452 2805 quud
475 2719 578 2784 omnia
602 2713 757 2805 piaeutera
783 2714 958 2782 Aristoteles
996 2710 1069 2777 dicit
1092 2711 1135 2775 de

209 2805 367 2871 intellectu
392 2808 527 2894 possibili
551 2807 723 2873 secundum
734 2805 819 2892 quod
834 2804 1030 2870 continuatur
1041 2798 1134 2867 nobis

209 2909 239 2962 et
261 2914 324 2961 non
345 2894 516 2961 secundum
551 2896 634 2983 qnod
667 2896 699 2961 in
722 2916 756 2961 se
778 2907 844 2966 esa·
869 2894 971 2978 primu
1002 2888 1133 2975 quidem

208 2985 374 3051 dicendum
398 2984 538 3071 estquod
562 2985 656 3051 verba
668 2983 835 3049 Aristotelis
848 2982 907 3047 hoc
919 3000 981 3043 taen
996 2978 1133 3063 sapiunt,

208 3074 271 3140 imo
295 3075 334 3140 de
357 3074 423 3161 ipsc
446 3073 601 3139 intellectu
626 3072 762 3158 possibili
786 3072 921 3158 loquitur
955 3065 1129 3133 secundum

209 3163 240 3227 id
264 3161 348 3249 quod
372 3175 418 3228 est
441 3167 599 3249 preprium
623 3162 680 3227 sibi
703 3176 733 3225 ct
756 3159 929 3226 secundum
963 3154 1047 3243 qued
1081 3152 1129 3218 di·

140 3308 142 3313 .
206 3251 372 3335 stinguitur
395 3252 433 3315 ab
456 3264 577 3336 agente.
601 3250 632 3313 Si
658 3270 731 3315 reru
754 3250 806 3315 bat
821 3250 864 3314 ris
887 3247 927 3311 de
950 3243 1129 3311 verbishri·

206 3338 335 3417 stotelis,
359 3358 521 3425 ponamus,
545 3354 577 3403 ut
601 3339 716 3415 dicunt,
738 3338 822 3425 qued
845 3335 1016 3403 intellectus
1031 3331 1130 3417 possi·

205 3424 275 3490 bilis
297 3426 336 3491 ab
359 3439 484 3491 aeterno
507 3428 649 3492 habuerit
670 3429 788 3513 species
827 3422 1033 3507 intelligibiles
1071 3440 1129 3505 per

204 3532 280 3596 quas
302 3514 497 3579 continuetur
519 3515 608 3581 nobis
631 3517 801 3582 secundum
814 3515 1028 3603 phantasmata
1046 3530 1128 3598 quae
