2484 3975
358 268 396 315 nn
419 267 540 314 natatur
556 256 749 318 tnrecaccrus
949 254 1013 319 tut

134 339 216 406 idem
238 337 347 407 accidit
371 341 402 404 in
425 337 616 405 intellectu»
655 344 753 426 (tant.
791 360 905 407 comm.
931 341 1011 427 tt).

131 443 143 494 t
163 449 238 516 ergo
261 428 411 494 sententia
434 426 602 494 Aristotelis
625 430 710 515 quod
749 429 920 496 intellectus
942 452 1013 518 pos-

88 518 199 597 sibilis,
221 529 292 583 ante
315 517 473 583 addiscere
496 530 550 580 aut
572 517 721 595 invenire,
743 531 790 584 est
812 518 842 582 in
877 521 1012 606 potentia

87 606 295 674 sieuttabula
319 608 433 693 inqua
458 604 535 670 nihil
559 617 605 672 est
642 619 711 672 actu
750 605 910 693 scripturm
947 609 1013 685 sed,

86 710 159 784 post
182 697 393 774 addiscerent
416 693 566 771 invenire,
588 694 666 782 (eat)
690 696 1013 763 secundumhabitum

89 786 235 853 scientiae
258 805 320 872 quo
343 796 443 872 potest
466 784 678 870 perseipsum
701 785 832 871 operari,
873 787 1014 872 quamtis

6 901 8 906 ·
89 889 121 940 ει
144 888 218 940 tunc
240 875 278 939 sit
300 874 331 938 in
355 872 490 960 potentia
513 871 552 937 ad
574 871 770 938 considerare
796 873 828 938 in
843 888 923 940 actu.

161 963 216 1028 Ubi
241 963 296 1029 tria
319 962 453 1028 notanda
476 975 556 1026 sunt.
579 999 624 1011 -
647 960 761 1039 Primo,
783 962 866 1048 quod
892 963 1014 1029 habitus

92 1053 237 1118 scientiae
259 1063 306 1116 εει
328 1064 413 1116 aetus
437 1047 660 1138 primusipsins
676 1050 845 1117 intellectus
860 1053 1014 1140 possibilis

93 1141 147 1227 qui
170 1140 340 1206 secundum
365 1139 448 1206 hunc
470 1139 593 1205 dtsactu
616 1153 647 1205 ει
668 1153 767 1227 potest
789 1161 846 1229 per
877 1145 1012 1229 seipsum

77 1229 225 1312 ,careant
248 1228 316 1294 Non
340 1243 442 1294 autem
465 1229 590 1294 scientia
624 1243 671 1292 eat
704 1229 805 1295 solunt
839 1230 1012 1296 seeundum

93 1319 306 1404 phantasmata
329 1318 488 1391 illustrata,
511 1330 545 1381 ut
567 1317 693 1403 qaridam
716 1318 832 1393 dicunt,
866 1333 897 1386 ει
918 1341 1013 1406 quae-

92 1407 165 1472 dam
190 1405 315 1472 facultas
338 1426 418 1494 quae
440 1407 471 1472 iu
493 1405 584 1471 nobis
606 1407 774 1492 aequiritur
796 1427 834 1472 ex
861 1407 1013 1494 frequenti

93 1494 293 1561 meditatione
316 1507 346 1560 et
368 1495 524 1572 exercitio,
548 1508 580 1560 ut
603 1496 905 1564 corrrinuemurrum.
926 1497 1016 1563 intel·

91 1584 175 1650 lectu
198 1581 334 1667 possibili
358 1605 414 1670 per
435 1597 538 1649 nostra
559 1583 784 1670 phantasmata.
807 1621 852 1632 ·-
873 1584 1017 1651 Secundo

91 1672 265 1739 notandum
288 1672 371 1758 quod
396 1686 467 1738 ante
491 1685 630 1738 nostrum
654 1672 813 1738 addiscere
835 1687 866 1738 et
880 1674 1019 1754 invenire

92 1763 163 1847 ipse
187 1760 359 1827 intellectus
383 1760 533 1852 possibilis
555 1774 601 1826 est
614 1755 804 1848 inpoteutta,
824 1762 1020 1828 sicuttabuln

95 1849 128 1914 in
154 1869 214 1936 qua
237 1850 314 1916 nihil
339 1864 384 1916 cst
415 1852 578 1938 scriptum.
612 1886 656 1899 -
689 1850 805 1923 Tertio,
839 1851 933 1936 quod,
967 1871 1023 1938 per

95 1952 238 2005 nostrum
263 1938 421 2007 addiscere
443 1959 498 2005 seu
522 1939 750 2025 iuvenire,ipse
765 1938 936 2007 intellectus
952 1962 1023 2028 poa-

94 2028 193 2093 eibilis
218 2029 250 2094 ht
274 2043 353 2096 actu
377 2029 459 2094 llaec
498 2042 602 2093 autom
637 2028 724 2094 nullo
761 2028 857 2095 modo
894 2044 1023 2117 possunt

100 2128 196 2195 stare,
218 2118 244 2182 si
267 2120 305 2183 sit
328 2139 408 2185 unus
446 2116 618 2182 intellectus
641 2118 794 2203 possibilis
816 2121 955 2184 omnium
969 2120 1021 2204 qui

98 2220 171 2271 sunt
195 2218 225 2270 ει
248 2220 339 2271 erunt
354 2220 406 2272 aut
418 2205 550 2272 fuerunt.
569 2204 763 2273 Manifestum
775 2218 822 2271 εει
835 2208 919 2271 enim
934 2208 1018 2293 quod

94 2294 214 2379 species
236 2308 456 2361 conservantur
479 2295 509 2359 in
533 2294 708 2361 intellectus
730 2309 776 2361 εει
813 2293 896 2360 enim
931 2296 1018 2361 locos

96 2384 282 2467 specierum,
304 2396 337 2448 ut
359 2383 565 2468 Philosophus
586 2403 679 2469 supra
700 2382 827 2460 dixerat,
843 2397 874 2448 et
903 2386 1014 2449 iterum

97 2471 223 2536 scientia
247 2486 292 2537 est
304 2472 426 2538 habitus
451 2490 645 2558 permanens.
658 2471 689 2537 st
705 2492 791 2558 ergo,
809 2492 865 2560 per
879 2472 1013 2559 aliquem

97 2560 346 2645 praecedentium
370 2561 544 2639 hominurn,
566 2558 662 2626 lactus
684 2575 730 2626 est
752 2562 783 2627 in
813 2575 882 2627 actu
904 2581 1014 2627 secun-

98 2647 173 2713 dum
196 2649 313 2734 aliquas
336 2650 454 2735 species
478 2646 689 2733 intelligibiles
711 2664 743 2715 et
779 2648 931 2736 perfectus
968 2670 1014 2715 se·

99 2736 235 2802 cundum
260 2738 397 2803 habitum
421 2739 575 2815 scientiae,
597 2738 649 2802 ille
671 2738 836 2804 habituset
858 2739 927 2804 illae
949 2759 1018 2826 ape-

101 2825 165 2890 cies
188 2828 218 2889 in
241 2846 279 2891 eo
303 2841 472 2893 remanent.
496 2826 573 2893 Cum
597 2839 700 2891 autem
739 2847 832 2892 omne
869 2828 1030 2914 recipiens

101 2914 142 2979 sit
164 2913 354 2981 denudatum
377 2915 417 2982 ab
440 2936 478 2980 eo
501 2914 584 3002 quod
614 2915 732 3002 recipit,
765 2915 955 3003 impossibile
976 2930 1023 2982 εει

68 3041 69 3047 1
102 3002 185 3087 quod
207 3022 262 3089 per
284 3024 390 3069 meum
413 3003 572 3069 addiscere
599 3017 651 3067 aut
667 3003 804 3071 invertire
827 3004 896 3070 illae
907 3006 1024 3093 speeies

102 3091 299 3177 acquirantur
320 3094 350 3157 in
373 3093 530 3158 intellectu
553 3090 700 3178 possibili.

169 3180 249 3245 Etsi
274 3192 376 3246 tamen
401 3181 510 3267 aliquis
532 3180 613 3247 dicat
636 3180 730 3264 quod,
763 3180 935 3247 seeundum
970 3203 1026 3247 no·

100 3278 199 3333 etrum
224 3270 374 3347 invenire,
395 3269 568 3334 intellectus
592 3268 746 3355 possibilis
774 3270 947 3336 secundum
972 3271 1026 3335 all·

102 3357 177 3441 quid
202 3357 253 3422 flat
277 3359 306 3422 in
330 3372 399 3425 actu
421 3358 460 3422 de
484 3378 575 3436 ortuo,
598 3369 672 3443 puta
705 3358 731 3423 si
765 3358 880 3444 aliquid
913 3357 1025 3424 intelli-

102 3444 243 3527 gibilinm
268 3446 389 3512 invenio
412 3444 536 3532 quoda
570 3446 657 3511 nullo
694 3447 944 3533 praecedentium
978 3465 1024 3513 cst

103 3534 274 3609 inuentum,
296 3548 399 3602 umen
422 3536 453 3601 in
475 3532 664 3602 addiscendo
686 3534 746 3603 hoe
768 3536 946 3623 contingere
960 3557 1022 3603 non
