2484 3975
452 247 508 295 uro.
531 251 571 296 ιν.
595 252 659 296 cro.
685 252 734 297 vn.
992 232 1036 298 29

120 314 270 381 subditur:
301 313 343 381 Et
374 314 430 382 noe
452 330 498 383 ort
520 338 630 398 nornen
663 321 745 406 qnod
780 319 932 387 vocabunt
953 340 1034 397 eom,

119 404 270 469 Dominus
284 405 390 489 justos
417 418 531 487 noster,
562 410 689 488 ierem„
724 408 778 487 23,
812 408 880 488 5-6;
915 409 967 475 ubi
1003 411 1033 475 in

74 516 77 523 ·
118 492 255 558 hebraeo
278 494 409 559 hebetur
442 515 556 561 nomen
584 510 866 582 tetragrammaton,
888 498 972 585 quod
995 500 1035 564 de

118 581 186 646 eolo
208 582 274 647 Deo
297 597 415 648 certum
440 596 486 649 est
507 585 575 651 dici.
601 586 645 653 Ex
667 587 778 673 quibus
801 602 928 675 opporet
950 588 1035 673 qood

118 668 213 735 Filius
234 670 292 735 Dei
314 683 360 735 eet
382 690 473 737 verns
499 674 592 741 oeus.
657 685 660 697 '

186 758 359 838 Praetereo,
381 760 412 825 Si
436 759 573 829 Christus
606 782 697 828 verus
720 777 766 827 εει
789 762 880 843 filius,
916 762 956 828 de
979 784 1038 828 ne·-

119 848 259 912 cessitotc
281 848 419 932 sequitur
451 852 532 935 quod
560 853 598 917 sit
621 872 711 917 verus
733 851 827 931 Deum
864 873 926 916 non
950 853 1034 917 enim

120 952 193 999 nere
216 934 296 1000 iiiios
318 951 417 1023 potest
439 938 499 1004 dici
521 940 604 1026 quod
629 941 667 1005 ab
691 940 750 1005 eiio
773 942 919 1026 gignitur,
941 942 1033 1005 etiem

119 1024 145 1087 si
168 1024 208 1088 de
230 1024 396 1091 substantio
419 1030 593 1112 generantis
616 1043 767 1106 nuscetur,
782 1030 839 1094 nisi
856 1030 886 1093 in
902 1029 1034 1095 similem

118 1112 252 1197 speciem
272 1118 447 1197 generantis
486 1118 642 1205 procedre,
679 1130 800 1204 oportet
834 1119 917 1183 enim
951 1121 1034 1204 qood

119 1199 200 1265 iilius
225 1200 357 1268 hominis
381 1205 476 1271 homo
499 1207 546 1273 sit.
571 1207 601 1271 Si
618 1207 710 1291 igitur
724 1205 862 1272 Christus
884 1221 930 1272 εει
944 1228 1035 1272 uerus

119 1284 213 1355 Filius
235 1290 302 1369 Dei,
337 1306 457 1379 oportet
491 1296 576 1382 quod
606 1299 645 1361 sit
666 1315 758 1360 verus
787 1294 881 1375 Deum
904 1316 965 1360 non
989 1310 1035 1361 εει

118 1378 210 1463 igitur
232 1379 357 1465 aliquod
380 1396 527 1449 creatum.

184 1468 271 1541 item,
294 1468 383 1536 Nullo
406 1484 545 1537 creature
569 1472 678 1559 recipit
694 1484 788 1538 totam
811 1471 1033 1560 plenitudinem

118 1554 239 1620 dirirme
262 1558 415 1637 bonitatis,
438 1564 521 1645 quie,
542 1562 621 1626 siout
643 1581 682 1627 ex
707 1560 917 1647 superioribus
942 1575 1034 1648 potet,

118 1643 321 1729 perfectiones
343 1667 361 1711 a
384 1648 451 1713 Deo
473 1650 505 1713 in
540 1664 696 1715 creaturas
730 1669 785 1736 per
817 1649 945 1713 modum
979 1670 1033 1713 cu·

114 1732 239 1817 jusdem
262 1735 428 1802 descensus
450 1738 631 1824 procedunt.
654 1737 791 1804 Christos
814 1751 916 1802 nutem
941 1737 1033 1803 irobet

118 1821 151 1885 in
173 1842 207 1887 se
237 1835 332 1888 totum
357 1825 578 1910 plenitudinem
603 1827 727 1892 divinoe
748 1825 902 1902 bonitatis;
915 1827 986 1891 dicit
1002 1848 1033 1891 e·

115 1910 182 1974 nim
196 1911 366 1998 Apostolus:
380 1914 416 1978 In
427 1916 494 2000 ipro
505 1914 659 1981 inhabitat
671 1918 770 1981 omnio
779 1916 940 2002 ptertitndo
956 1917 1037 1979 dioi-

117 2000 235 2079 nt'totie‚
259 2003 387 2082 dolose,
403 2004 437 2082 2,
460 2005 490 2071 9.
503 2003 641 2071 Christus
653 2025 728 2091 ergo
742 2025 802 2070 oon
814 2018 862 2070 εει
883 2019 1033 2072 crentrrrn.

184 2088 301 2169 Adhuc,
324 2090 406 2158 Licet
428 2093 599 2160 intellectus
622 2095 728 2178 Angeli
752 2093 966 2181 perfectiorem
983 2117 1034 2158 co·
1102 2117 1106 2128 ·

118 2177 286 2262 gnitionem
314 2180 425 2246 habret
447 2203 541 2269 quom
568 2183 740 2249 intellectus
763 2182 907 2256 hominis.
931 2198 1033 2248 tamon

117 2266 249 2332 muitum
272 2268 375 2335 deficit
387 2271 426 2336 ab
443 2271 597 2337 intellectu
613 2271 728 2337 divino.
742 2270 916 2335 intellector
931 2288 1033 2336 aurem

117 2354 228 2419 Christi
251 2376 313 2422 non
337 2358 439 2424 deficit
472 2359 503 2424 in
526 2362 702 2446 cognitione
724 2359 764 2424 eb
798 2360 952 2423 intellectu
986 2359 1033 2423 di·

117 2443 201 2519 vium
224 2443 296 2510 dicit
318 2446 402 2511 enim
432 2447 593 2534 Apostolus
629 2448 712 2534 quod
744 2448 775 2511 in
810 2447 931 2513 Christo
964 2460 1035 2512 erint

118 2551 222 2596 omnes
247 2535 383 2599 tireennm'
415 2538 586 2619 sapientiae
618 2547 649 2600 et
670 2537 815 2600 scientiae
850 2534 1034 2614 absconditi,

117 2620 245 2700 Coloss„
267 2619 299 2702 ἢ,
322 2623 352 2688 5.
376 2621 444 2688 Nou
474 2638 521 2690 est
543 2625 635 2710 igitur
668 2624 817 2700 Christus,
839 2624 932 2689 Filius
965 2625 1033 2704 lici,

116 2725 266 2776 creatum.

184 2799 332 2888 Amplius,
362 2799 518 2889 Quidquid
552 2801 637 2868 Deus
659 2800 753 2867 hebet
787 2800 818 2866 io
852 2801 953 2888 seipso
987 2812 1033 2867 εει

117 2885 184 2973 ejus
205 2891 346 2970 essentie,
369 2903 402 2957 ut
424 2906 581 2958 ostensum
612 2905 658 2956 εει
682 2889 729 2973 (l.
766 2890 795 2969 i,
829 2911 855 2956 c.
889 2891 993 2956 uum
1011 2896 1033 2971 ).

118 2973 229 3042 Omnia
252 2993 354 3046 eutem
388 2997 468 3067 quoe
491 2980 585 3046 habet
617 2980 708 3044 Peter
744 2991 815 3045 runt
848 2979 927 3057 Fiiri3
960 2980 1033 3043 dicit

116 3067 199 3130 eninr
223 3069 287 3154 ipse
315 3067 419 3134 Filius:
445 3068 559 3134 Omnia
582 3087 791 3153 quoecumque
813 3068 904 3131 debet
939 3067 1034 3132 Peter

114 3173 186 3220 rnen
207 3167 287 3230 eunt,
307 3157 428 3235 tonan,
456 3157 507 3236 16,
543 3156 596 3234 tn
618 3169 663 3232 et,
682 3156 721 3221 ed
744 3157 866 3221 Putrem
888 3157 1031 3242 loquens,

115 3243 166 3308 nit:
189 3244 260 3310 Meo
281 3247 386 3310 omnio
408 3256 462 3310 too
483 3257 563 3324 eunt,
585 3257 617 3311 ct
638 3257 692 3309 tna
713 3265 783 3309 men
804 3255 887 3322 eunt,
909 3246 1030 3322 iodim„

116 3333 169 3412 17,
193 3333 245 3398 10.
269 3333 319 3399 Est
341 3353 414 3418 ergo
438 3333 547 3400 endem
570 3334 701 3400 essentie
726 3345 769 3397 ‘et
791 3347 899 3398 nature
934 3333 1032 3398 Petris

114 3434 145 3487 ει
168 3421 246 3500 Fiiii3
269 3441 331 3488 non
354 3435 401 3488 εει
423 3422 516 3508 igitur
537 3423 632 3488 Filius
659 3436 809 3487 creatora.

180 3510 351 3594 Praetereo,
373 3511 534 3601 Apostolus
557 3509 729 3600 dicitquod
745 3509 849 3592 Filios,
865 3523 1028 3599 antequem
