2484 3975
341 235 398 281 tta.
422 234 462 280 vv.
486 232 549 280 etv.
574 234 692 280 uvsvnt.
716 232 753 279 rr
776 231 873 281 crrrx.
1009 216 1069 284 eat

152 302 223 369 Uim
245 314 292 369 est
314 303 458 369 columbo
481 324 561 381 ntea,
583 303 724 388 perfecto
745 323 826 382 men,
848 303 948 384 Cant,
976 304 1008 381 6,
1042 306 1075 383 8;

147 413 365 479 necunquam
389 392 568 458 Christusa
604 414 659 457 sua
699 390 831 458 Ecclesia
870 396 1074 481 separabitur3

144 481 219 547 dicit
244 486 326 546 eninr
352 483 428 568 ipse:
453 480 528 547 Eece
553 502 607 567 epo
631 479 788 545 vobiscum
824 501 893 546 surra
931 483 1074 549 omnibus

144 565 264 650 diebus,
279 591 375 658 uspttc
386 571 430 636 ud
441 571 732 636 consummationem
744 571 872 648 saeculi,
885 570 1003 651 llattb,
1019 573 1073 651 98,

145 658 235 738 dhet
252 658 390 725 ulterius:
400 658 526 744 Semper
533 680 601 723 cum
610 658 880 737 Domiooerimtts,
901 661 914 725 l
931 661 1072 729 Thessal.

143 748 176 826 l,
202 749 253 814 lb.
278 748 409 813 Necesse
433 763 479 813 est
503 750 597 832 igitur
638 747 723 834 quod
745 748 991 829 matrimonium,
1024 772 1072 817 se-

144 838 283 902 cundum
306 838 389 923 quod
413 852 458 902 est
483 837 634 902 Ecclesiae
656 852 896 916 sacramentum,
919 839 957 903 sit
980 839 1071 905 unius

144 926 183 990 ad
208 946 302 991 unam
327 924 552 991 indivisibiliter
576 925 766 991 habendam:
789 937 821 990 et
843 925 904 992 boc
939 928 1071 1015 pertinet

143 1014 185 1079 ad
208 1015 300 1080 fldem
324 1036 384 1101 qua
408 1015 464 1079 sibi
490 1014 623 1080 invicem
648 1014 694 1078 vir
717 1029 749 1079 et
772 1034 849 1079 uxor
884 1016 1070 1101 obligantur.

210 1106 260 1169 Sic
282 1104 376 1187 igitur
399 1104 455 1169 triu
479 1116 551 1168 sunt
575 1103 656 1169 bona
679 1103 880 1183 matrimonii,
895 1104 1067 1171 secundum

142 1192 227 1277 quod
250 1204 296 1257 est
320 1192 474 1257 Ecclesiae
498 1205 739 1257 sacramentum:
764 1191 882 1257 scilicet
904 1194 1007 1280 proies
1030 1195 1068 1259 ad

142 1281 267 1346 cultum'
285 1280 342 1345 Dei
365 1280 560 1367 suscipienda
584 1295 615 1345 et
644 1280 816 1358 educandis
853 1280 940 1357 fides,
979 1298 1071 1369 prout

143 1389 224 1434 uuus
248 1370 294 1434 vir
317 1370 368 1433 uni
394 1372 481 1434 uxori
504 1370 669 1453 obligatum
693 1383 724 1433 et
746 1384 990 1450 sacramentum,
1022 1393 1072 1437 se-

141 1459 279 1523 eundum
301 1457 387 1545 quod
411 1458 682 1524 indivisibilitatem
705 1458 799 1523 habet
834 1460 1071 1527 matrimonialis

139 1548 328 1631 conjunctio,
351 1550 383 1612 in
406 1561 556 1632 quantum
580 1562 627 1611 est
649 1546 875 1631 conjunctionis
898 1548 1010 1615 Christi
1036 1564 1068 1615 ct

139 1634 293 1701 Ecclesiae
316 1648 554 1701 sacramentum.
579 1636 706 1701 Caetera
729 1649 833 1700 autern
857 1639 983 1722 quaein
1001 1659 1067 1703 rna·

139 1725 286 1790 trimonio
314 1724 539 1789 consideranda
573 1740 646 1791 sunt
682 1744 777 1811 supra
813 1728 1066 1812 pertractavimus

136 1812 173 1895 (l.
198 1814 230 1893 5,
250 1834 279 1879 c.
306 1814 346 1879 ll
371 1828 400 1879 et
424 1815 537 1901 sequ).

425 1990 606 2058 CAPUT
640 1989 773 2059 bxxtx.

139 2131 231 2212 Quod
251 2151 309 2214 per
335 2130 491 2196 Christum
512 2132 696 2196 resurrectio
712 2149 879 2216 corporum
891 2135 932 2197 rit
943 2133 1063 2218 futuru.

205 2253 283 2335 Quia
292 2273 363 2317 vero
380 2273 471 2338 supra
489 2266 646 2317 ostensum
660 2266 706 2317 est
721 2253 805 2339 quod
831 2275 886 2340 per
908 2254 1063 2323 Christum

137 2343 257 2408 liberati
269 2357 377 2406 suvnus
390 2341 429 2406 ab
446 2340 584 2426 hisquae
600 2361 654 2428 per
670 2356 831 2428 peecatum
847 2342 939 2430 primi
964 2346 1065 2411 bomi-

135 2432 185 2497 nis
208 2431 406 2510 incurrimus,
427 2443 574 2515 peccante
597 2444 701 2495 autem
724 2432 825 2516 primo
848 2432 1063 2508 homine‚noo

136 2520 240 2586 solunt
264 2520 294 2583 in
319 2539 375 2584 nos
399 2529 559 2606 peceatum
584 2517 758 2584 derivatum
797 2533 854 2595 est,
876 2520 931 2585 sed
969 2523 1063 2589 etiarn

137 2629 222 2675 mors
245 2627 325 2690 quae
349 2618 394 2672 est
417 2626 516 2694 poena
541 2609 668 2692 peccati,
692 2607 864 2673 secundum
888 2608 965 2675 illud
981 2612 1063 2698 dpo·

138 2698 219 2771 stoli:
244 2693 303 2762 l'cr
324 2715 419 2761 unum
442 2695 596 2760 hominem
617 2707 778 2780 peccatum
800 2697 834 2761 in
857 2695 937 2763 horte
972 2721 1062 2766 mun-

137 2787 213 2852 dum
234 2786 374 2863 introvit,
397 2795 426 2849 et
447 2804 504 2868 per
524 2796 686 2869 peccatum
709 2803 803 2863 mort,
827 2784 928 2866 llum,
951 2787 983 2867 5,
1008 2791 1060 2870 le,

136 2909 184 2924 --·
205 2875 413 2940 necessarium
437 2886 482 2938 est
505 2873 589 2960 quod
614 2894 669 2960 per
691 2875 850 2943 Christum
874 2878 913 2942 ab
930 2892 1061 2965 utroque

136 2963 317 3041 liberemur,
341 2977 371 3026 et
404 2983 421 3029 a
455 2962 545 3049 culpa
569 2963 684 3028 scilicet
720 2977 791 3028 eta
825 2979 935 3030 morte.
976 2967 1062 3033 Unde

136 3066 170 3118 et
192 3053 307 3117 ibidem
331 3050 405 3116 dicit
428 3050 601 3137 Apostolus:
636 3051 671 3116 Si
701 3053 783 3118 enim
821 3055 912 3119 unius
949 3055 1063 3120 delicto

135 3162 221 3206 mors
242 3140 385 3228 reputavit
403 3160 577 3223 perunum,
600 3141 699 3205 multo
721 3140 821 3227 asapia
836 3142 1064 3212 atuamnttom

134 3232 258 3317 pratioc
280 3240 311 3294 ct
333 3230 509 3294 decretionis
532 3240 561 3294 et
575 3229 720 3312 justitiae
736 3230 930 3312 accipientes,
950 3233 984 3297 in
997 3234 1065 3299 aito

134 3318 309 3406 reprobunt
327 3337 386 3402 per
408 3337 504 3382 uuum
536 3316 647 3383 lorum
683 3319 853 3396 Christum,
887 3321 975 3401 ibid,
1012 3324 1063 3389 l7.

108 3462 116 3482 ,
136 3408 174 3474 Ut
191 3407 283 3496 igitur
296 3422 460 3493 utrumque
476 3407 565 3472 nobis
588 3407 620 3470 in
644 3409 747 3494 seipso
761 3406 1000 3489 demonstraret,
1034 3428 1064 3478 et

134 3500 216 3565 mori
239 3512 270 3564 et
292 3515 454 3584 resurgere
471 3495 575 3565 voluit.
591 3495 668 3588 hlori
684 3496 811 3586 quidem
828 3499 937 3581 voluit,
950 3514 984 3566 ut
1005 3521 1063 3568 nos
