2484 3975
337 227 372 273 ur
396 231 579 276 seusrturus
601 221 755 276 struntrts
947 213 1007 277 tot

99 297 154 362 lam
176 297 329 363 invenitur
351 320 409 367 uec
433 303 498 387 ipse
521 320 578 377 uec
614 300 683 384 ejus
721 319 868 386 sequaces
906 299 1014 366 lesisse

98 400 291 453 mentionem.

158 475 238 540 llaec
264 477 358 560 igitur
384 490 455 543 sunt
478 498 558 563 quac
576 477 619 540 de
649 476 846 561 opinionibus
884 477 1017 542 Platonis

96 573 130 628 ct'
145 564 310 631 Aristotelis
332 568 412 632 circa
435 567 620 632 substantias
643 579 797 651 separatas
823 587 860 632 ex
887 568 1017 630 dirersis

95 654 245 740 scripturis
266 656 461 740 collegimus.

431 794 602 898 ctrur
637 831 674 898 tt.

191 1009 239 1075 De
260 1009 508 1076 substantiarum
529 1021 750 1093 separaturum
772 1011 915 1086 ostentio,

364 1101 531 1164 seeundum
557 1098 737 1163 Auircbrou.

155 1272 266 1338 Eorum
289 1297 363 1343 tero
385 1277 436 1361 qui
461 1289 528 1364 post
551 1277 645 1341 secuti
659 1275 841 1361 suntaliqui,
855 1276 893 1339 ab
906 1295 1014 1339 eorum

92 1361 290 1450 positionibus
304 1366 495 1440 recedentes,
511 1367 542 1430 in
558 1365 694 1430 deterius
707 1379 895 1429 erraverunt.
909 1365 1014 1430 Primo

90 1471 223 1537 namque
246 1455 427 1531 Aricobrom
452 1457 482 1519 in
505 1455 585 1520 libro
618 1455 723 1520 Fontis
758 1455 848 1532 vitae,
887 1453 1013 1519 alterius

89 1541 271 1606 conditionis
293 1544 478 1608 substantias
502 1556 657 1629 separatas
681 1545 781 1628 posuit
804 1563 881 1607 esse.
906 1543 1011 1606 Existi-

90 1631 183 1692 mavit
205 1632 290 1694 enim
314 1652 422 1695 omnes
443 1632 631 1697 substantias
653 1633 710 1698 sub
734 1631 800 1696 lleo
834 1646 1013 1696 constitutas

89 1737 125 1780 ex
149 1719 275 1783 materia
299 1734 329 1784 et
352 1720 450 1785 surma
474 1724 660 1807 compositas
684 1741 763 1796 esse3
786 1721 870 1806 quod
894 1734 955 1783 tam
974 1722 1013 1784 ab

88 1807 233 1890 opinione
256 1807 391 1874 Platonis
413 1831 507 1895 quam
545 1809 714 1875 tristotetts
752 1809 917 1874 discordat.
953 1808 1012 1889 Qui

88 1896 214 1980 quidem
237 1897 399 1983 dupliciter
420 1900 567 1986 deceptus
606 1899 701 1963 luisse
736 1899 865 1962 ridetur.
909 1897 1015 1960 Primo

86 1986 224 2070 quidem,
247 1990 319 2073 quia
342 1988 525 2054 existimauit
547 1990 642 2076 quod,
666 1990 837 2053 secundum
871 1986 1014 2071 intelligi·

84 2073 180 2139 bilem
204 2079 460 2163 compositionem
484 2080 616 2164 quaein
642 2097 746 2143 rerum
778 2077 945 2160 generibus
969 2079 1014 2140 in-

85 2165 218 2241 venitur,
241 2183 331 2252 prout
354 2167 468 2232 scilieet
492 2188 529 2232 ert
552 2186 667 2252 genere
691 2179 723 2251 et
746 2166 916 2231 dillereutia
940 2186 1014 2228 uou-

82 2252 220 2317 stituitur
241 2258 370 2340 species,
404 2269 486 2320 esset
525 2258 554 2319 in
591 2257 685 2320 rebus
720 2255 793 2341 ipsis
831 2254 1014 2340 compositio

83 2341 177 2405 realis
200 2343 409 2428 intelligenda,
432 2358 465 2409 ut
488 2345 603 2409 scilicet
641 2343 881 2429 uniuscujusque
915 2344 958 2406 rei
983 2344 1013 2406 in

82 2450 201 2513 genere
225 2434 382 2499 existentis
404 2454 503 2518 genus
526 2437 564 2498 sit
586 2436 726 2511 materia,
742 2432 913 2496 dillerentia
939 2450 1013 2499 uero

80 2520 197 2596 fortna3
220 2522 368 2602 seeundo,
391 2525 462 2607 quia
487 2523 671 2587 existimavit
696 2522 779 2607 quod
803 2542 870 2585 esse
906 2521 936 2583 io
961 2541 1014 2606 po·
1105 2598 1107 2603 ,

81 2610 191 2687 tentia,
215 2610 263 2675 vel
286 2631 353 2676 esse
376 2613 586 2689 substitutum,
609 2612 660 2676 vel
682 2631 749 2675 esse
779 2613 941 2695 recipiens,
965 2630 1013 2672 se·

79 2697 222 2762 cundum
236 2720 329 2764 unam
343 2700 492 2766 rationem
506 2702 536 2763 in
550 2700 695 2764 omnibus
712 2700 875 2763 diceretur.
893 2697 1013 2779 Quibus

78 2785 207 2851 duabus
231 2790 433 2873 positionibus
456 2790 590 2867 innixus,
613 2788 746 2875 quadam
764 2789 947 2852 resolutoria
966 2790 1011 2851 ria

75 2876 245 2960 prooessit,
268 2879 481 2963 investigando
513 2880 752 2964 compositiones
775 2897 880 2943 rerum
918 2896 1014 2961 usque

76 2963 118 3027 ad
143 2963 367 3031 intellectuales
390 2967 585 3033 substantias.

146 3051 255 3119 Primo
278 3055 361 3121 enim
385 3057 516 3142 inspexit
537 3056 567 3119 ln
593 3054 801 3121 artificialibus
823 3053 906 3139 quod
931 3072 1013 3121 com-

71 3157 242 3227 ponuntur
263 3163 301 3208 ex
323 3144 422 3214 lorma
445 3144 596 3209 artificiali
620 3158 650 3208 et
688 3146 814 3207 materia
850 3163 929 3228 quoe
968 3156 1014 3207 est

70 3231 184 3316 aliqua
208 3253 258 3297 res
280 3234 436 3310 naturalis,
458 3248 532 3318 puta
557 3234 671 3297 lerrum
696 3247 748 3297 aut
777 3231 909 3317 lignum,
932 3250 1014 3316 quae

68 3340 108 3384 se
143 3320 241 3385 ltabet
277 3323 317 3387 ad
351 3322 482 3387 sormam
513 3321 703 3387 artificialem
745 3334 777 3385 ut
799 3336 935 3403 potentia
974 3322 1013 3382 ad

68 3422 197 3474 actum.

142 3499 274 3580 llursus,
296 3499 506 3567 Considerarit
529 3499 613 3587 quod
642 3497 819 3585 hujusmodi
857 3497 1011 3564 naturalia
