2484 3975
393 263 581 309 mssnartrto
885 244 949 309 565

87 358 106 416 t,
129 350 159 400 et
179 336 209 400 in
233 334 304 402 eod.
328 332 456 411 CXMX,
479 333 591 397 librum
615 328 750 416 primum
774 345 805 394 ot
838 352 948 398 seeun-

87 446 114 489 n.
138 425 213 489 lline
236 445 310 488 vero
344 424 499 506 integrum
540 420 834 507 praestantissimum
869 442 948 508 opus

88 527 171 578 errat
193 532 303 594 praece
325 532 449 576 versum
473 526 581 575 veneta
597 509 629 573 S.
648 508 738 573 Marci
753 508 949 589 bibliotheca,

87 623 109 666 r
131 601 299 667 Cardinalis
321 600 512 665 Bessarionis
534 598 673 665 Codices.

93 691 190 755 Non
184 700 283 776 ipsum
307 702 462 776 praestant
484 709 562 773 opus
585 687 707 751 codices
737 686 949 752 vindobonen-

107 778 161 843 sed
184 779 289 863 cupito
312 778 463 863 quaedam
481 778 681 841 miscellaneo
695 774 787 849 XLV,
804 774 948 878 decerpta

87 867 175 932 libris
195 880 329 951 quotuor
350 867 389 931 de
419 866 551 930 Veritute
573 865 664 928 Fidei
689 864 865 929 Catholicae
878 886 950 929 con-

103 957 250 1033 Gentiles,
271 968 302 1021 et
336 976 374 1019 ea
412 955 547 1038 ejusdem
586 953 779 1037 (Thomae)
821 952 949 1019 Summo

87 1046 221 1124 salopiae.
246 1043 381 1109 Consule
405 1045 486 1129 ipsos
509 1042 632 1107 codices
656 1040 949 1107 aNesseliorecen-

87 1156 109 1210 s,
132 1133 284 1207 CCllhlll,
308 1154 394 1196 num
419 1132 450 1203 4,
473 1144 503 1195 et
527 1130 947 1208 multimammiam

87 1236 116 1286 nt
139 1221 315 1286 tnscrtbttut·
336 1234 367 1286 et
390 1221 495 1306 incipit
524 1240 579 1327 per
618 1220 676 1284 hae
713 1218 816 1283 verba:
856 1222 949 1303 Θωμᾶ

87 1311 171 1388 (lton
195 1311 276 1395 (leg.
299 1308 483 1394 'hnouiaoo)
504 1310 662 1391 tiron-ic
652 1308 947 1394 ςθείαςσαρκώσεως.
968 1361 973 1365 .

87 1400 202 1469 ιθὲσεις
225 1398 301 1464 nurci
331 1401 380 1474 τῆς
418 1397 498 1468 θείας
537 1397 713 1484 σαρκώσεως.
753 1397 834 1462 ’att'
850 1398 879 1462 ot<
914 1400 949 1472 τῆ

87 1517 107 1554 31
149 1487 359 1570 &archemachus
399 1513 525 1551 *Mallia
564 1514 632 1551 Τίνα
671 1485 874 1569 ανῒέπάγῦυσί
912 1516 947 1563 7η

87 1576 274 1664 ισαρκώσει.
297 1576 370 1645 Θεὸς
395 1571 462 1640 οὔτε
486 1577 572 1657 σῶμα
610 1573 681 1649 isit,
719 1570 785 1639 οὸτε
821 1575 949 1658 δύναμις

87 1665 209 1748 roipert,
233 1692 261 1729 κ.
285 1694 310 1729 τ.
333 1672 361 1729 λ.
384 1666 518 1728 lhotnue
540 1665 696 1749 tunicatis
718 1665 856 1729 rationes
872 1666 949 1728 etoi-

121 1755 361 1818 lncoruotionis.
402 1754 617 1837 Oppositioues
656 1763 763 1815 caretro
806 1754 949 1818 (liciatum

87 1845 281 1907 ornationem.
306 1840 369 1909 Saul
390 1845 443 1927 qrti
456 1842 530 1928 fidei
541 1843 747 1907 adversantur
762 1842 840 1906 tolio
855 1863 948 1927 pune-

87 1944 222 1998 tcontre
243 1932 383 1997 diuinum
406 1931 655 1997 Incurnotiouem
669 1930 843 1995 odoricum:
865 1931 949 1998 Deus

108 2033 152 2086 ost
175 2041 405 2106 corporeaeque
428 2022 526 2084 uirtus
548 2022 580 2085 in
604 2041 741 2104 corpore,
754 2031 808 2084 ete.
834 2021 949 2086 Decer-

98 2111 174 2174 boee
198 2123 270 2174 sunt
294 2130 330 2174 cx
354 2109 592 2194 quadragesimo
616 2109 716 2194 eapite
740 2108 811 2174 libri
847 2111 948 2194 quarti

87 2211 129 2262 tra
155 2199 280 2275 Gentes,
305 2197 356 2262 ubi
383 2198 426 2263 sic
449 2198 491 2261 ait
515 2198 659 2281 Aquinas:
704 2226 718 2256 «
742 2198 804 2264 Sed
841 2212 947 2263 eontra

88 2308 104 2351 o
127 2287 303 2352 Catholicae
328 2285 412 2350 Fidei
436 2287 618 2350 sententiam
640 2286 742 2371 plures
756 2285 948 2352 difficultates

87 2395 201 2454 arrum,
225 2376 311 2461 queis
334 2375 501 2439 adversarii
518 2375 603 2438 Fidei
622 2376 865 2439 incarnationem
891 2377 948 2440 im-

89 2479 173 2528 nant.
197 2462 365 2529 Ostensum
389 2465 473 2528 enim
497 2479 543 2527 est
567 2466 597 2527 in
621 2465 722 2548 primo
746 2464 830 2548 quod
865 2465 948 2529 Deus

87 2574 125 2616 ue
149 2573 261 2638 corpus
285 2565 332 2615 est
355 2571 457 2638 neque
480 2552 575 2617 virtus
599 2553 629 2615 in
654 2571 794 2637 empore,
825 2566 888 2617 eto.
927 2581 942 2612 a

87 2641 225 2706 ohabeo
249 2640 532 2706 vindobonensibus
562 2640 722 2705 codicibus
758 2661 835 2722 opus
870 2641 948 2706 inte-

87 2751 115 2794 m
163 2732 278 2794 Contra
305 2728 440 2794 Gentiles
463 2749 525 2793 non
549 2729 697 2794 exhiberi.
714 2729 841 2794 Fallitur
854 2732 947 2794 etlam

89 2817 182 2883 ardus
204 2821 256 2902 qui
280 2831 365 2903 putat
388 2817 522 2904 praelata
546 2819 747 2882 miscellaneo
770 2821 875 2900 capitu
898 2819 946 2884 vcl

87 2927 143 2971 nes
166 2927 234 2972 esse
259 2908 460 2987 Quaestiones
482 2906 605 2971 'lectiae
630 2906 726 2970 Partis
761 2907 801 2970 de
838 2907 948 2971 diuino

87 2998 254 3072 conatione,
283 2995 330 3058 vel
356 2996 557 3076 Quaestiones
578 2998 658 3060 inter
694 2995 877 3079 Disputotos
910 2997 949 3060 de

88 3095 146 3148 one
175 3084 264 3148 Verbi
287 3085 454 3150 laceranti.

90 3172 207 3238 Veneta
230 3173 285 3240 SS.
309 3173 434 3238 loannis
457 3186 488 3238 et
511 3172 598 3237 Pauli
623 3171 808 3238 bibliotheca
825 3170 948 3237 eodioea

89 3283 102 3325 s
126 3262 271 3346 possidet,
288 3263 341 3345 qui
357 3281 499 3344 graecam
515 3263 686 3325 versionem
711 3260 850 3343 ejusdcm
875 3279 949 3345 ope-

87 3354 255 3415 continent.
281 3350 379 3413 hmbo
402 3350 556 3415 chartacei
580 3362 662 3426 sunt,
702 3349 778 3413 alter
814 3369 947 3414 numero

88 3453 117 3502 et
141 3439 219 3503 alter
241 3458 372 3503 numero
396 3440 439 3503 72
463 3452 594 3503 notatus.
619 3439 745 3502 Librum
773 3440 897 3503 tertium
916 3450 948 3501 ot

87 3543 167 3593 rtum
191 3529 343 3616 posterior
367 3528 464 3594 codex
488 3528 712 3615 complectitur.
738 3527 861 3594 Titulos
895 3546 947 3594 aa·
