2484 3975
331 249 387 294 tre.
412 250 451 297 tr.
475 250 539 296 cor.
562 249 619 296 xm.
643 247 679 293 nr
702 248 770 296 xtu.
963 229 1025 320 1285

102 313 230 381 modum
254 337 370 403 ponere
393 320 540 384 unionem
565 318 720 383 humanae
745 329 874 382 naturae
898 317 936 382 ad
949 318 1024 384 Ver·

103 403 177 469 bum
199 405 285 492 quod
308 406 445 474 humana
468 423 576 473 natura
599 407 638 470 sit
660 407 747 492 quasi
782 405 874 471 Verbi
913 407 1025 472 instru-

104 507 243 559 mentum
268 516 329 560 non
353 509 528 584 separatum
545 495 599 560 sed
623 494 831 580 conjunctum:
849 511 906 561 nec
919 509 1023 560 tamen

103 579 237 647 humana
269 600 376 648 natura
412 586 450 649 ad
486 599 627 650 naturam
662 583 754 649 Verbi
789 583 931 669 pertinet,
965 604 1024 650 nec

97 668 236 753 Verbum
261 686 307 737 est
330 673 397 760 ejus
431 673 542 742 forma:
577 673 709 759 pertinet
745 684 846 736 tamen
883 673 922 737 ad
957 673 1024 758 ejus

100 777 275 844 personam.

165 847 325 913 Praedicta
349 863 452 914 tamen
478 849 618 937 exempla
643 869 706 913 non
742 849 785 913 sic
820 848 917 934 posita
953 863 1025 914 sunt

102 947 138 999 ut
162 936 341 1001 omnimoda
365 938 534 1004 similitudo
567 938 661 1002 sitin
685 937 732 1002 his
758 938 951 1022 requirenda.
976 938 1026 1002 ln·

103 1024 303 1109 telligendum
326 1040 372 1092 est
394 1028 478 1092 enim
501 1027 637 1093 Verbum
657 1026 717 1090 'D‘ei
742 1026 840 1090 multo
863 1027 1025 1092 sublimius

104 1125 137 1176 et
159 1113 293 1178 intimius
315 1114 470 1181 humanae
494 1129 621 1181 naturae
657 1115 792 1201 potuisse
827 1115 906 1180 uniri
929 1117 1023 1202 quarn

104 1201 205 1266 anima
229 1202 446 1292 qualicumque
471 1206 595 1291 proprio
619 1204 835 1282 instrumento,
859 1206 1024 1292 praecipue

103 1309 176 1353 cum
209 1291 262 1355 toti
298 1291 452 1358 humanae
487 1308 626 1370 naturae,
662 1291 817 1356 mediante
856 1291 1023 1372 intellectu,

101 1377 300 1462 conjunctum
324 1381 451 1447 dicatur.
479 1382 524 1458 Et,
548 1381 618 1444 licet
640 1381 777 1447 Verbum
804 1380 861 1444 Dei
885 1401 939 1446 sua
963 1384 1023 1447 vir·

100 1479 169 1530 tute
190 1481 329 1552 penetret
351 1471 467 1548 omnia,
491 1484 524 1535 ut
547 1481 619 1555 pote
642 1470 746 1534 amnia
785 1489 970 1536 conservans
994 1486 1024 1536 et

98 1569 235 1641 portans,
258 1559 406 1623 creaturis
430 1573 533 1624 tamen
558 1557 827 1635 intellectualibus,
850 1578 929 1645 quae
952 1581 1024 1646 pro·

97 1646 168 1728 prie
191 1644 291 1710 Verbo
314 1645 429 1732 perleui
454 1661 581 1733 possunt
604 1660 634 1710 et
658 1645 724 1731 ejus
749 1647 909 1733 participes
944 1669 1023 1726 esse,

94 1751 138 1795 ex
160 1734 292 1816 quadarn
314 1735 527 1800 similitudinis
551 1733 701 1800 allinitate
724 1750 755 1800 et
784 1735 969 1802 eminentius
993 1751 1024 1802 et

96 1818 284 1887 ineffabilius
308 1839 406 1912 potest
430 1827 520 1890 uniri.

411 2000 696 2067 unratxttt.

170 2175 257 2257 Quod
278 2179 449 2264 assumptio
479 2180 633 2243 huoraaoc
665 2189 798 2242 naturae
820 2181 956 2247 martimo

364 2267 553 2351 competebat
576 2266 671 2332 Verbo
688 2266 755 2331 Dei.

168 2442 208 2507 En
229 2441 291 2508 hoc
314 2444 406 2509 etiam
431 2456 513 2531 patet
535 2445 618 2530 quad
642 2443 798 2507 humanae
826 2456 954 2509 naturae
978 2466 1023 2511 as-

100 2531 236 2614 sumptio
258 2533 417 2618 potissime
439 2534 584 2620 campetit
612 2550 762 2618 personae
784 2530 887 2597 Verbi.

171 2620 258 2698 Nam,
279 2622 303 2685 si
329 2623 497 2707 assumptio
521 2635 647 2685 naturae
664 2620 870 2685 humanaead
893 2618 1024 2687 salutem
1067 2694 1074 2710 ,

97 2707 262 2773 hominum
286 2711 455 2787 ordinatur,
491 2710 596 2774 ultima
632 2722 733 2773 autem
770 2707 852 2773 salus
888 2708 1023 2777 hominis

96 2809 202 2861 estut
235 2799 406 2863 secundum
440 2798 655 2863 intellectivam
690 2808 809 2882 partem
845 2798 1023 2884 perficiatur

96 2886 357 2971 contemplatione
380 2888 514 2952 veritatis
537 2889 665 2973 primae,
700 2884 833 2970 oportuit
870 2906 925 2972 per
948 2886 1022 2954 Ver·

97 2971 187 3051 bum,
210 2974 293 3059 quod
324 2976 494 3040 secundum
518 2975 747 3039 emanationem
783 2972 1022 3041 intellectualem

97 3080 116 3124 a
141 3062 231 3126 Patre
255 3064 403 3148 procedit,
427 3065 596 3129 humanam
621 3076 764 3126 naturam
788 3064 914 3127 assumi.

163 3149 290 3230 Rursus,
313 3152 454 3218 dilinitas
470 3152 622 3238 quaedam
648 3150 768 3215 videtur
782 3151 916 3216 maxime
930 3151 1022 3217 Verbi

94 3236 136 3301 ad
153 3238 328 3305 humanam
352 3256 505 3317 naturam;
529 3242 624 3306 homa
648 3240 732 3303 enim
772 3240 930 3326 propriam
955 3260 1023 3325 spe-

93 3324 177 3389 ciem
201 3328 327 3393 sortitur
348 3329 520 3395 secundum
543 3328 627 3412 quod
659 3327 816 3392 rationalis
852 3341 907 3407 est3
949 3328 1022 3392 Ver·

94 3413 172 3477 bam
183 3429 287 3480 autem
300 3418 408 3482 rationi
421 3416 512 3482 affine
520 3431 576 3497 est;
584 3416 667 3481 unde
677 3414 757 3502 apud
772 3414 907 3482 Graecos
921 3416 1020 3499 ho'y'or

93 3502 226 3569 verbum
261 3518 292 3570 et
330 3507 407 3571 ratio
441 3506 561 3572 dicitur.
595 3505 892 3571 Corrvenientissime
928 3504 1023 3590 igitur
