<?xml version="1.0" encoding="UTF-8"?>
<!DOCTYPE html PUBLIC "-//W3C//DTD XHTML 1.0 Transitional//EN"
    "http://www.w3.org/TR/xhtml1/DTD/xhtml1-transitional.dtd">
<html xmlns="http://www.w3.org/1999/xhtml" xml:lang="en" lang="en">
 <head>
  <title>
</title>
<meta http-equiv="Content-Type" content="text/html;charset=utf-8" />
  <meta name='ocr-system' content='tesseract 3.04.00' />
  <meta name='ocr-capabilities' content='ocr_page ocr_carea ocr_par ocr_line ocrx_word'/>
</head>
<body>
  <div class='ocr_page' id='page_1' title='image "./sanctithomaeaqu01thomgoog_0378.png"; bbox 0 0 2484 3975; ppageno 0'>
   <div class='ocr_carea' id='block_1_1' title="bbox 198 223 1130 1712">
    <p class='ocr_par' dir='ltr' id='par_1_1' title="bbox 204 223 764 290">
     <span class='ocr_line' id='line_1_1' title="bbox 204 223 764 290; baseline -0.005 0"><span class='ocrx_word' id='word_1_1' title='bbox 204 223 273 290; x_wconf 80' lang='lat' dir='ltr'><strong>37t·</strong></span> <span class='ocrx_word' id='word_1_2' title='bbox 571 242 764 289; x_wconf 82' lang='lat' dir='ltr'><strong>atssacrnno</strong></span> 
     </span>
    </p>

    <p class='ocr_par' dir='ltr' id='par_1_2' title="bbox 198 310 1130 1712">
     <span class='ocr_line' id='line_1_2' title="bbox 270 310 1128 399; baseline 0.001 -22"><span class='ocrx_word' id='word_1_3' title='bbox 270 310 376 398; x_wconf 82' lang='lat' dir='ltr'><strong>Neque</strong></span> <span class='ocrx_word' id='word_1_4' title='bbox 400 330 573 399; x_wconf 78' lang='lat' dir='ltr'><strong>praetereas</strong></span> <span class='ocrx_word' id='word_1_5' title='bbox 604 313 724 398; x_wconf 83' lang='lat' dir='ltr'><strong>«quod</strong></span> <span class='ocrx_word' id='word_1_6' title='bbox 749 310 974 397; x_wconf 76' lang='lat' dir='ltr'><strong>investigationi</strong></span> <span class='ocrx_word' id='word_1_7' title='bbox 999 312 1128 379; x_wconf 88' lang='lat' dir='ltr'><strong>rationis</strong></span> 
     </span>
     <span class='ocr_line' id='line_1_3' title="bbox 203 401 1130 489; baseline 0.002 -23"><span class='ocrx_word' id='word_1_8' title='bbox 203 402 361 468; x_wconf 88' lang='lat' dir='ltr'><strong>humanae</strong></span> <span class='ocrx_word' id='word_1_9' title='bbox 393 402 578 489; x_wconf 84' lang='lat' dir='ltr'><strong>plerumque</strong></span> <span class='ocrx_word' id='word_1_10' title='bbox 616 401 730 468; x_wconf 79' lang='lat' dir='ltr'><strong>falsitas</strong></span> <span class='ocrx_word' id='word_1_11' title='bbox 764 402 961 476; x_wconf 79' lang='lat' dir='ltr'><strong>admiscetur,</strong></span> <span class='ocrx_word' id='word_1_12' title='bbox 999 415 1130 487; x_wconf 88' lang='lat' dir='ltr'><strong>propter.</strong></span> 
     </span>
     <span class='ocr_line' id='line_1_4' title="bbox 205 490 1127 575; baseline 0.001 -21"><span class='ocrx_word' id='word_1_13' title='bbox 205 490 395 557; x_wconf 83' lang='lat' dir='ltr'><strong>debilitatem</strong></span> <span class='ocrx_word' id='word_1_14' title='bbox 419 491 590 558; x_wconf 82' lang='lat' dir='ltr'><strong>intellectus</strong></span> <span class='ocrx_word' id='word_1_15' title='bbox 604 492 710 557; x_wconf 81' lang='lat' dir='ltr'><strong>nostri</strong></span> <span class='ocrx_word' id='word_1_16' title='bbox 736 490 957 575; x_wconf 84' lang='lat' dir='ltr'><strong>injudicando</strong></span> <span class='ocrx_word' id='word_1_17' title='bbox 980 504 1010 555; x_wconf 90' lang='lat' dir='ltr'><strong>et</strong></span> <span class='ocrx_word' id='word_1_18' title='bbox 1028 490 1127 574; x_wconf 87' lang='lat' dir='ltr'><strong>phan-</strong></span> 
     </span>
     <span class='ocr_line' id='line_1_5' title="bbox 206 578 1124 665; baseline 0 -22"><span class='ocrx_word' id='word_1_19' title='bbox 206 592 370 645; x_wconf 88' lang='lat' dir='ltr'><strong>tasmatum</strong></span> <span class='ocrx_word' id='word_1_20' title='bbox 396 582 632 665; x_wconf 81' lang='lat' dir='ltr'><strong>permixtionem</strong></span> <span class='ocrx_word' id='word_1_21' title='bbox 656 608 687 645; x_wconf 68' lang='grc' dir='ltr'><strong>ι.</strong></span> <span class='ocrx_word' id='word_1_22' title='bbox 711 578 789 644; x_wconf 88' lang='lat' dir='ltr'><strong>Hinc</strong></span> <span class='ocrx_word' id='word_1_23' title='bbox 812 578 956 645; x_wconf 78' lang='lat' dir='ltr'><strong>facillime</strong></span> <span class='ocrx_word' id='word_1_24' title='bbox 971 579 1124 643; x_wconf 88' lang='lat' dir='ltr'><strong>accideret</strong></span> 
     </span>
     <span class='ocr_line' id='line_1_6' title="bbox 205 666 1124 755; baseline 0 -23"><span class='ocrx_word' id='word_1_25' title='bbox 205 669 306 753; x_wconf 90' lang='lat' dir='ltr'><strong>primo</strong></span> <span class='ocrx_word' id='word_1_26' title='bbox 330 668 413 755; x_wconf 87' lang='lat' dir='ltr'><strong>quod</strong></span> <span class='ocrx_word' id='word_1_27' title='bbox 444 670 562 755; x_wconf 79' lang='lat' dir='ltr'><strong>«apud</strong></span> <span class='ocrx_word' id='word_1_28' title='bbox 587 668 700 735; x_wconf 86' lang='lat' dir='ltr'><strong>multos</strong></span> <span class='ocrx_word' id='word_1_29' title='bbox 723 668 753 733; x_wconf 92' lang='lat' dir='ltr'><strong>in</strong></span> <span class='ocrx_word' id='word_1_30' title='bbox 778 666 971 733; x_wconf 88' lang='lat' dir='ltr'><strong>dubitatione</strong></span> <span class='ocrx_word' id='word_1_31' title='bbox 982 687 1124 733; x_wconf 89' lang='lat' dir='ltr'><strong>remane-</strong></span> 
     </span>
     <span class='ocr_line' id='line_1_7' title="bbox 205 756 1122 843; baseline 0.001 -23"><span class='ocrx_word' id='word_1_32' title='bbox 205 769 274 821; x_wconf 88' lang='lat' dir='ltr'><strong>rent</strong></span> <span class='ocrx_word' id='word_1_33' title='bbox 289 777 325 822; x_wconf 88' lang='lat' dir='ltr'><strong>ea</strong></span> <span class='ocrx_word' id='word_1_34' title='bbox 349 773 512 843; x_wconf 89' lang='lat' dir='ltr'><strong>quaesunt</strong></span> <span class='ocrx_word' id='word_1_35' title='bbox 529 758 687 823; x_wconf 83' lang='lat' dir='ltr'><strong>uerissime</strong></span> <span class='ocrx_word' id='word_1_36' title='bbox 703 757 794 823; x_wconf 88' lang='lat' dir='ltr'><strong>etiam</strong></span> <span class='ocrx_word' id='word_1_37' title='bbox 808 756 1028 830; x_wconf 89' lang='lat' dir='ltr'><strong>demonstrata,</strong></span> <span class='ocrx_word' id='word_1_38' title='bbox 1045 756 1122 821; x_wconf 84' lang='lat' dir='ltr'><strong>dum</strong></span> 
     </span>
     <span class='ocr_line' id='line_1_8' title="bbox 202 844 1127 933; baseline 0.001 -24"><span class='ocrx_word' id='word_1_39' title='bbox 202 846 266 911; x_wconf 83' lang='lat' dir='ltr'><strong>uim</strong></span> <span class='ocrx_word' id='word_1_40' title='bbox 283 845 553 913; x_wconf 85' lang='lat' dir='ltr'><strong>demonstrationis</strong></span> <span class='ocrx_word' id='word_1_41' title='bbox 574 846 727 929; x_wconf 88' lang='lat' dir='ltr'><strong>ignorant,</strong></span> <span class='ocrx_word' id='word_1_42' title='bbox 741 847 907 933; x_wconf 85' lang='lat' dir='ltr'><strong>praecipue</strong></span> <span class='ocrx_word' id='word_1_43' title='bbox 917 865 990 911; x_wconf 85' lang='lat' dir='ltr'><strong>curn</strong></span> <span class='ocrx_word' id='word_1_44' title='bbox 1004 844 1127 911; x_wconf 87' lang='lat' dir='ltr'><strong>uideant</strong></span> 
     </span>
     <span class='ocr_line' id='line_1_9' title="bbox 202 933 1123 1021; baseline 0.002 -24"><span class='ocrx_word' id='word_1_45' title='bbox 202 956 220 997; x_wconf 91' lang='lat' dir='ltr'><strong>n</strong></span> <span class='ocrx_word' id='word_1_46' title='bbox 247 934 374 1000; x_wconf 83' lang='lat' dir='ltr'><strong>diuersis</strong></span> <span class='ocrx_word' id='word_1_47' title='bbox 405 938 457 1021; x_wconf 88' lang='lat' dir='ltr'><strong>qui</strong></span> <span class='ocrx_word' id='word_1_48' title='bbox 481 935 635 1020; x_wconf 88' lang='lat' dir='ltr'><strong>sapientes</strong></span> <span class='ocrx_word' id='word_1_49' title='bbox 659 934 803 999; x_wconf 89' lang='lat' dir='ltr'><strong>dicuntur</strong></span> <span class='ocrx_word' id='word_1_50' title='bbox 829 935 949 999; x_wconf 87' lang='lat' dir='ltr'><strong>diversa</strong></span> <span class='ocrx_word' id='word_1_51' title='bbox 973 933 1123 999; x_wconf 80' lang='lat' dir='ltr'><strong>doceri».</strong></span> 
     </span>
     <span class='ocr_line' id='line_1_10' title="bbox 206 1021 1127 1108; baseline 0 -21"><span class='ocrx_word' id='word_1_52' title='bbox 206 1021 405 1108; x_wconf 68' lang='lat' dir='ltr'><strong>contingeret</strong></span> <span class='ocrx_word' id='word_1_53' title='bbox 427 1024 521 1089; x_wconf 80' lang='lat' dir='ltr'><strong>ctiam</strong></span> <span class='ocrx_word' id='word_1_54' title='bbox 551 1024 668 1089; x_wconf 78' lang='lat' dir='ltr'><strong>«inter</strong></span> <span class='ocrx_word' id='word_1_55' title='bbox 691 1023 786 1089; x_wconf 88' lang='lat' dir='ltr'><strong>multa</strong></span> <span class='ocrx_word' id='word_1_56' title='bbox 810 1050 842 1097; x_wconf 78' lang='grc' dir='ltr'><strong>ι,</strong></span> <span class='ocrx_word' id='word_1_57' title='bbox 880 1022 1004 1100; x_wconf 89' lang='lat' dir='ltr'><strong>scilicet,</strong></span> <span class='ocrx_word' id='word_1_58' title='bbox 1043 1042 1127 1099; x_wconf 81' lang='lat' dir='ltr'><strong>scra,</strong></span> 
     </span>
     <span class='ocr_line' id='line_1_11' title="bbox 211 1109 1124 1197; baseline 0 -21"><span class='ocrx_word' id='word_1_59' title='bbox 211 1140 225 1169; x_wconf 79' lang='grc' dir='ltr'>ι</span> <span class='ocrx_word' id='word_1_60' title='bbox 248 1132 329 1197; x_wconf 90' lang='lat' dir='ltr'><strong>quae</strong></span> <span class='ocrx_word' id='word_1_61' title='bbox 351 1112 616 1190; x_wconf 87' lang='lat' dir='ltr'><strong>demonstrantur,</strong></span> <span class='ocrx_word' id='word_1_62' title='bbox 639 1111 804 1178; x_wconf 82' lang='lat' dir='ltr'><strong>immisceri</strong></span> <span class='ocrx_word' id='word_1_63' title='bbox 829 1110 996 1197; x_wconf 90' lang='lat' dir='ltr'><strong>aliquando</strong></span> <span class='ocrx_word' id='word_1_64' title='bbox 1008 1109 1124 1195; x_wconf 86' lang='lat' dir='ltr'><strong>aliquid</strong></span> 
     </span>
     <span class='ocr_line' id='line_1_12' title="bbox 201 1199 1124 1286; baseline 0 -21"><span class='ocrx_word' id='word_1_65' title='bbox 201 1200 312 1267; x_wconf 82' lang='lat' dir='ltr'><strong>salsum</strong></span> <span class='ocrx_word' id='word_1_66' title='bbox 336 1200 420 1286; x_wconf 87' lang='lat' dir='ltr'><strong>quod</strong></span> <span class='ocrx_word' id='word_1_67' title='bbox 443 1224 506 1267; x_wconf 88' lang='lat' dir='ltr'><strong>non</strong></span> <span class='ocrx_word' id='word_1_68' title='bbox 521 1203 760 1277; x_wconf 86' lang='lat' dir='ltr'><strong>demonstratur,</strong></span> <span class='ocrx_word' id='word_1_69' title='bbox 776 1200 831 1265; x_wconf 89' lang='lat' dir='ltr'><strong>sed</strong></span> <span class='ocrx_word' id='word_1_70' title='bbox 854 1200 955 1284; x_wconf 85' lang='lat' dir='ltr'><strong>aliqua</strong></span> <span class='ocrx_word' id='word_1_71' title='bbox 972 1199 1124 1285; x_wconf 79' lang='lat' dir='ltr'><strong>probabili</strong></span> 
     </span>
     <span class='ocr_line' id='line_1_13' title="bbox 200 1288 1124 1375; baseline 0 -22"><span class='ocrx_word' id='word_1_72' title='bbox 200 1290 250 1353; x_wconf 89' lang='lat' dir='ltr'><strong>vel</strong></span> <span class='ocrx_word' id='word_1_73' title='bbox 272 1289 441 1375; x_wconf 89' lang='lat' dir='ltr'><strong>sophistica</strong></span> <span class='ocrx_word' id='word_1_74' title='bbox 465 1292 584 1357; x_wconf 86' lang='lat' dir='ltr'><strong>ratione</strong></span> <span class='ocrx_word' id='word_1_75' title='bbox 607 1291 765 1364; x_wconf 88' lang='lat' dir='ltr'><strong>asseritur,</strong></span> <span class='ocrx_word' id='word_1_76' title='bbox 789 1308 869 1373; x_wconf 85' lang='lat' dir='ltr'><strong>quae</strong></span> <span class='ocrx_word' id='word_1_77' title='bbox 893 1288 1047 1353; x_wconf 89' lang='lat' dir='ltr'><strong>interdum</strong></span> <span class='ocrx_word' id='word_1_78' title='bbox 1072 1288 1124 1353; x_wconf 73' lang='lat' dir='ltr'><strong>do</strong></span> 
     </span>
     <span class='ocr_line' id='line_1_14' title="bbox 200 1376 1123 1465; baseline -0.003 -19"><span class='ocrx_word' id='word_1_79' title='bbox 200 1378 381 1446; x_wconf 87' lang='lat' dir='ltr'><strong>monstratio</strong></span> <span class='ocrx_word' id='word_1_80' title='bbox 405 1393 616 1465; x_wconf 79' lang='lat' dir='ltr'><strong>reputatur».</strong></span> <span class='ocrx_word' id='word_1_81' title='bbox 641 1379 730 1444; x_wconf 85' lang='lat' dir='ltr'><strong>Hisce</strong></span> <span class='ocrx_word' id='word_1_82' title='bbox 753 1378 872 1443; x_wconf 84' lang='lat' dir='ltr'><strong>uitiiset</strong></span> <span class='ocrx_word' id='word_1_83' title='bbox 895 1376 1035 1443; x_wconf 87' lang='lat' dir='ltr'><strong>absurdis</strong></span> <span class='ocrx_word' id='word_1_84' title='bbox 1060 1390 1123 1443; x_wconf 89' lang='lat' dir='ltr'><strong>tcta</strong></span> 
     </span>
     <span class='ocr_line' id='line_1_15' title="bbox 198 1465 1124 1553; baseline -0.002 -20"><span class='ocrx_word' id='word_1_85' title='bbox 198 1479 293 1533; x_wconf 83' lang='lat' dir='ltr'><strong>scatet</strong></span> <span class='ocrx_word' id='word_1_86' title='bbox 316 1480 453 1533; x_wconf 80' lang='lat' dir='ltr'><strong>ceterum</strong></span> <span class='ocrx_word' id='word_1_87' title='bbox 475 1468 642 1535; x_wconf 87' lang='lat' dir='ltr'><strong>Gentilium</strong></span> <span class='ocrx_word' id='word_1_88' title='bbox 667 1467 872 1553; x_wconf 83' lang='lat' dir='ltr'><strong>philosophia,</strong></span> <span class='ocrx_word' id='word_1_89' title='bbox 888 1486 968 1551; x_wconf 81' lang='lat' dir='ltr'><strong>quae</strong></span> <span class='ocrx_word' id='word_1_90' title='bbox 1004 1465 1124 1531; x_wconf 86' lang='lat' dir='ltr'><strong>divinas</strong></span> 
     </span>
     <span class='ocr_line' id='line_1_16' title="bbox 199 1554 1121 1643; baseline 0.007 -28"><span class='ocrx_word' id='word_1_91' title='bbox 199 1556 355 1634; x_wconf 75' lang='lat' dir='ltr'><strong>ueritates,</strong></span> <span class='ocrx_word' id='word_1_92' title='bbox 378 1558 556 1642; x_wconf 85' lang='lat' dir='ltr'><strong>caeteroqui</strong></span> <span class='ocrx_word' id='word_1_93' title='bbox 589 1558 708 1643; x_wconf 88' lang='lat' dir='ltr'><strong>pervias</strong></span> <span class='ocrx_word' id='word_1_94' title='bbox 743 1556 853 1621; x_wconf 86' lang='lat' dir='ltr'><strong>lumini</strong></span> <span class='ocrx_word' id='word_1_95' title='bbox 888 1554 1030 1631; x_wconf 87' lang='lat' dir='ltr'><strong>naturali,</strong></span> <span class='ocrx_word' id='word_1_96' title='bbox 1068 1570 1121 1621; x_wconf 90' lang='lat' dir='ltr'><strong>aut</strong></span> 
     </span>
     <span class='ocr_line' id='line_1_17' title="bbox 202 1643 1125 1712; baseline 0 -3"><span class='ocrx_word' id='word_1_97' title='bbox 202 1644 331 1709; x_wconf 85' lang='lat' dir='ltr'><strong>minime</strong></span> <span class='ocrx_word' id='word_1_98' title='bbox 354 1645 499 1711; x_wconf 89' lang='lat' dir='ltr'><strong>adsecuta</strong></span> <span class='ocrx_word' id='word_1_99' title='bbox 523 1659 569 1711; x_wconf 89' lang='lat' dir='ltr'><strong>est</strong></span> <span class='ocrx_word' id='word_1_100' title='bbox 592 1660 644 1712; x_wconf 92' lang='lat' dir='ltr'><strong>aut</strong></span> <span class='ocrx_word' id='word_1_101' title='bbox 677 1643 834 1711; x_wconf 88' lang='lat' dir='ltr'><strong>erroribus</strong></span> <span class='ocrx_word' id='word_1_102' title='bbox 872 1656 902 1707; x_wconf 92' lang='lat' dir='ltr'><strong>et</strong></span> <span class='ocrx_word' id='word_1_103' title='bbox 929 1646 1125 1709; x_wconf 83' lang='lat' dir='ltr'><strong>commentis</strong></span> 
     </span>
    </p>
   </div>
   <div class='ocr_carea' id='block_1_2' title="bbox 201 1731 1231 1821">
    <p class='ocr_par' dir='ltr' id='par_1_3' title="bbox 201 1731 1231 1821">
     <span class='ocr_line' id='line_1_18' title="bbox 201 1731 1231 1821; baseline 0.008 -24"><span class='ocrx_word' id='word_1_104' title='bbox 201 1734 386 1819; x_wconf 81' lang='lat' dir='ltr'><strong>turpissimis</strong></span> <span class='ocrx_word' id='word_1_105' title='bbox 409 1734 563 1801; x_wconf 79' lang='lat' dir='ltr'><strong>immistas</strong></span> <span class='ocrx_word' id='word_1_106' title='bbox 586 1734 740 1821; x_wconf 80' lang='lat' dir='ltr'><strong>proponit.</strong></span> <span class='ocrx_word' id='word_1_107' title='bbox 771 1734 841 1799; x_wconf 77' lang='lat' dir='ltr'><strong>«Et</strong></span> <span class='ocrx_word' id='word_1_108' title='bbox 876 1731 945 1795; x_wconf 90' lang='lat' dir='ltr'><strong>ideo</strong></span> <span class='ocrx_word' id='word_1_109' title='bbox 979 1733 1126 1817; x_wconf 88' lang='lat' dir='ltr'><strong>oportuit,</strong></span> <span class='ocrx_word' id='word_1_110' title='bbox 1230 1792 1231 1805; x_wconf 67' lang='grc'>,</span> 
     </span>
    </p>
   </div>
   <div class='ocr_carea' id='block_1_3' title="bbox 199 1820 1127 2264">
    <p class='ocr_par' dir='ltr' id='par_1_4' title="bbox 199 1820 1127 2176">
     <span class='ocr_line' id='line_1_19' title="bbox 202 1820 1127 1908; baseline 0.003 -23"><span class='ocrx_word' id='word_1_111' title='bbox 202 1842 258 1908; x_wconf 90' lang='lat' dir='ltr'><strong>per</strong></span> <span class='ocrx_word' id='word_1_112' title='bbox 280 1824 361 1889; x_wconf 87' lang='lat' dir='ltr'><strong>uiam</strong></span> <span class='ocrx_word' id='word_1_113' title='bbox 386 1822 468 1899; x_wconf 84' lang='lat' dir='ltr'><strong>fidei,</strong></span> <span class='ocrx_word' id='word_1_114' title='bbox 492 1823 551 1889; x_wconf 80' lang='lat' dir='ltr'><strong>hta</strong></span> <span class='ocrx_word' id='word_1_115' title='bbox 575 1822 771 1901; x_wconf 85' lang='lat' dir='ltr'><strong>certitudine,</strong></span> <span class='ocrx_word' id='word_1_116' title='bbox 795 1823 892 1908; x_wconf 85' lang='lat' dir='ltr'><strong>ipsam</strong></span> <span class='ocrx_word' id='word_1_117' title='bbox 910 1822 1069 1885; x_wconf 82' lang='lat' dir='ltr'><strong>veritatem</strong></span> <span class='ocrx_word' id='word_1_118' title='bbox 1085 1820 1127 1888; x_wconf 90' lang='lat' dir='ltr'><strong>de</strong></span> 
     </span>
     <span class='ocr_line' id='line_1_20' title="bbox 200 1910 1124 1985; baseline 0 -10"><span class='ocrx_word' id='word_1_119' title='bbox 200 1910 294 1976; x_wconf 89' lang='lat' dir='ltr'><strong>rebus</strong></span> <span class='ocrx_word' id='word_1_120' title='bbox 317 1912 428 1975; x_wconf 84' lang='lat' dir='ltr'><strong>diuinis</strong></span> <span class='ocrx_word' id='word_1_121' title='bbox 451 1912 632 1978; x_wconf 85' lang='lat' dir='ltr'><strong>ltcminibus</strong></span> <span class='ocrx_word' id='word_1_122' title='bbox 656 1911 793 1977; x_wconf 80' lang='lat' dir='ltr'><strong>exhiberi</strong></span> <span class='ocrx_word' id='word_1_123' title='bbox 798 1960 849 1985; x_wconf 87' lang='lat'><strong>.....</strong></span> <span class='ocrx_word' id='word_1_124' title='bbox 874 1923 906 1974; x_wconf 90' lang='lat' dir='ltr'><strong>ut</strong></span> <span class='ocrx_word' id='word_1_125' title='bbox 940 1910 983 1975; x_wconf 89' lang='lat' dir='ltr'><strong>sic</strong></span> <span class='ocrx_word' id='word_1_126' title='bbox 1014 1930 1124 1975; x_wconf 86' lang='lat' dir='ltr'><strong>omnes</strong></span> 
     </span>
     <span class='ocr_line' id='line_1_21' title="bbox 201 1999 1122 2088; baseline 0 -24"><span class='ocrx_word' id='word_1_127' title='bbox 201 1999 241 2064; x_wconf 89' lang='lat' dir='ltr'><strong>de</strong></span> <span class='ocrx_word' id='word_1_128' title='bbox 265 2000 344 2065; x_wconf 81' lang='lat' dir='ltr'><strong>sacili</strong></span> <span class='ocrx_word' id='word_1_129' title='bbox 364 2018 489 2087; x_wconf 86' lang='lat' dir='ltr'><strong>possent</strong></span> <span class='ocrx_word' id='word_1_130' title='bbox 512 2003 636 2067; x_wconf 81' lang='lat' dir='ltr'><strong>divinae</strong></span> <span class='ocrx_word' id='word_1_131' title='bbox 659 2001 843 2086; x_wconf 84' lang='lat' dir='ltr'><strong>cognitionis</strong></span> <span class='ocrx_word' id='word_1_132' title='bbox 868 2001 1030 2088; x_wconf 88' lang='lat' dir='ltr'><strong>participes</strong></span> <span class='ocrx_word' id='word_1_133' title='bbox 1043 2019 1122 2076; x_wconf 84' lang='lat' dir='ltr'><strong>csse,</strong></span> 
     </span>
     <span class='ocr_line' id='line_1_22' title="bbox 199 2089 818 2176; baseline 0 -24"><span class='ocrx_word' id='word_1_134' title='bbox 199 2102 229 2153; x_wconf 91' lang='lat' dir='ltr'><strong>et</strong></span> <span class='ocrx_word' id='word_1_135' title='bbox 251 2089 369 2176; x_wconf 89' lang='lat' dir='ltr'><strong>absque</strong></span> <span class='ocrx_word' id='word_1_136' title='bbox 392 2090 583 2156; x_wconf 88' lang='lat' dir='ltr'><strong>dubitatione</strong></span> <span class='ocrx_word' id='word_1_137' title='bbox 605 2103 636 2155; x_wconf 92' lang='lat' dir='ltr'><strong>et</strong></span> <span class='ocrx_word' id='word_1_138' title='bbox 659 2111 764 2156; x_wconf 88' lang='lat' dir='ltr'><strong>errore</strong></span> <span class='ocrx_word' id='word_1_139' title='bbox 788 2115 818 2152; x_wconf 83' lang='lat'><strong>›.</strong></span> 
     </span>
    </p>

    <p class='ocr_par' dir='ltr' id='par_1_5' title="bbox 262 2177 1120 2264">
     <span class='ocr_line' id='line_1_23' title="bbox 262 2177 1120 2264; baseline -0.003 -20"><span class='ocrx_word' id='word_1_140' title='bbox 262 2179 331 2244; x_wconf 82' lang='lat' dir='ltr'><strong>lam</strong></span> <span class='ocrx_word' id='word_1_141' title='bbox 355 2178 465 2264; x_wconf 90' lang='lat' dir='ltr'><strong>collige</strong></span> <span class='ocrx_word' id='word_1_142' title='bbox 489 2179 725 2264; x_wconf 75' lang='lat' dir='ltr'><strong>intelligibilium</strong></span> <span class='ocrx_word' id='word_1_143' title='bbox 750 2178 926 2244; x_wconf 86' lang='lat' dir='ltr'><strong>divinorum</strong></span> <span class='ocrx_word' id='word_1_144' title='bbox 961 2177 1019 2243; x_wconf 86' lang='lat' dir='ltr'><strong>alia</strong></span> <span class='ocrx_word' id='word_1_145' title='bbox 1058 2177 1120 2242; x_wconf 85' lang='lat' dir='ltr'><strong>dis-</strong></span> 
     </span>
    </p>
   </div>
   <div class='ocr_carea' id='block_1_4' title="bbox 198 2266 1119 2354">
    <p class='ocr_par' dir='ltr' id='par_1_6' title="bbox 198 2251 1229 2354">
     <span class='ocr_line' id='line_1_24' title="bbox 198 2266 1119 2354; baseline 0.001 -23"><span class='ocrx_word' id='word_1_146' title='bbox 198 2267 293 2351; x_wconf 80' lang='lat' dir='ltr'><strong>tingui</strong></span> <span class='ocrx_word' id='word_1_147' title='bbox 310 2282 467 2354; x_wconf 90' lang='lat' dir='ltr'><strong>cpcrtcre,</strong></span> <span class='ocrx_word' id='word_1_148' title='bbox 477 2290 557 2354; x_wconf 88' lang='lat' dir='ltr'><strong>quae</strong></span> <span class='ocrx_word' id='word_1_149' title='bbox 570 2269 708 2333; x_wconf 88' lang='lat' dir='ltr'><strong>nativum</strong></span> <span class='ocrx_word' id='word_1_150' title='bbox 722 2268 850 2332; x_wconf 86' lang='lat' dir='ltr'><strong>rationis</strong></span> <span class='ocrx_word' id='word_1_151' title='bbox 865 2279 988 2331; x_wconf 86' lang='lat' dir='ltr'><strong>creatae</strong></span> <span class='ocrx_word' id='word_1_152' title='bbox 1011 2266 1119 2332; x_wconf 84' lang='lat' dir='ltr'><strong>tumen</strong></span> 
     </span>
    </p>
   </div>
   <div class='ocr_carea' id='block_1_5' title="bbox 197 2355 1120 2796">
    <p class='ocr_par' dir='ltr' id='par_1_7' title="bbox 197 2355 1120 2796">
     <span class='ocr_line' id='line_1_25' title="bbox 197 2355 1120 2442; baseline -0.001 -22"><span class='ocrx_word' id='word_1_153' title='bbox 197 2376 253 2442; x_wconf 94' lang='lat' dir='ltr'><strong>per</strong></span> <span class='ocrx_word' id='word_1_154' title='bbox 275 2375 343 2422; x_wconf 89' lang='lat' dir='ltr'><strong>sese</strong></span> <span class='ocrx_word' id='word_1_155' title='bbox 365 2370 535 2442; x_wconf 88' lang='lat' dir='ltr'><strong>spectatum</strong></span> <span class='ocrx_word' id='word_1_156' title='bbox 561 2377 624 2422; x_wconf 87' lang='lat' dir='ltr'><strong>nou</strong></span> <span class='ocrx_word' id='word_1_157' title='bbox 646 2356 810 2430; x_wconf 71' lang='lat' dir='ltr'><strong>carcedone</strong></span> <span class='ocrx_word' id='word_1_158' title='bbox 835 2355 892 2420; x_wconf 88' lang='lat' dir='ltr'><strong>alia</strong></span> <span class='ocrx_word' id='word_1_159' title='bbox 917 2376 1002 2431; x_wconf 89' lang='lat' dir='ltr'><strong>vero,</strong></span> <span class='ocrx_word' id='word_1_160' title='bbox 1039 2375 1120 2440; x_wconf 86' lang='lat' dir='ltr'><strong>quae</strong></span> 
     </span>
     <span class='ocr_line' id='line_1_26' title="bbox 198 2443 1119 2529; baseline 0 -21"><span class='ocrx_word' id='word_1_161' title='bbox 198 2446 321 2510; x_wconf 86' lang='lat' dir='ltr'><strong>nonnisi</strong></span> <span class='ocrx_word' id='word_1_162' title='bbox 343 2447 476 2529; x_wconf 88' lang='lat' dir='ltr'><strong>gratuito</strong></span> <span class='ocrx_word' id='word_1_163' title='bbox 501 2445 624 2510; x_wconf 83' lang='lat' dir='ltr'><strong>diuinae</strong></span> <span class='ocrx_word' id='word_1_164' title='bbox 648 2444 843 2510; x_wconf 84' lang='lat' dir='ltr'><strong>revelationis</strong></span> <span class='ocrx_word' id='word_1_165' title='bbox 868 2443 973 2508; x_wconf 87' lang='lat' dir='ltr'><strong>lavore</strong></span> <span class='ocrx_word' id='word_1_166' title='bbox 1001 2444 1119 2508; x_wconf 91' lang='lat' dir='ltr'><strong>innote-</strong></span> 
     </span>
     <span class='ocr_line' id='line_1_27' title="bbox 197 2531 1119 2620; baseline 0 -22"><span class='ocrx_word' id='word_1_167' title='bbox 197 2553 284 2598; x_wconf 87' lang='lat' dir='ltr'><strong>scere</strong></span> <span class='ocrx_word' id='word_1_168' title='bbox 307 2547 445 2620; x_wconf 87' lang='lat' dir='ltr'><strong>possunt.</strong></span> <span class='ocrx_word' id='word_1_169' title='bbox 470 2535 539 2615; x_wconf 82' lang='lat' dir='ltr'><strong>Qua</strong></span> <span class='ocrx_word' id='word_1_170' title='bbox 564 2536 594 2600; x_wconf 91' lang='lat' dir='ltr'><strong>iu</strong></span> <span class='ocrx_word' id='word_1_171' title='bbox 618 2555 652 2599; x_wconf 90' lang='lat' dir='ltr'><strong>re</strong></span> <span class='ocrx_word' id='word_1_172' title='bbox 677 2533 736 2600; x_wconf 90' lang='lat' dir='ltr'><strong>labi</strong></span> <span class='ocrx_word' id='word_1_173' title='bbox 777 2533 945 2598; x_wconf 82' lang='lat' dir='ltr'><strong>nonraullcs</strong></span> <span class='ocrx_word' id='word_1_174' title='bbox 981 2531 1119 2598; x_wconf 80' lang='lat' dir='ltr'><strong>animad-</strong></span> 
     </span>
     <span class='ocr_line' id='line_1_28' title="bbox 198 2621 1119 2706; baseline 0 -20"><span class='ocrx_word' id='word_1_175' title='bbox 198 2635 285 2687; x_wconf 76' lang='lat' dir='ltr'><strong>serto</strong></span> <span class='ocrx_word' id='word_1_176' title='bbox 307 2623 388 2688; x_wconf 91' lang='lat' dir='ltr'><strong>inter</strong></span> <span class='ocrx_word' id='word_1_177' title='bbox 411 2623 618 2688; x_wconf 81' lang='lat' dir='ltr'><strong>heterodoxos</strong></span> <span class='ocrx_word' id='word_1_178' title='bbox 633 2621 799 2706; x_wconf 78' lang='lat' dir='ltr'><strong>Religionis</strong></span> <span class='ocrx_word' id='word_1_179' title='bbox 813 2621 970 2686; x_wconf 84' lang='lat' dir='ltr'><strong>revelatae</strong></span> <span class='ocrx_word' id='word_1_180' title='bbox 982 2621 1119 2686; x_wconf 85' lang='lat' dir='ltr'><strong>uindices</strong></span> 
     </span>
     <span class='ocr_line' id='line_1_29' title="bbox 197 2708 1115 2796; baseline 0 -22"><span class='ocrx_word' id='word_1_181' title='bbox 197 2711 261 2796; x_wconf 82' lang='lat' dir='ltr'><strong>qui,</strong></span> <span class='ocrx_word' id='word_1_182' title='bbox 284 2714 489 2776; x_wconf 86' lang='lat' dir='ltr'><strong>necessariam</strong></span> <span class='ocrx_word' id='word_1_183' title='bbox 514 2733 550 2777; x_wconf 91' lang='lat' dir='ltr'><strong>ac</strong></span> <span class='ocrx_word' id='word_1_184' title='bbox 574 2712 681 2777; x_wconf 89' lang='lat' dir='ltr'><strong>utilem</strong></span> <span class='ocrx_word' id='word_1_185' title='bbox 706 2709 883 2776; x_wconf 87' lang='lat' dir='ltr'><strong>haminibus</strong></span> <span class='ocrx_word' id='word_1_186' title='bbox 896 2708 1115 2774; x_wconf 86' lang='lat' dir='ltr'><strong>revelationem</strong></span> 
     </span>
    </p>
   </div>
   <div class='ocr_carea' id='block_1_6' title="bbox 197 2797 1227 2885">
    <p class='ocr_par' dir='ltr' id='par_1_8' title="bbox 197 2797 1227 2885">
     <span class='ocr_line' id='line_1_30' title="bbox 197 2797 1227 2885; baseline 0 -21"><span class='ocrx_word' id='word_1_187' title='bbox 197 2799 333 2864; x_wconf 86' lang='lat' dir='ltr'><strong>diuinam</strong></span> <span class='ocrx_word' id='word_1_188' title='bbox 359 2801 559 2880; x_wconf 82' lang='lat' dir='ltr'><strong>vindicantes,</strong></span> <span class='ocrx_word' id='word_1_189' title='bbox 598 2813 819 2885; x_wconf 86' lang='lat' dir='ltr'><strong>argumentum</strong></span> <span class='ocrx_word' id='word_1_190' title='bbox 859 2812 986 2864; x_wconf 89' lang='lat' dir='ltr'><strong>sumunt</strong></span> <span class='ocrx_word' id='word_1_191' title='bbox 1024 2797 1115 2864; x_wconf 85' lang='lat' dir='ltr'><strong>ueluti</strong></span> <span class='ocrx_word' id='word_1_192' title='bbox 1226 2825 1227 2834; x_wconf 51' lang='lat'>¹</span> 
     </span>
    </p>
   </div>
   <div class='ocr_carea' id='block_1_7' title="bbox 195 2888 1117 3332">
    <p class='ocr_par' dir='ltr' id='par_1_9' title="bbox 195 2888 1117 3332">
     <span class='ocr_line' id='line_1_31' title="bbox 197 2888 1117 2976; baseline 0 -24"><span class='ocrx_word' id='word_1_193' title='bbox 197 2890 398 2975; x_wconf 91' lang='lat' dir='ltr'><strong>praecipuum</strong></span> <span class='ocrx_word' id='word_1_194' title='bbox 421 2909 458 2954; x_wconf 87' lang='lat' dir='ltr'><strong>ex</strong></span> <span class='ocrx_word' id='word_1_195' title='bbox 481 2910 520 2954; x_wconf 89' lang='lat' dir='ltr'><strong>cc</strong></span> <span class='ocrx_word' id='word_1_196' title='bbox 542 2888 747 2976; x_wconf 88' lang='lat' dir='ltr'><strong>corruptionis</strong></span> <span class='ocrx_word' id='word_1_197' title='bbox 770 2902 798 2952; x_wconf 92' lang='lat' dir='ltr'><strong>et</strong></span> <span class='ocrx_word' id='word_1_198' title='bbox 825 2888 1015 2971; x_wconf 87' lang='lat' dir='ltr'><strong>ignorantiae</strong></span> <span class='ocrx_word' id='word_1_199' title='bbox 1036 2900 1117 2952; x_wconf 92' lang='lat' dir='ltr'><strong>statu</strong></span> 
     </span>
     <span class='ocr_line' id='line_1_32' title="bbox 196 2974 1115 3063; baseline -0.001 -22"><span class='ocrx_word' id='word_1_200' title='bbox 196 2979 227 3042; x_wconf 90' lang='lat' dir='ltr'><strong>in</strong></span> <span class='ocrx_word' id='word_1_201' title='bbox 252 2997 314 3061; x_wconf 90' lang='lat' dir='ltr'><strong>quo</strong></span> <span class='ocrx_word' id='word_1_202' title='bbox 338 2979 587 3044; x_wconf 84' lang='lat' dir='ltr'><strong>nascihuminee</strong></span> <span class='ocrx_word' id='word_1_203' title='bbox 620 2977 807 3063; x_wconf 84' lang='lat' dir='ltr'><strong>experimur.</strong></span> <span class='ocrx_word' id='word_1_204' title='bbox 847 2979 884 3040; x_wconf 86' lang='lat' dir='ltr'><strong>At</strong></span> <span class='ocrx_word' id='word_1_205' title='bbox 918 2974 1115 3060; x_wconf 85' lang='lat' dir='ltr'><strong>splendidum</strong></span> 
     </span>
     <span class='ocr_line' id='line_1_33' title="bbox 195 3065 1115 3150; baseline -0.004 -19"><span class='ocrx_word' id='word_1_206' title='bbox 195 3087 231 3132; x_wconf 88' lang='lat' dir='ltr'><strong>nc</strong></span> <span class='ocrx_word' id='word_1_207' title='bbox 255 3081 400 3150; x_wconf 86' lang='lat' dir='ltr'><strong>vegetum</strong></span> <span class='ocrx_word' id='word_1_208' title='bbox 424 3080 455 3131; x_wconf 93' lang='lat' dir='ltr'><strong>et</strong></span> <span class='ocrx_word' id='word_1_209' title='bbox 478 3065 583 3132; x_wconf 86' lang='lat' dir='ltr'><strong>efficax</strong></span> <span class='ocrx_word' id='word_1_210' title='bbox 605 3065 698 3132; x_wconf 83' lang='lat' dir='ltr'><strong>fucrit</strong></span> <span class='ocrx_word' id='word_1_211' title='bbox 721 3065 859 3130; x_wconf 87' lang='lat' dir='ltr'><strong>nativum</strong></span> <span class='ocrx_word' id='word_1_212' title='bbox 884 3079 1005 3128; x_wconf 86' lang='lat' dir='ltr'><strong>creatae</strong></span> <span class='ocrx_word' id='word_1_213' title='bbox 1029 3083 1115 3128; x_wconf 87' lang='lat' dir='ltr'><strong>tuen·</strong></span> 
     </span>
     <span class='ocr_line' id='line_1_34' title="bbox 197 3151 1113 3241; baseline 0 -25"><span class='ocrx_word' id='word_1_214' title='bbox 197 3156 235 3220; x_wconf 87' lang='lat' dir='ltr'><strong>tis</strong></span> <span class='ocrx_word' id='word_1_215' title='bbox 259 3155 375 3232; x_wconf 77' lang='lat' dir='ltr'><strong>lumem</strong></span> <span class='ocrx_word' id='word_1_216' title='bbox 399 3169 469 3221; x_wconf 88' lang='lat' dir='ltr'><strong>sunt</strong></span> <span class='ocrx_word' id='word_1_217' title='bbox 495 3157 612 3241; x_wconf 84' lang='lat' dir='ltr'><strong>absque</strong></span> <span class='ocrx_word' id='word_1_218' title='bbox 636 3155 732 3221; x_wconf 90' lang='lat' dir='ltr'><strong>dubio</strong></span> <span class='ocrx_word' id='word_1_219' title='bbox 755 3157 907 3224; x_wconf 85' lang='lat' dir='ltr'><strong>veritates.</strong></span> <span class='ocrx_word' id='word_1_220' title='bbox 936 3152 977 3218; x_wconf 86' lang='lat' dir='ltr'><strong>ad</strong></span> <span class='ocrx_word' id='word_1_221' title='bbox 1011 3151 1113 3218; x_wconf 86' lang='lat' dir='ltr'><strong>Deum</strong></span> 
     </span>
     <span class='ocr_line' id='line_1_35' title="bbox 195 3243 934 3332; baseline 0 -24"><span class='ocrx_word' id='word_1_222' title='bbox 195 3245 395 3329; x_wconf 90' lang='lat' dir='ltr'><strong>pertinentes,</strong></span> <span class='ocrx_word' id='word_1_223' title='bbox 418 3265 497 3332; x_wconf 91' lang='lat' dir='ltr'><strong>quae</strong></span> <span class='ocrx_word' id='word_1_224' title='bbox 521 3244 596 3310; x_wconf 92' lang='lat' dir='ltr'><strong>illud</strong></span> <span class='ocrx_word' id='word_1_225' title='bbox 621 3245 748 3310; x_wconf 89' lang='lat' dir='ltr'><strong>omnino</strong></span> <span class='ocrx_word' id='word_1_226' title='bbox 772 3243 934 3310; x_wconf 86' lang='lat' dir='ltr'><strong>excedunt.</strong></span> 
     </span>
    </p>
   </div>
   <div class='ocr_carea' id='block_1_8' title="bbox 0 0 1246 3975">
    <p class='ocr_par' dir='ltr' id='par_1_10' title="bbox 0 0 1246 3975">
     <span class='ocr_line' id='line_1_36' title="bbox 0 0 1246 3975; baseline 0 3"><span class='ocrx_word' id='word_1_227' title='bbox 0 0 1246 3975; x_wconf 95' lang='lat' dir='ltr'><strong> </strong></span> 
     </span>
    </p>
   </div>
  </div>
 </body>
</html>
