2484 3975
202 227 267 293 538
577 248 747 306 oruscutuu

267 314 457 382 intendimus
479 327 581 382 autem
605 317 768 382 ostendere
793 315 973 401 positionem
999 318 1122 402 praedi·

199 419 279 477 ctam
304 426 366 469 non
390 405 492 470 minus
512 420 620 470 contra
645 405 858 492 philosophiae
882 404 1029 490 principia
1054 428 1123 472 esse

199 515 293 579 quatu
317 507 423 558 contra
446 493 521 558 tidei
542 494 739 560 documenta.
765 493 808 572 Et,
841 497 912 578 quia
936 495 1122 579 quibusdam

198 583 229 647 in
254 584 311 647 lvac
334 581 461 647 materia
487 582 582 647 verba
605 583 783 648 Latinarum
811 603 872 647 non
905 585 1038 668 sapiunt,
1064 585 1124 650 sed

219 671 464 756 eripatcticorum
487 669 580 736 verba
618 673 727 738 sectari
765 691 798 736 se
832 671 948 748 dicunt,
987 692 1122 756 quorum

197 692 291 824 libros
314 760 345 824 in
370 760 427 824 ltac
450 761 576 825 materia
601 782 760 848 nunquam
791 759 944 838 viderunt,
970 760 1027 826 nisi
1054 761 1123 827 dri·

196 848 311 913 stotelis
333 848 386 933 qui
411 847 466 912 luit
488 862 589 914 sectae
606 851 821 935 peripateticae
838 848 1001 928 institutor,
1017 862 1122 916 osten-

196 935 307 1003 demus
328 936 512 1024 positionem
536 939 723 1024 praedictam
747 938 813 1023 ejus
837 937 936 1002 verbis
954 952 984 1002 et
995 952 1122 1004 senten·

197 1026 257 1092 tiae
281 1045 453 1112 repugnare
476 1027 615 1091 omuino.

201 1159 204 1164 -
263 1113 444 1199 decipienda
487 1127 533 1179 est
568 1135 643 1200 ergo
680 1115 777 1202 prima
815 1113 954 1179 definitio
983 1114 1118 1190 animae,

195 1222 290 1289 quam
313 1202 488 1269 Aristotcles
510 1205 597 1289 pouit
618 1203 687 1290 (de
700 1206 819 1282 tlnimn,
840 1203 888 1288 i)
904 1203 1008 1268 dicens
1032 1205 1119 1290 quod

196 1292 298 1376 aninpa
322 1306 367 1356 est
390 1303 501 1356 «aetus
517 1291 636 1378 primus
651 1296 788 1378 corporis
806 1292 920 1381 physici
938 1293 1073 1376 organici
1086 1319 1120 1358 ι.

195 1378 243 1455 Ει,
265 1400 305 1445 ne
327 1379 406 1444 forte
428 1378 538 1466 aliquis
560 1380 675 1446 diceret
707 1383 786 1448 ltanc
819 1381 1030 1446 definitionem
1055 1402 1120 1448 non

194 1469 281 1534 umni
305 1470 426 1534 animae
449 1483 636 1556 competere,
659 1483 784 1555 propter
821 1471 879 1534 hoe
917 1467 1000 1555 qood
1022 1489 1118 1556 supra

194 1557 253 1622 sub
277 1556 453 1624 conditione
476 1557 602 1622 diverat:
633 1558 723 1624 «Sed
747 1572 866 1646 oportet
893 1557 1008 1644 aliquid
1031 1579 1116 1623 com·

195 1666 291 1712 mune
313 1648 343 1712 in
368 1647 453 1712 omni
476 1648 579 1710 anima
603 1646 705 1713 dicere
720 1675 753 1726 ι,
776 1647 858 1734 qnod
882 1646 1056 1731 intelligunt
1071 1648 1117 1714 sic

195 1733 311 1803 dictum
335 1736 421 1820 quasi
445 1736 504 1800 lvoc
526 1754 593 1800 esse
617 1757 679 1802 non
703 1741 807 1823 possit,
834 1735 1009 1822 accipienda
1044 1749 1116 1801 sunt

197 1824 289 1888 verba
312 1823 379 1908 ejus
417 1825 586 1908 sequentia3
624 1825 695 1890 dicit
733 1826 826 1890 enirn:
869 1823 1117 1891 «Universaliter

193 1912 320 1999 quidem
345 1912 462 1977 dietum
487 1927 533 1976 est
555 1912 628 1999 quid
652 1915 690 1979 sit
713 1915 826 1993 animm
841 1914 1009 1978 substantia
1032 1913 1116 1980 onitu

193 2014 241 2066 est
264 2022 344 2087 quae
366 2002 538 2067 secundum
563 2004 724 2081 rationem,
748 2004 807 2069 hoc
831 2018 933 2068 autern
956 2016 1002 2067 est
1031 2002 1116 2089 quod

192 2089 266 2176 quid
289 2104 355 2154 erat
379 2089 556 2174 hujusmodi
580 2094 764 2177 carpones,
793 2093 823 2156 id
847 2105 892 2155 est
917 2090 1016 2156 lorme
1041 2092 1116 2157 sub-

193 2178 343 2243 stantialis
365 2178 503 2263 corporis
526 2179 642 2265 physici
656 2182 812 2265 organici.
839 2180 882 2259 Et,
905 2200 944 2243 ne
968 2177 1046 2243 lortc
1068 2179 1115 2245 di·

192 2280 280 2331 catur
306 2267 345 2332 ab
384 2270 441 2332 hac
478 2267 706 2333 universalitate
743 2285 860 2353 partem
896 2266 1112 2333 intellectivam

192 2355 324 2430 excludi,
348 2356 408 2420 ltoo
430 2370 606 2421 removetur
631 2377 685 2441 per
718 2355 748 2421 id
772 2358 855 2443 quod
891 2369 995 2443 postea
1029 2356 1114 2433 dicte

199 2443 321 2526 «Quod
345 2445 471 2529 quidem
497 2444 589 2529 igitur
613 2466 675 2509 non
702 2446 740 2510 sit
762 2448 864 2511 anima
892 2442 1071 2531 separabilis
1094 2468 1113 2511 a

191 2552 321 2618 corpore
344 2548 396 2597 aut
420 2546 520 2618 partes
543 2528 695 2619 quaedam
713 2534 817 2619 ipsius,
839 2535 864 2599 si
882 2533 1032 2619 partibilis
1056 2554 1112 2600 na·

190 2622 327 2686 turaliter
337 2636 394 2699 est,
407 2643 468 2687 non
484 2621 724 2687 immanifestum
737 2638 792 2699 est;
808 2622 1012 2709 quarumdem
1026 2624 1110 2689 onim

190 2723 275 2775 actus
298 2712 430 2795 partium
453 2723 506 2775 est
529 2712 674 2797 ipsorum.
691 2714 727 2776 At
744 2732 816 2777 vcro
833 2709 1003 2775 seeundum
1020 2732 1110 2797 quas·

189 2798 261 2864 dant
287 2800 362 2863 niltil
386 2800 538 2885 prohibet,
563 2815 687 2887 propter
709 2800 739 2864 id
764 2800 846 2887 quod
864 2799 979 2863 nullius
1000 2818 1111 2886 corpa-

189 2886 230 2951 ris
252 2900 324 2951 sunt
346 2904 432 2953 actus
447 2910 479 2957 a:
501 2889 585 2973 quod
608 2908 670 2953 non
696 2902 792 2973 potest
817 2888 941 2973 intelligi
979 2887 1036 2952 nisi
1070 2890 1112 2955 de

188 2975 236 3040 lvio
260 2995 339 3059 quae
361 2975 399 3039 ad
424 2989 543 3062 partem
566 2976 780 3042 intellectivam
801 2978 962 3064 pertinent,
979 2992 1051 3062 puta
1069 2975 1109 3042 de

188 3063 343 3129 intellectu
367 3079 397 3129 et
421 3064 586 3130 voluntate.
609 3066 651 3130 Ex
673 3086 735 3151 quo
758 3064 918 3131 manifeste
935 3064 1108 3131 ostenditur

186 3152 267 3228 illius
289 3154 410 3218 animae
433 3171 526 3239 quam
550 3174 643 3239 supra
689 3154 900 3219 universaliter
936 3153 1116 3233 delinierat,v

187 3241 292 3306 dicens
316 3262 385 3307 earn
408 3262 477 3307 csse
499 3244 636 3329 corporis
673 3255 786 3321 actum,
819 3241 969 3329 quasdem
1007 3254 1110 3327 partes

186 3331 391 3416 quarumdam
415 3332 547 3417 partium
569 3332 707 3417 corporis
734 3346 818 3397 ectus
841 3350 918 3410 esse;
956 3329 1107 3417 quasdam

186 3431 289 3483 autern
313 3419 425 3484 nullius
448 3421 584 3505 corporis
607 3436 692 3485 aetus
714 3440 790 3486 esse.
815 3420 904 3485 Aliud
942 3432 989 3483 est
1022 3418 1107 3485 cnitu

186 3506 322 3571 animam
344 3526 412 3572 esse
433 3521 535 3572 actum
558 3515 707 3595 corporis,
734 3522 764 3574 ct
786 3508 868 3578 aliud
895 3520 1014 3595 partem
1040 3503 1111 3592 ejte
