2484 3975
362 256 399 301 ue
422 255 574 303 cutucuus
596 251 729 300 utruntc
945 236 1009 305 ter

95 326 317 401 murmuret
340 324 384 391 sic
406 324 438 390 iu
462 324 631 400 infinitum:
657 322 740 389 unde
762 324 924 405 gerrcrutio
947 348 1009 395 nou

94 429 138 483 ert
157 414 213 482 uiui
236 414 407 501 componit
431 415 555 503 proprie
578 412 743 500 loquendo.
787 418 790 427 “

152 502 319 571 Sciendum
341 516 387 569 ιιι
409 504 502 570 etium
525 501 608 591 quoti
632 502 759 569 materie
783 500 882 587 primo
899 501 1010 571 dicitur

92 613 150 659 uuo
171 612 303 659 numero
325 592 355 657 in
380 592 535 659 omnibus.
559 589 620 655 Sed
644 611 741 657 uuum
780 608 911 657 numero
934 592 1010 659 dici·

91 696 138 748 tur
156 680 278 747 duobus
300 679 412 760 modio,
434 682 559 747 scilicet:
582 679 665 765 quod
702 679 796 745 habet
829 699 924 745 uuum
947 679 1009 751 for·

90 790 169 836 mem
191 770 428 837 determinatum
451 771 483 834 iu
506 788 649 845 υυιυεῐο,
683 770 761 835 sicut
794 767 947 843 Socrates,
980 783 1011 836 et

90 858 147 925 hoc
168 858 263 925 rncdc
286 860 416 925 materia
440 859 539 945 primu
564 856 756 923 condicitur
780 877 841 924 unu
866 876 1013 937 numero,

89 968 157 1015 cum
180 949 212 1014 iu
235 968 270 1014 ee
299 968 362 1013 uon
400 946 512 1013 habeut
546 947 680 1033 uliqueru
719 945 862 1013 iormutn:
898 946 1011 1013 dicitur

90 1037 179 1102 etiem
202 1034 317 1123 aliquid
340 1056 438 1103 uuum
463 1055 594 1103 numeru
616 1037 688 1121 quio
722 1035 857 1101 estsine
882 1034 1011 1122 dispesi-

89 1126 220 1191 tiunibue
242 1144 323 1211 quoe
344 1124 459 1191 iaciunt
482 1123 606 1191 differre
627 1124 799 1191 secundum
831 1144 1009 1205 numerum,

89 1227 119 1279 et
140 1214 198 1280 huc
220 1214 313 1281 modo
343 1213 455 1281 dicitur
475 1213 603 1279 materie
627 1214 725 1300 priuto
748 1232 843 1281 unum
868 1234 1009 1295 nurnero,

89 1302 157 1389 quio
180 1301 359 1385 intelligitur
381 1304 447 1370 tine
462 1303 609 1369 omuibus
647 1301 896 1387 dispositionibus
930 1322 1010 1389 quoe

87 1390 199 1457 iaciunt
221 1390 346 1457 differre
368 1411 499 1462 numero
521 1391 569 1458 tei
592 1411 609 1457 o
633 1392 747 1477 quibus
770 1406 814 1457 eet
838 1390 1008 1460 differentia

86 1501 117 1546 re
139 1500 280 1545 numero.

150 1568 317 1635 Sciendum
340 1570 432 1635 etium
455 1569 551 1655 quod,
574 1569 645 1639 licet
668 1568 796 1635 muterie
821 1569 921 1655 primo
944 1591 1007 1639 uuo

86 1657 197 1724 hebent
219 1658 251 1724 iu
273 1677 330 1723 cue
353 1659 472 1726 roticue
494 1657 630 1743 aliquem
669 1658 802 1725 tormen
827 1657 875 1724 tei
908 1662 1010 1743 prire-

87 1747 213 1822 tionem,
235 1747 312 1813 sicut
337 1747 367 1811 in
391 1745 510 1812 cutione
548 1750 628 1813 cerie
661 1768 723 1813 non
762 1759 808 1811 est
842 1746 1008 1830 figuratum

84 1834 131 1901 cei
167 1835 377 1918 infiguratum,
413 1836 541 1901 materie
575 1849 679 1901 tomen
714 1855 873 1919 nunquam
912 1834 1009 1906 denu-

83 1922 174 1992 dctur
195 1945 214 1991 u
236 1922 335 1990 icrmo
367 1938 398 1991 ct
420 1924 600 2013 privatione.
638 1921 833 2008 Quandoque
846 1923 929 1992 enim
964 1941 1010 1994 est

84 2014 143 2080 cub
166 2035 227 2080 unt
250 2013 360 2093 forme,
381 2013 570 2101 quandoque
590 2014 649 2080 cub
673 2014 742 2090 eliu
765 2035 821 2101 per
847 2035 881 2082 oe
904 2027 1008 2084 eutem
1040 2019 1045 2030 '

81 2124 241 2189 nunquam
275 2116 373 2189 potest
395 2123 472 2178 esen
512 2105 596 2189 quia,
629 2123 700 2170 curu
736 2103 766 2168 iu
800 2103 919 2169 cutione
952 2126 1007 2172 euu

80 2212 146 2257 uou
169 2191 280 2258 habeut
302 2193 437 2278 aliquem
460 2190 604 2271 formem,
639 2212 701 2258 non
736 2205 836 2278 potent
874 2213 942 2258 esee
976 2195 1006 2259 in

80 2295 164 2354 ectu,
186 2301 257 2346 com
281 2282 402 2346 esseio
426 2294 495 2348 ectu
531 2302 592 2348 non
614 2281 734 2347 sitnisi
765 2302 782 2344 o
807 2280 916 2359 iorum,
952 2283 1007 2348 sed

79 2383 127 2434 eet
149 2369 251 2436 cuium
274 2370 305 2434 io
331 2371 476 2455 potentin
499 2384 531 2434 et
554 2369 624 2436 ideo
648 2369 797 2457 quidquid
820 2371 912 2436 estin
937 2383 1006 2436 ectu

78 2478 143 2523 nou
156 2472 254 2543 petest
277 2460 336 2524 dici
361 2460 488 2524 muteriu
506 2458 615 2545 primu

145 2547 189 2612 Ex
211 2546 300 2614 dictio
321 2567 397 2632 crgo
440 2559 503 2612 utet
525 2548 581 2612 trie
604 2567 673 2612 csse
696 2546 844 2634 principio
868 2558 1006 2627 naturae,

74 2635 196 2702 scilicet
217 2636 390 2713 materiem,
413 2568 548 2700 germem
571 2649 603 2701 ct
626 2637 841 2723 privationum
864 2635 919 2701 sed
943 2657 1005 2702 uon

73 2738 150 2790 eunt
173 2725 251 2792 hoec
274 2723 458 2790 sufficientia
483 2722 522 2789 ud
544 2726 788 2808 generationem.
814 2723 905 2805 Quod
922 2726 1005 2790 enim

73 2825 124 2878 eet
148 2814 179 2877 in
205 2814 340 2900 potentie
363 2834 426 2878 non
451 2826 551 2900 potest
572 2835 606 2878 ee
630 2813 780 2878 reducere
818 2812 856 2878 cd
893 2827 1006 2892 actutu

72 2901 156 2968 sicot
179 2922 322 2989 cuprum,
344 2901 427 2988 quod
450 2913 497 2966 eet
519 2902 551 2966 iu
575 2902 711 2989 potentio
735 2900 774 2966 ud
790 2901 920 2980 idolum,
941 2923 1005 2968 nou

72 2988 151 3055 iecit
174 3010 208 3055 ee
232 2990 363 3069 idolum,
385 2989 440 3056 ced
463 2989 580 3075 indiget
600 3004 750 3076 operante
774 2991 812 3055 od
829 2990 889 3054 hoc
922 2992 1005 3076 quod

71 3077 178 3145 formu
202 3078 275 3146 tdoti
298 3092 386 3144 exeat
408 3079 448 3146 de
471 3082 605 3166 pctcutia
631 3082 661 3145 in
685 3096 797 3145 ectum.
835 3079 947 3144 Formo
971 3101 1004 3144 c·

72 3168 154 3232 tium
178 3189 241 3234 nou
266 3180 367 3254 petest
388 3189 422 3232 re
445 3169 607 3234 extrahere
631 3170 670 3233 de
687 3168 821 3254 potentie
846 3168 876 3230 in
891 3183 1004 3234 ectum:

69 3268 103 3320 et
129 3255 242 3342 loquor
265 3257 304 3323 de
331 3256 602 3342 fermentante,
636 3277 730 3344 quoru
769 3257 901 3322 dioiunu
936 3277 1005 3322 esse

68 3347 245 3412 terminum
268 3345 484 3431 generationis.
506 3345 620 3412 Furnio
643 3348 726 3412 cuitu
759 3364 822 3410 nou
860 3358 907 3409 ost
944 3346 1002 3412 uici

67 3432 104 3498 iu
142 3432 223 3500 fecto
260 3455 337 3502 cseez
360 3434 444 3521 quod
465 3449 570 3500 eutem
595 3449 742 3522 operetur
779 3447 825 3500 cet
859 3434 890 3498 in
925 3434 1003 3510 fleri,

67 3519 152 3593 dum
177 3543 227 3595 ree
251 3524 293 3593 tit.
317 3521 447 3612 Oportet
468 3544 543 3610 ergo
566 3538 689 3613 praeter
713 3523 873 3590 materiem
897 3538 928 3589 et
943 3523 1003 3590 ior·
