2484 3975
452 228 508 273 uta.
533 228 570 275 ιιι.
594 228 659 275 car.
683 231 710 274 r.
985 209 1023 277 ιι

156 297 259 373 item,
283 294 434 363 Dominus
457 296 541 366 dicit:
571 297 725 364 Desceaoli
756 298 796 367 ete
832 298 927 376 coelo,
964 318 1028 364 non

106 399 141 457 ιιι
161 388 275 471 sociam
297 387 486 451 uoluntatem
508 406 621 465 meum,
653 387 709 453 ceti
738 388 927 453 voluntatem
959 389 1027 472 ejus

106 477 160 560 qni
175 477 259 542 misit
278 496 337 553 mc,
370 478 470 553 loom,
502 473 534 553 6,
554 474 610 541 38:
637 474 786 558 Clurilico
807 497 855 541 me
879 486 910 541 ιιι
932 476 1027 541 Potor

106 566 193 648 opud
210 566 410 649 temetipsum,
440 564 539 637 loau.
575 564 628 640 tt,
651 564 681 629 t.
704 564 745 630 Ειι
783 565 896 650 quibus
929 566 1027 631 omui·

107 653 165 719 irus
187 665 218 719 et
240 652 390 720 similibus
414 652 585 723 ostenditur
607 653 702 719 Filius
724 672 792 719 esse
809 652 1027 719 aliusaPatre.

174 742 278 809 Potest
293 754 402 806 autem
426 740 495 819 dici,
520 741 691 807 secundam
714 740 794 809 hauc
831 741 1030 829 positionem,

107 830 190 917 quod
214 830 351 898 Christus
373 828 484 897 dicitur
506 831 598 896 Filius
622 831 679 896 Dei
713 829 825 897 Patris
844 830 945 897 soltun
979 850 1027 897 sc·

107 920 243 986 cundum
266 920 435 985 humanam
458 930 609 996 naturam,
632 919 704 1005 quia
728 918 920 1005 sciliectipsc
943 919 1027 986 Deus

107 1009 197 1075 Pater
219 1009 386 1075 humanam
411 1020 551 1074 naturam
584 1026 678 1093 quam
716 1008 880 1096 assumpsit
913 1010 1028 1075 creavit

108 1112 138 1163 et
160 1096 366 1167 sanctificavit.
383 1095 456 1161 Sic
448 1096 616 1183 igituripse
638 1095 810 1164 secundum
825 1096 1025 1176 divinitatem,

110 1185 254 1272 suiipsius
276 1184 447 1253 secundum
471 1186 696 1253 humanitatem
724 1184 834 1251 dieitur
871 1185 972 1263 Pater3
994 1200 1027 1251 et

109 1276 150 1341 ita
173 1275 265 1339 etiam
289 1274 365 1341 nibil
389 1274 531 1358 prohibet
552 1273 699 1339 ettmdem
722 1274 894 1340 secundum
917 1275 1027 1339 huma·

110 1363 236 1429 nitatem
258 1362 435 1431 distinctum
458 1382 526 1430 esse
550 1383 567 1429 a
589 1362 692 1449 seipso
725 1362 896 1430 secundum
918 1362 1027 1429 diviui-

109 1465 211 1519 tatem.

174 1540 237 1606 Sed
260 1538 432 1607 secundum
456 1538 516 1605 hoe
555 1552 738 1623 sequeretur
774 1539 859 1625 quod
891 1537 1029 1607 Cbristus

109 1629 230 1695 dicatur
253 1629 346 1693 Filius
370 1627 426 1692 Dei
449 1628 528 1695 sicut
550 1641 580 1693 et
607 1628 658 1693 alii
681 1628 832 1706 homines,
848 1628 896 1693 vel
912 1630 1030 1695 ratione

108 1718 272 1784 creationis
295 1716 343 1783 vel
366 1717 486 1783 ratione
508 1716 771 1784 sanctificationis.
795 1715 962 1783 ostensum
985 1732 1031 1783 est

109 1821 212 1873 autem
235 1806 318 1892 quod
341 1804 400 1873 alia
423 1807 541 1871 ratione
566 1805 705 1873 Christus
728 1805 839 1872 dicitur
853 1805 913 1871 Dei
937 1804 1032 1873 Filius

109 1916 202 1980 quam
226 1895 277 1960 alii
300 1894 412 1961 Sancti
436 1892 535 1960 Non
527 1895 620 2002 rgitpr
645 1894 908 1981 modopraedicto
933 1908 1033 1983 potest

110 1984 238 2070 intelligi
260 1983 376 2072 quod
369 2005 433 2071 tpse
456 1983 548 2052 Pater
569 1984 608 2050 sit
630 1982 768 2052 Christus
790 2000 823 2052 ct
852 1983 946 2052 Filius
968 1986 1032 2052 sui·

111 2073 215 2160 ipsius.

178 2162 349 2240 Praeterea,
373 2161 486 2228 Ubicst
513 2181 609 2229 uuum
634 2162 826 2249 suppositum
849 2162 1031 2242 subsistens,

115 2249 240 2334 plurslis
264 2251 450 2336 praedicatio
474 2272 536 2317 uon
575 2251 731 2335 recipitur.
768 2251 905 2317 Christus
926 2265 1031 2318 autem

112 2337 152 2403 tle
167 2359 201 2403 se
223 2352 253 2404 et
275 2339 314 2404 de
338 2340 427 2405 Patre
450 2339 607 2425 pluraliter
638 2339 782 2426 loquitur,
816 2340 931 2406 dicens:
965 2338 1029 2424 Epo

114 2438 144 2491 et
157 2426 249 2491 Potor
269 2429 619 2508 conmaculatos..
645 2429 698 2505 ιιι,
720 2429 773 2496 30.
795 2428 863 2494 Non
885 2441 931 2494 est
953 2448 1028 2513 ergo

116 2515 229 2581 Filiusi
233 2535 285 2601 pse
307 2515 407 2582 Pater.

173 2603 289 2682 lldbuc,
312 2604 343 2670 Si
367 2603 461 2670 Filius
483 2625 500 2669 a
524 2603 614 2670 Patre
637 2625 700 2697 nou
736 2552 932 2690 ‹listinguitur
968 2604 1027 2671 uisi

115 2712 170 2779 per
199 2692 415 2759 incarnationis
451 2693 643 2778 mysterium,
679 2687 750 2759 a'ute
786 2694 1028 2760 incarnationem

115 2782 242 2846 omniuo
267 2782 358 2848 nulla.
372 2781 526 2848 distinctio
559 2796 634 2848 erat.
665 2782 822 2848 invenitur
855 2797 958 2850 autem
991 2803 1033 2861 ert

116 2869 285 2956 Scriptura,
308 2873 401 2938 etiam
425 2886 496 2936 aute
519 2871 774 2947 incarnationem,
796 2872 918 2939 Filiusa
941 2873 1034 2940 Patre

117 2957 211 3024 luisse
234 2959 402 3025 dis.tinetus
430 2960 548 3026 Dicitur
584 2962 678 3025 enim·
702 2961 738 3025 ln
773 2963 929 3046 principio
965 2973 1035 3029 eret

124 3046 264 3126 Verbum,
287 3060 316 3112 et
344 3048 472 3114 Verbum
488 3059 557 3112 arat
576 3050 663 3132 apud
685 3050 795 3128 Deum,
817 3061 847 3115 et
871 3050 1037 3117 Denso-rot

125 3135 264 3218 totam,
297 3137 395 3216 ioan,
432 3137 461 3214 l,
486 3137 515 3214 l;
537 3136 673 3204 Verbum
704 3140 806 3225 igitur,
828 3138 912 3225 quod
954 3139 1038 3226 aputl

116 3224 218 3290 Deum
241 3239 317 3305 erat,
340 3186 473 3312 aliquam
498 3185 725 3293 ‹listiuctiouem
748 3227 876 3312 abipso
892 3226 1035 3294 habebat.

119 3313 211 3379 habet
233 3315 316 3382 enim
340 3317 398 3380 boc
420 3315 610 3381 cousuetudo
634 3314 779 3401 loquendi
798 3329 832 3380 ut
854 3315 932 3399 alius
954 3317 1037 3399 apud
1137 3352 1140 3359 ·

119 3402 296 3482 aliumesse
319 3403 447 3470 dicatur.
470 3403 615 3471 Similiter
649 3404 743 3470 etiam
779 3405 902 3488 genitus
928 3425 946 3469 a
969 3405 1036 3471 Deo

118 3490 239 3558 dicitur:
266 3492 340 3558 Cum
357 3514 397 3560 ¹co
413 3513 498 3560 mum
522 3513 703 3580 component
725 3504 845 3575 caneto,
877 3492 1036 3572 Proscrb„
