2484 3975
211 214 277 281 ttt
587 234 758 281 oruscururr

209 304 295 370 llulti
316 305 400 370 enim
424 316 526 370 motos
549 306 683 370 ordinari
697 305 839 371 videntur
852 304 1023 370 admotum
1040 304 1140 371 unius

208 394 338 498 stellam·
349 408 380 460 et
402 394 482 459 sicut
504 395 608 460 omnia
632 395 690 459 alia
724 414 854 497 corpora
893 390 1034 459 caelestia
1073 394 1141 460 sub

206 504 270 549 uno
292 484 394 569 primo
416 483 503 547 caelo
535 484 741 561 eontinentur,
779 480 866 569 cujus
904 496 989 548 motu
1027 484 1139 548 omnia

208 572 267 637 alia
290 571 499 648 revolvuntur,
522 572 562 635 ita
601 574 693 637 etiarn
729 572 787 637 sub
826 574 926 659 prima
964 569 1142 637 substantia

206 673 357 746 separata,
379 680 460 746 quae
482 673 528 725 est
551 681 632 726 unus
656 661 749 739 Deus,
773 680 882 725 omnes
898 661 1140 725 aliaesubstan·

207 751 266 814 tiae
289 764 449 836 separatae
471 750 663 827 ordinantur3
686 763 716 814 et
740 750 783 815 sic
816 750 877 815 sub
903 751 1006 815 anima
1041 750 1141 836 primi

209 838 284 903 caeli
319 858 427 903 omnes
449 838 606 902 caelorum
628 839 762 903 animae.

119 1000 123 1008 ,
274 927 341 995 Sub
379 926 560 1011 corporibus
595 942 698 992 autem
733 927 927 1006 caelestibus,
960 925 1138 992 seeundum

208 1015 413 1092 Aristotelem,
436 1029 594 1101 ponuntur
616 1016 749 1082 animata
773 1018 837 1084 sola
860 1037 989 1103 corpora
1013 1014 1137 1080 anima·

206 1104 282 1170 lium
306 1118 341 1177 et
359 1104 542 1191 plantarum
566 1103 633 1169 Non
657 1106 740 1169 enim
764 1108 865 1208 posuit
889 1104 971 1191 quod
1006 1103 1136 1190 aliquod

205 1193 335 1296 simplex
358 1192 547 1257 elementare
569 1213 681 1279 corpus
718 1195 814 1281 possit
847 1215 915 1259 esso
949 1193 1135 1267 animatum,

204 1283 276 1368 quia
299 1302 412 1368 eorpus
448 1282 577 1367 simplex
611 1303 674 1347 non
710 1297 809 1371 potest
842 1304 910 1349 esse
944 1282 1138 1347 conveniens

203 1391 355 1455 organum
379 1383 487 1447 taetus,
510 1373 561 1473 qui
585 1392 694 1435 sensus
717 1386 763 1438 est
786 1373 825 1438 de
838 1373 1019 1438 rteoessuate
1030 1391 1137 1454 cujus

203 1460 277 1525 libet
300 1458 451 1538 animalis,
473 1473 503 1523 et
526 1461 569 1524 sic
592 1461 672 1524 inter
695 1482 752 1526 nos
775 1475 805 1526 et
826 1482 957 1545 corpora
988 1459 1134 1525 caelestia

203 1548 424 1613 intermedium
447 1568 559 1633 corpus
582 1549 753 1614 animatum
776 1552 920 1653 ponebat.
944 1548 994 1614 Sia
1028 1547 1138 1631 igitur,

202 1637 376 1703 secundum
400 1636 566 1701 Aristotelis
590 1639 785 1742 positionem,
808 1642 888 1705 inter
911 1658 967 1703 nos
989 1649 1019 1702 et
1047 1658 1134 1701 rum-

204 1746 291 1791 mum
313 1727 415 1791 Deum
439 1746 500 1790 non
525 1728 650 1813 ponitur
675 1729 732 1792 nisi
756 1728 869 1815 duplex
900 1727 977 1792 ordo
1011 1725 1137 1791 intelle-

203 1816 350 1880 ctualium
373 1814 624 1893 substantiarum,
647 1817 761 1881 sorlrret
772 1818 961 1882 substantiae
973 1830 1136 1899 separatae

204 1917 379 2007 quaesunt
413 1902 491 1967 lines
514 1917 654 1967 motuum
690 1906 867 1971 caelestium
901 1923 1078 2002 corporum,
1104 1918 1135 1969 et

203 1993 325 2058 animae
348 1993 485 2072 orbium,
504 2013 586 2079 quae
607 2008 679 2060 sunt
701 2011 862 2062 moventes
890 2015 945 2083 per
960 1994 1134 2080 appetitum

202 2095 233 2148 et
256 2081 453 2148 desiderium

268 2172 350 2237 Haec
373 2183 476 2236 autem
499 2171 667 2236 Aristotelis
706 2172 817 2258 positio
852 2172 964 2237 certior
1001 2171 1133 2256 quidem

201 2202 333 2338 ¹uidetur,
355 2280 393 2324 eo
416 2260 499 2347 quod
522 2280 585 2324 non
610 2261 741 2325 multum
756 2260 881 2326 recedit
905 2263 943 2325 ab
966 2260 1014 2324 lris
1049 2280 1134 2345 quae

201 2363 273 2414 sunt
296 2346 458 2414 manifesta
481 2349 652 2414 seeundum
676 2371 812 2422 sensum,
836 2349 1135 2414 tamenminussui-

200 2437 307 2503 ficiens
329 2437 449 2502 videtur
472 2458 565 2522 quam
590 2439 724 2504 Platonis
748 2439 868 2525 positio.

267 2527 372 2592 Primo
402 2527 539 2612 quidem,
573 2529 645 2613 quia
683 2527 777 2592 multa
811 2526 984 2592 secundnm
1018 2546 1134 2592 sensus

200 2629 359 2704 apparent,
382 2636 514 2702 quorum
538 2618 615 2681 ratio
639 2616 727 2682 reddi
749 2637 813 2682 non
840 2629 939 2702 potest
955 2615 1131 2680 seeundum

199 2727 236 2771 ea
259 2725 340 2790 quae
362 2705 400 2770 ab
423 2706 583 2770 Aristotele
607 2705 778 2771 traduntur.
803 2706 935 2791 Apparet
975 2705 1069 2779 enirn,
1095 2703 1130 2769 in

199 2795 380 2860 hominibus
406 2813 486 2878 quae
510 2817 527 2857 a
550 2793 755 2860 daemonibus
788 2796 1004 2880 opprimuntur
1041 2792 1131 2858 etin

196 2903 360 2967 magorum
385 2883 540 2964 operibus,
564 2884 666 2970 aliqua
691 2883 755 2947 lieri
780 2902 843 2946 non
867 2902 959 2968 posse
988 2881 1045 2945 nisi
1070 2901 1130 2966 per

196 2972 331 3059 aliquant
343 2969 802 3038 intellectualemsubstantiam.
810 2971 1039 3035 Tentaterunt
1032 2972 1128 3052 igitur

196 3061 322 3147 quidam
346 3072 531 3124 sectatorum
558 3062 738 3135 Aristotelis,
763 3073 796 3124 ut
818 3073 901 3144 patet
926 3059 957 3122 in
989 3057 1126 3144 Epistola

197 3151 377 3251 Porphyrii·
382 3148 421 3212 ad
445 3150 639 3215 Anabontem
664 3151 852 3236 aegyptium,
877 3150 989 3213 horum
1013 3165 1127 3211 erosas

197 3237 377 3305 reducere
368 3258 405 3301 ιιι
429 3237 571 3302 virtutem
605 3239 782 3304 caelestium
801 3294 803 3300 s
821 3241 997 3321 corporum,
1036 3236 1126 3320 quasi

194 3327 252 3394 sub
287 3325 472 3412 quibusdam
512 3327 603 3391 certis
636 3327 919 3392 constellationibus
957 3343 1124 3408 magorum

196 3435 290 3500 opera
312 3414 438 3478 effeetus
460 3415 611 3498 quosdam
637 3416 775 3480 insolitus
798 3429 828 3480 et
850 3415 1005 3478 mirabiles
1040 3431 1127 3476 asse·

196 3515 349 3586 quantur,
386 3519 463 3584 quos
497 3523 534 3567 ex
567 3505 726 3570 stellarum
760 3503 1015 3590 impressionibus
1051 3519 1125 3565 essa
