2484 3975
193 205 257 272 588
419 279 422 286 ,
568 222 739 272 οευεευιυιι

193 316 290 362 unum
313 306 359 360 est
381 295 446 382 ipse
470 293 643 360 intellectus
669 307 698 358 et
732 292 850 378 speeies
879 292 1039 377 illustrata,
1076 299 1121 364 ita

192 403 289 452 unum
315 385 344 449 in
369 381 430 448 line
447 383 640 470 relinquitur,
655 381 825 449 similitudo
840 383 954 452 scilieet
970 387 1121 473 perlecta,

193 475 298 558 genita
324 487 354 540 et
376 493 521 562 expressa
546 471 584 537 ab
614 471 783 549 intellectu3
806 484 837 538 et
858 470 918 538 hoe
940 487 1040 542 tutum
1062 497 1119 544 ex·

192 583 332 647 pressum
355 577 400 628 εει
424 563 565 638 verbum,
587 575 618 627 et
639 572 687 630 est
701 575 801 629 totum·
815 565 858 630 rei
876 564 975 630 dietae
992 585 1119 652 expres·

191 652 304 730 sirum,
326 666 356 716 et
380 665 475 718 totum
500 653 531 717 in
555 671 618 738 quo
648 671 698 719 res
720 654 912 740 exprimitur3
934 663 966 717 et
987 654 1048 720 hoe
1071 655 1121 720 in·

192 741 349 808 tellectum
372 741 551 828 principale,
575 743 647 826 quia
671 763 722 808 res
757 763 819 808 neu
843 742 1023 829 intelligitur
1060 743 1120 810 nisi

191 851 240 905 eo:
264 844 309 897 est
333 831 417 896 enim
430 845 587 916 tamquam
602 831 764 918 speculum
779 831 811 898 in
828 851 890 917 qua
906 852 956 898 res
971 831 1120 911 cernitur,
1204 904 1207 910 ,
1232 882 1233 903 2

191 920 245 986 sed
269 942 333 987 nun
357 920 509 986 excedens
538 919 570 985 id
594 919 679 1003 quod
701 921 732 986 in
755 943 793 986 eo
815 922 959 988 cernitur.
984 920 1121 988 Efficitur
1232 924 1233 947 ¹

192 1011 274 1076 em'nr
298 1031 393 1097 opere
409 1023 536 1076 naturae
554 1019 588 1074 ut
603 1008 635 1073 in
650 1029 690 1074 eu
705 1008 821 1095 aliquid
837 1023 995 1088 seruatum
1007 1024 1119 1077 natura

192 1111 295 1165 autem
319 1119 382 1164 non
406 1099 476 1182 agit
494 1095 609 1184 aliquid
644 1099 810 1186 superflue,
833 1111 864 1164 et
886 1099 957 1166 ideo
981 1119 1044 1164 nun
1066 1118 1119 1167 ex·
1232 1138 1233 1163 i

191 1187 272 1253 cedit
294 1188 454 1272 speculum
479 1187 550 1260 hoe,
574 1184 606 1252 id
628 1201 675 1252 est
697 1187 729 1253 id
752 1187 835 1274 quod
859 1188 890 1254 in
923 1209 962 1254 eo
985 1187 1118 1254 ridetur.
1232 1196 1233 1265 ζ

190 1275 327 1342 Verbum
351 1276 442 1360 igitur
464 1275 566 1342 eurulis
590 1287 636 1340 est
663 1276 809 1343 ultimum
844 1275 927 1363 quod
950 1291 1051 1364 potest
1073 1278 1118 1342 iu·
1232 1294 1233 1357 ζ

191 1365 332 1432 tellectus
355 1365 386 1429 in
410 1384 444 1430 se
467 1364 600 1452 operare
624 1362 789 1464 adipsum
804 1366 887 1431 enim
904 1366 1015 1452 in‘quu
1029 1365 1119 1452 quid·
1232 1380 1233 1417 ι

191 1453 270 1519 ditas
293 1457 336 1519 rei
361 1453 520 1541 recipitur,
543 1455 605 1520 imo
629 1473 699 1538 quta
723 1454 853 1542 ipsemet
873 1469 920 1520 εει
940 1455 1119 1541 quidditatis

191 1541 370 1622 similitudo,
394 1543 575 1608 terminatur
598 1541 779 1628 intelligere.
814 1543 864 1610 Sic
901 1544 987 1610 enim
1024 1543 1120 1610 habet
1232 1562 1233 1571 ¹

191 1632 342 1700 rationem
366 1631 479 1716 objecti
502 1631 683 1709 intellectum
707 1644 740 1698 nt
762 1653 837 1698 reru
858 1646 906 1698 est
928 1654 984 1715 per
998 1633 1118 1699 intelle·

191 1733 275 1786 etum
310 1741 500 1806 expressum,
534 1720 563 1786 ei
596 1720 795 1806 cunjungitur
817 1722 920 1788 (liuere
942 1721 1005 1807 (l);
1020 1735 1053 1786 et
1074 1722 1119 1788 sie

193 1808 294 1894 ipsum
318 1808 401 1876 idem
425 1808 554 1875 verbum
578 1821 625 1874 εει
661 1810 786 1876 effeetus
823 1823 909 1876 aetus
946 1809 1118 1877 iutelleutus

191 1897 269 1982 (qui
294 1911 341 1962 εει
363 1896 543 1964 lormatirus
566 1896 707 1984 objecti)
728 1912 760 1964 et
781 1898 877 1984 ipsius
898 1898 1011 1966 dicere.
1087 1920 1091 1927 ·

258 1983 319 2053 Sed
343 1988 372 2052 in
398 1985 457 2053 hoe
481 1988 634 2073 reperitur
657 1985 828 2055 differentia
845 1989 1007 2075 quaedam.
1024 1988 1117 2071 Quod

192 2076 275 2141 euim
299 2076 477 2161 intelligitur
501 2088 600 2163 potest
622 2095 690 2141 esse
712 2078 745 2142 in
760 2078 927 2155 intellectu,
942 2093 973 2144 et
989 2098 1116 2143 manere

192 2166 222 2229 in
246 2164 402 2231 intellectu
437 2186 497 2231 non
521 2164 710 2231 intellectum
733 2179 814 2245 aetu;
838 2166 923 2252 quod
945 2179 1050 2233 autem
1072 2166 1119 2231 di-

189 2253 267 2319 citur
290 2266 478 2340 potestesse
502 2253 631 2329 dietum,
657 2254 717 2325 ised
750 2275 813 2319 nou
851 2268 954 2341 potest
988 2274 1118 2321 manere

191 2343 317 2419 uictum,
343 2343 399 2409 nisi
423 2363 494 2407 num
518 2356 587 2409 autu
609 2341 741 2427 diniturt
769 2342 853 2408 uude
890 2345 921 2409 in
960 2343 1116 2411 intellentu

191 2444 290 2516 potest
312 2451 439 2496 mettere
462 2431 579 2516 speeies
603 2430 715 2516 objecti
739 2429 771 2497 iu
798 2430 915 2499 habitu.
932 2432 1008 2499 Illud
1031 2433 1117 2501 enim

190 2518 259 2584 dieo
282 2519 365 2606 quud
389 2518 555 2585 formatum
579 2532 635 2595 est;
658 2518 713 2585 sed
737 2533 845 2586 manet
867 2520 898 2586 id
921 2521 952 2587 in
975 2543 1038 2609 quo
1053 2520 1116 2589 lur-

191 2621 309 2673 matum
333 2621 379 2675 est
400 2609 468 2673 sine
489 2608 607 2673 lumine
630 2609 662 2673 in
686 2629 749 2694 quo
773 2623 842 2675 actu
863 2609 978 2697 aliquid
1008 2610 1118 2677 intelli·

191 2696 273 2781 gitur
295 2697 358 2784 (91
384 2696 457 2763 inde
479 2708 525 2761 est
547 2695 631 2783 quod
654 2696 785 2763 verbum
806 2717 870 2763 nun
903 2714 950 2765 est
981 2700 1048 2767 sine
1071 2700 1116 2765 iu·

192 2785 330 2869 telligere
353 2786 384 2851 in
407 2800 487 2865 astu,
512 2785 583 2852 licet
606 2786 707 2871 ipsum
731 2786 921 2863 intellectum
943 2786 1064 2853 nudum
1085 2788 1118 2853 in
1232 2801 1233 2806 ’

192 2874 303 2941 habitu
327 2894 455 2941 manere
479 2874 583 2961 possit.
609 2874 736 2941 Habitus
759 2874 810 2941 irie
834 2874 946 2942 dieitur
968 2897 1031 2942 uon
1054 2876 1119 2962 ipsa

192 2963 332 3048 potentia
356 2962 556 3029 memorativa
581 2974 712 3042 tautum,
733 2983 814 3051 quae
829 2963 984 3052 praeeedit
1000 2964 1119 3031 intelle·

191 3065 287 3131 etum,
310 3051 375 3117 imo
400 3052 464 3139 ipse
487 3052 660 3119 intellectus
681 3065 728 3119 est
750 3065 840 3119 uatus
870 3053 1004 3144 retinere
1025 3073 1117 3120 suum

245 3222 285 3287 (l)
301 3222 334 3275 Ei
351 3226 516 3294 cunjuaqitur
533 3224 629 3287 dicare,
654 3225 671 3277 i.
689 3239 712 3277 e.
732 3206 765 3272 ιδ
782 3224 866 3277 diam
895 3224 1066 3293 conjungitur
1085 3229 1117 3280 ei.

242 3294 280 3360 (ᾖ)
300 3292 350 3347 Seu
367 3301 456 3346 maaet
473 3295 502 3347 id
519 3296 547 3347 tir
565 3311 652 3363 que...
671 3294 768 3348 Sensus
786 3302 834 3349 est:
864 3292 917 3350 seu
947 3297 1044 3364 speeies
1061 3295 1117 3368 jam

191 3364 304 3417 iormata
324 3366 350 3415 in
369 3367 505 3417 intellectu
525 3366 651 3435 possibili,
670 3373 759 3419 manet
776 3367 804 3419 iu
822 3382 862 3432 eo,
881 3366 927 3419 sed
944 3368 1001 3419 sine
1019 3369 1117 3422 lumine

189 3438 217 3486 irr
236 3452 288 3504 qrro
307 3440 366 3486 netu
386 3435 486 3505 aliquid
504 3436 668 3505 intelligitur,
686 3438 783 3491 seilicet
807 3454 860 3491 uon
883 3439 1014 3493 illustrata
1032 3439 1066 3493 ab
1078 3440 1114 3493 in·

191 3505 296 3559 tellecta
314 3511 414 3572 agente.
