2484 3975
206 215 271 281 5tt
507 238 562 283 un.
587 238 625 281 vv.
649 238 712 283 car.
737 237 815 281 scvt.

509 394 678 461 etnuv
721 393 822 461 xcvi.
933 360 937 365 ’

514 572 559 637 lle
582 574 671 659 finali
685 572 816 657 judicio.

267 750 308 814 En
332 750 508 834 praemissis
531 748 625 834 igitur
648 764 776 836 apparet
811 748 896 835 quod
933 748 1047 834 duplex
1079 763 1126 815 est

201 839 361 905 retributio
385 860 441 925 pro
465 839 500 903 iis
523 858 602 925 quae
626 837 722 904 bomo
755 841 786 904 iu
823 839 884 903 vita
921 840 1023 921 gessit:
1063 858 1124 903 uua

202 929 374 992 secundum
399 928 546 1004 animam,
583 947 677 1013 quam
716 927 825 1015 aliquis
858 927 986 1013 percipit
1019 929 1124 992 statim

201 1037 272 1081 oum
297 1016 397 1080 anima
422 1015 513 1081 luerit
546 1036 563 1079 a
601 1037 732 1102 corpore
769 1030 920 1101 separata;
953 1015 1015 1080 alia
1050 1038 1126 1081 vero

200 1105 361 1169 retributio
385 1106 441 1169 erit
467 1107 496 1169 in
521 1107 732 1189 resumptione
753 1124 932 1191 corporum,
951 1104 1126 1171 secundum

200 1194 283 1276 quod
308 1193 433 1277 quidam
458 1193 656 1277 impassibilia
680 1208 711 1259 et
733 1194 864 1279 gloriosa
889 1214 1030 1279 corpora,
1055 1195 1126 1278 qui·
1240 1241 1241 1278 ι

201 1283 272 1346 dam
297 1302 370 1346 vero
394 1282 546 1367 passibilia
571 1296 730 1347 resument
751 1297 781 1347 et
804 1282 960 1366 ignobilia.
977 1284 1013 1347 Et
1025 1284 1127 1367 prima
1240 1295 1241 1352 Ξ

200 1369 326 1456 quidem
351 1370 511 1435 retributio
535 1370 693 1453 sigillatim
718 1370 751 1435 lit
773 1371 912 1457 singulis,
950 1371 1133 1437 secundumv
1240 1397 1241 1418 t

202 1459 286 1543 quod
326 1458 448 1524 divisim
483 1458 593 1543 singuli
628 1460 813 1535 moriuntur,
849 1460 984 1525 secunda
1020 1475 1127 1527 autern
1240 1481 1241 1558 j

200 1547 364 1613 retributio
389 1546 480 1612 simul
493 1548 638 1613 omnibus
653 1548 715 1626 liet,
727 1547 899 1613 seeundum
916 1549 1000 1634 quod
1014 1570 1127 1614 omnes

199 1636 292 1702 simul
317 1649 487 1720 resurgent.
503 1634 612 1701 Omnis
631 1651 734 1701 autem
751 1636 911 1703 retributio
927 1658 988 1722 qua
1004 1637 1128 1703 diversa
1240 1687 1241 1690 ,

199 1725 382 1802 redduntur,
406 1724 577 1789 seeundum
601 1724 807 1791 diversitatem
826 1726 1021 1801 meritorum,
1040 1726 1126 1809 judi-

200 1815 282 1881 cium
297 1814 433 1899 requirit.
451 1814 582 1879 Necesse
598 1829 644 1879 est
660 1834 735 1899 ergo
751 1814 863 1901 duplex
879 1835 947 1880 esse
959 1815 1127 1900 judicium:

200 1924 298 1968 unum
335 1924 396 1990 quo
420 1902 539 1967 divisim
563 1902 692 1988 singulis
725 1915 875 1989 quantum
912 1902 952 1969 ad
986 1905 1126 1968 animam

200 1993 339 2058 redditur
363 2013 461 2078 poena
487 1992 534 2056 vel
558 1994 743 2078 praemium3
760 1994 843 2058 aliud
860 2005 966 2057 autem
979 2005 1026 2057 est
1040 2013 1127 2058 cem·
1240 1981 1241 2029 t

196 2101 307 2158 mune,
340 2081 511 2145 secundum
548 2080 632 2166 quod
671 2097 821 2167 quantum
856 2081 894 2148 ad
933 2082 1069 2146 animam
1093 2095 1127 2146 ει
1240 2088 1241 2157 l

202 2191 313 2256 eorpus
341 2168 487 2234 reddetur
511 2170 657 2235 omuibus
680 2171 773 2235 simul
811 2170 896 2256 quod
932 2184 1126 2234 meruerunt.

201 2261 247 2337 Et,
270 2261 340 2344 quia
364 2258 502 2324 Christus
526 2279 580 2323 sua
607 2259 809 2337 humanitate,
831 2258 1005 2324 seeundum
1028 2279 1126 2343 quam

200 2370 308 2434 passus
332 2360 378 2411 est
401 2362 431 2410 et
456 2348 633 2424 resurrexit,
671 2347 761 2412 nobis
800 2360 830 2412 et
866 2348 1126 2413 resurrectionem

86 2512 90 2525 ι
201 2452 231 2502 ει
256 2439 348 2502 vitam
372 2449 528 2500 aeternam
553 2437 735 2521 promeruit,
771 2436 828 2501 sibi
869 2436 1017 2522 competit
1049 2436 1127 2502 illud

201 2545 369 2592 commune
380 2523 540 2608 'judicium
558 2545 620 2610 quo
636 2537 834 2608 resurgentes
850 2526 898 2590 sel
912 2524 1128 2611 praemiantur

200 2615 249 2679 vel
274 2615 453 2699 puniuntur;
478 2627 640 2699 propterea
665 2613 766 2678 de-eo
789 2614 910 2678 dieitur:
938 2614 1125 2678 Potestatem

199 2705 287 2767 dedit
310 2705 337 2767 ei
353 2701 506 2787 judicium
529 2701 642 2784 fucere,
665 2703 738 2787 quio
772 2703 873 2782 Filius
910 2703 1045 2767 bominis
1067 2714 1129 2782 est,

198 2791 523 2964 Joantl’pdr’telbiutem
543 2876 695 2962 judicium
719 2878 951 2965 proportionale
974 2899 1044 2944 esse
1078 2879 1128 2945 bis

201 2969 241 3034 de
264 2969 376 3056 quibus
397 2965 563 3051 judicatur.
587 2967 634 3045 Et,
657 2967 728 3051 quia
764 2967 856 3032 linale
894 2966 1046 3052 judicium
1069 2970 1129 3034 erit
1240 2974 1241 2979 ’

201 3059 240 3122 de
264 3057 402 3144 praemio
425 3055 473 3120 vel
496 3076 596 3140 poena
619 3056 786 3121 visibilium
810 3076 988 3142 corporum,
1014 3077 1128 3122 conve·
1240 3136 1241 3145 ἵ

203 3149 292 3212 niens
317 3159 362 3210 est
386 3161 418 3209 ut
443 3144 517 3208 illud
537 3143 691 3227 judicium
715 3144 873 3209 visibiliter
902 3160 1021 3228 agatur:
1044 3145 1129 3211 unde

202 3238 296 3300 etiam
322 3235 459 3300 Christus
483 3233 513 3297 in
531 3233 631 3298 lorma
648 3233 846 3298 humanitatis
858 3232 1019 3318 judicabit,
1032 3253 1127 3319 quam

201 3345 315 3388 omnes
341 3335 472 3408 possunt
496 3321 611 3400 videre,
635 3335 697 3386 tam
722 3322 794 3387 boni
819 3343 911 3406 quam
943 3322 1028 3400 mali;
1051 3323 1129 3387 visio
1231 3334 1235 3345 ’

201 3428 310 3476 autem
335 3409 502 3474 divinitatis
542 3413 608 3494 ejus
635 3410 740 3475 beatos
779 3409 860 3489 lauit,
894 3422 927 3474 ut
965 3425 1128 3476 ostensum

201 3513 246 3564 est
276 3499 327 3582 (l,
351 3499 381 3575 5,
405 3519 430 3564 c.
456 3497 492 3562 bl
512 3497 540 3581 >3
565 3499 647 3564 unde
670 3519 687 3563 a
711 3499 783 3568 solis
807 3499 896 3566 bonis
920 3499 1016 3565 videri
1042 3513 1129 3588 pote·
