2484 3975
225 206 290 277 320
416 224 473 271 uta.
497 225 535 271 ru.
558 222 620 272 car.
646 229 762 277 txxuu
788 229 823 275 tr
846 226 951 275 exsxr.

238 330 240 337 ·
291 292 464 372 Praeterea,
491 295 610 383 Corpus
636 298 769 363 lrorninis
798 295 986 382 resurgentis
1022 306 1148 385 oportet

224 404 292 452 esse
315 382 469 457 testitum,
493 385 564 470 quia
587 386 654 450 sine
677 398 758 451 tactu
780 385 902 451 nullum
938 396 985 451 est
1017 386 1149 463 animab

145 491 150 507 ’
224 486 345 561 oportet
368 485 471 537 autem
495 487 528 537 ut
549 493 713 559 resurgens
737 475 776 539 sit
794 473 924 551 animal,
944 474 969 539 si
985 474 1025 539 sit
1036 476 1144 539 homo.

221 562 340 648 Corpus
365 576 470 625 autern
485 582 610 627 aereum
629 584 691 627 nou
704 576 881 649 potestesse
895 564 1053 640 testitum,
1065 564 1147 628 sieut

222 670 280 716 nee
304 649 432 735 aliquod
455 668 567 737 eorpus
591 651 736 738 simplex,
757 671 828 717 cunr
851 665 994 739 oporteat
1030 667 1147 737 eorpus

224 759 280 827 per
302 736 385 822 quod
410 735 442 803 fit
466 748 562 803 taetus
585 760 653 804 esse
692 739 829 806 mediata
867 743 946 805 inter
982 739 1148 827 qualitates

225 826 397 911 tangisilus,
423 838 455 891 ut
477 828 515 893 sit
538 828 771 914 quodammodo
794 830 825 893 in
849 829 983 915 potentia
1007 829 1046 892 od
1080 848 1147 908 eas,

224 930 257 983 ttt
279 914 485 1000 Philosophus
509 918 619 1003 probat
642 917 712 1003 (de
735 917 844 981 llnima
867 917 901 994 2,
930 929 1002 983 test.
1026 935 1145 983 eorum.

226 1003 300 1079 lll,
323 1016 353 1068 et
377 1002 497 1090 inira).
522 1004 782 1092 lmpossibileest
804 1004 897 1090 igitur
918 1005 1002 1095 quod
1025 1023 1144 1092 eorpus

225 1093 359 1159 bumiuls
383 1095 570 1177 resurgentis
593 1094 632 1159 sit
655 1114 783 1159 aereum
803 1108 835 1159 et
845 1095 945 1161 sitnile
969 1094 1076 1159 sentis.

290 1179 332 1245 Ex
356 1200 418 1267 quo
440 1185 533 1247 etiarn
565 1198 692 1271 apparet
728 1182 812 1272 quod
846 1203 909 1249 nou
933 1182 1044 1269 poterit
1077 1201 1151 1249 osse

225 1288 337 1355 eorpus
360 1267 525 1334 coelestem
614 1341 619 1365 Ι

290 1354 419 1444 Oportet
443 1358 526 1423 enim
550 1378 663 1447 eorpus
686 1358 822 1425 hominis
843 1374 874 1426 et
895 1357 1059 1445 eujuslibet
1080 1358 1151 1423 ani·

223 1445 313 1511 malis
338 1468 405 1512 esse
436 1449 643 1535 suseeptiuulu
670 1447 862 1534 tangibilium
896 1446 1088 1533 qualitatum,
1112 1462 1149 1513 ut

219 1534 422 1619 jamdictum
447 1548 501 1600 est.
526 1536 590 1601 lloe
620 1551 724 1602 autem
761 1536 881 1625 corpori
919 1535 1041 1601 eoelesti
1079 1554 1147 1600 uon

223 1636 324 1711 potest
345 1625 522 1703 conuenire,
544 1627 703 1710 quia-non
725 1638 772 1690 est
795 1644 897 1711 neque
918 1623 1053 1690 ualidum
1088 1642 1149 1687 ne·

221 1731 284 1798 que
306 1710 451 1799 frigidum
475 1732 576 1799 neque
600 1712 762 1779 humidum
785 1713 1018 1801 nequesieeutn
1041 1730 1147 1799 neque

222 1800 337 1887 aliquid
361 1801 551 1888 hujusmodi,
576 1802 625 1867 vel
648 1816 716 1867 notu
741 1802 787 1868 sel
812 1802 958 1889 potentia,
981 1812 1015 1866 ut
1031 1802 1150 1887 probo·

223 1888 324 1955 turin
348 1893 449 1977 primo
472 1890 512 1955 de
535 1890 628 1957 Caelo
650 1892 752 1978 (tert.
776 1911 890 1956 eoturu.
916 1890 958 1954 to
974 1892 999 1975 ).
1025 1892 1149 1976 Corpus

223 1977 314 2062 igitur
338 1980 471 2046 hominis
494 1985 681 2066 resurgentis
704 1999 767 2045 uon
791 1982 852 2045 erit
873 1999 986 2066 eorpus
1000 1974 1148 2045 elatee.

287 2068 404 2150 Adhuc,
435 2068 570 2156 Corpora
604 2069 746 2134 caelestia
783 2083 854 2135 suut
888 2068 1149 2154 incorruptibilia,

221 2158 314 2222 etita
338 2158 533 2223 transmutari
547 2179 609 2224 nou
626 2170 754 2246 possunt
778 2180 795 2222 a
819 2178 874 2222 sua
890 2159 1021 2223 naturali
1038 2156 1148 2243 dispo-
1231 2216 1232 2221 ,

220 2246 340 2311 titione.
364 2245 547 2312 Naturaliter
569 2261 673 2312 autern
693 2248 738 2311 eis
760 2245 891 2311 debetur
911 2247 1009 2330 ligura
1032 2245 1147 2331 sphae-

222 2333 295 2413 rica,
325 2347 358 2400 ut
384 2336 531 2421 probatur
555 2336 585 2400 in
608 2334 746 2402 seeundo
769 2334 809 2399 de
843 2335 936 2399 Caelo
972 2345 1004 2398 et
1031 2334 1150 2404 lluudo

220 2422 321 2509 (text.
344 2443 458 2488 eorum.
482 2423 541 2508 2).
564 2423 631 2489 Non
669 2438 715 2489 est
750 2424 843 2508 igitur
877 2422 1022 2510 possibile
1058 2423 1146 2509 quod

219 2511 369 2598 sooipiant
399 2511 530 2596 liguram
565 2533 645 2599 quoe
684 2511 864 2577 naturaliter
900 2513 1043 2576 humano·
1075 2531 1145 2576 eor·

219 2601 286 2686 pori
326 2598 468 2666 debetur.
493 2600 684 2688 {inpossibile
706 2614 753 2665 est
775 2600 870 2685 igitur
892 2600 975 2685 quod
1011 2619 1145 2686 eorpore

218 2691 448 2774 resurgentium
473 2690 534 2756 sint
557 2689 729 2754 denatura
752 2688 932 2754 caelestium
964 2708 1144 2775 corporum.

515 2863 858 2958 oaroruxxxt.
895 2927 898 2931 ,

263 3039 357 3143 Quod·
375 3059 507 3143 eorporo
527 3043 754 3128 resurpeotiuut
776 3054 867 3108 eruut
887 3041 1020 3110 atterius
1034 3041 1142 3125 tlitpo·

304 3142 424 3196 ttoootr
445 3151 540 3216 quom
562 3146 645 3196 oute.

237 3325 239 3332 ’
281 3305 429 3388 Quamvis
452 3319 554 3374 autem
578 3327 707 3395 eorporo
730 3307 955 3393 resurgentium
987 3306 1050 3374 siut
1090 3304 1140 3372 lu·

216 3406 282 3460 tura
306 3397 445 3479 ejusdem
468 3399 580 3482 speeiei
604 3398 693 3482 eujus
716 3417 798 3462 nune
820 3410 893 3462 suut
922 3415 1053 3483 corpora
1078 3414 1137 3459 no·

215 3495 288 3562 stra,
314 3494 418 3547 tamen
442 3483 533 3548 alium
556 3484 787 3572 dispositionem
801 3486 969 3561 habebunt,
985 3498 1014 3548 et
1031 3487 1138 3569 priseo
