2484 3975
215 218 282 287 :tt‘t
540 244 595 288 nn.
619 244 657 289 rs.
681 243 745 288 cur.
767 242 834 287 xcv.

213 310 315 375 tralem
340 320 373 373 ut
395 310 616 377 beatitudinem
641 326 774 398 tappetae
796 310 849 376 sed
878 309 961 397 quod
999 308 1060 377 hoe
1081 311 1141 382 vel

210 398 287 465 illud
311 400 369 467 sub
393 402 511 466 ratione
536 400 732 467 beatitudinis
755 413 786 465 et
807 399 906 466 ultimi
943 399 1013 464 finis
1051 399 1140 465 desi-

210 488 309 566 deret‚
330 508 367 553 ex
391 488 492 575 aliqua
517 490 640 576 speciali
664 488 864 576 dispositione
892 503 1021 553 naturoe
1058 509 1139 553 con-

209 576 309 660 tingit,
338 590 371 641 ut
395 576 600 665 Philosophus
624 580 697 643 dicit
719 578 845 663 (llthic.
871 578 901 651 l,
924 598 948 642 c
974 576 1026 662 8)
1047 577 1139 662 quod

210 665 309 751 qualis
333 668 544 753 unusquisque
568 682 625 748 est,
648 668 716 733 talis
740 679 770 731 et
793 666 864 731 linis
887 666 1007 730 videtur
1038 668 1075 729 ei.
1099 664 1137 730 Si

210 753 303 837 igitur
326 753 483 841 dispositio
506 760 573 833 ista,
596 758 652 843 per
674 776 767 843 quarn
791 754 906 841 aliquid
939 753 1140 819 desideratus·
1235 757 1236 814 l

212 842 252 907 ab
275 842 378 929 aliquo
401 858 434 909 ut
458 845 582 910 ultimus
608 846 687 922 linis,
703 846 744 911 ob
758 864 798 911 eo
820 844 1047 909 removerinon
1060 863 1137 928 pos-

212 932 262 1010 sit,
283 950 347 996 uon
371 934 481 1018 poterit
512 935 668 1000 immutari
705 933 847 998 voluntas
879 931 947 1017 ejus
979 946 1135 1017 quantuni
1235 987 1236 990 ,

151 1088 153 1093 ,
213 1018 251 1086 ad
276 1019 462 1087 desiderium
488 1023 556 1088 finis
579 1021 670 1089 illius.
693 1021 876 1109 llujustnodi
899 1034 1002 1085 autern
1026 1020 1135 1107 dispo·

211 1107 337 1175 sitiones
359 1114 511 1176 ternotcri
535 1125 662 1197 possunt
684 1133 702 1177 a
724 1111 825 1190 nobis,
847 1109 995 1195 quamdiu
1008 1122 1055 1173 est
1065 1110 1136 1173 ani-

212 1218 262 1262 mc
286 1199 409 1285 corpori
432 1200 604 1284 conjuncta.
631 1200 723 1284 Quod
735 1201 820 1265 enim
841 1198 955 1285 aliquid
968 1211 1136 1283 appetetur

211 1285 340 1352 anobis
363 1300 397 1351 ut
419 1286 545 1355 ultimus
579 1292 660 1371 linis,
694 1288 843 1374 contingit
881 1286 1069 1373 quandoque
1089 1307 1132 1352 ex

209 1395 247 1439 co
270 1374 353 1461 quod
377 1376 419 1441 sic
443 1377 638 1463 disponimur
659 1379 761 1465 eliqua
785 1375 927 1465 passione
964 1394 1044 1460 quae
1066 1375 1133 1440 cito

207 1464 324 1541 transit;
347 1464 430 1530 uude
453 1482 482 1531 ct
506 1468 694 1533 desiderium
717 1468 786 1533 linis
809 1466 849 1530 de
871 1464 951 1529 sacili
984 1484 1132 1529 sensuve·

207 1566 266 1627 tur,
289 1565 323 1617 ut
346 1555 376 1617 in
399 1554 648 1639 contingentibus
660 1568 795 1643 apparet.
813 1553 1007 1638 Quandoque
1023 1566 1131 1618 autern

207 1640 401 1726 disponimur
424 1644 461 1707 ad
486 1644 675 1709 desiderium
700 1645 768 1711 finis
804 1644 933 1726 alicujus
968 1642 1041 1705 boni
1081 1643 1131 1707 vel

208 1730 279 1794 moli
303 1750 359 1817 per
382 1732 515 1818 aliquem
540 1734 691 1811 habitum3
713 1745 744 1798 et
778 1734 833 1797 ista
868 1730 1028 1816 dispositio
1066 1751 1132 1795 uun

208 1817 247 1883 de
271 1816 349 1884 facili
374 1820 499 1897 tollitur3
522 1822 658 1887 undeet
682 1822 742 1887 tale
764 1820 951 1887 desiderium
976 1818 1045 1883 finis
1068 1816 1133 1883 lor-

208 1908 268 1971 tius
291 1922 405 1988 manet,
428 1923 462 1975 ut
485 1911 515 1974 in
541 1912 716 1999 temperatis
739 1924 875 1998 apparet3
898 1924 928 1973 et
958 1921 1062 1972 tamen
1085 1907 1133 1972 di-

205 1997 332 2082 spositio
356 1999 476 2066 habitus
500 2002 529 2064 iu
555 2002 613 2066 hac
636 2001 696 2066 vita
720 2000 833 2066 oulerri
856 2010 965 2086 potest.

273 2085 323 2151 Sic
360 2089 452 2172 igitur
490 2089 685 2155 manifestum
724 2102 771 2155 est
801 2089 895 2176 quod,
929 2085 1135 2172 dispositione

204 2188 349 2240 manente
372 2196 433 2262 qua
458 2177 573 2264 aliquid
597 2179 791 2244 desideratur
812 2191 846 2242 ut
882 2173 1008 2242 ultimus
1045 2173 1132 2253 fluis,
1235 2186 1236 2193 ’

202 2277 264 2328 non
289 2276 389 2350 potest
411 2263 491 2330 illius
517 2267 584 2331 linis
608 2267 796 2332 desideriunt
821 2265 950 2341 moveri,
983 2263 1055 2349 quia
1080 2263 1128 2328 ul-

201 2353 294 2417 timus
318 2353 386 2418 linis
410 2355 544 2419 maxime
567 2355 770 2426 desideratur:
805 2355 888 2418 uude
926 2373 988 2417 nou
1026 2366 1129 2435 potest

200 2441 309 2526 aliquis
332 2463 349 2506 a
373 2441 527 2507 desiderio
551 2444 648 2508 ultimi
674 2443 744 2510 linis
770 2442 905 2508 revocari
929 2455 985 2527 pet
1007 2441 1125 2525 aliquid

202 2528 404 2596 desiderabile
427 2534 535 2615 tnagis.
550 2533 658 2597 Animo
674 2547 777 2597 autern
791 2533 878 2596 estin
890 2544 969 2595 statu
984 2529 1125 2594 mutabili

204 2619 352 2705 quamdiu
375 2623 496 2706 corpori
522 2622 637 2702 unitur,
660 2641 725 2686 nou
741 2635 842 2686 autern
857 2635 1018 2706 postquam
1032 2615 1127 2682 luerit

204 2727 221 2771 a
245 2727 374 2793 corpore
397 2723 547 2795 separata3
570 2711 730 2797 dispositio
744 2714 827 2774 euim
844 2710 966 2773 animae
982 2720 1129 2771 moretur

204 2813 259 2880 per
282 2796 423 2862 accidens
445 2797 615 2863 secundum
651 2799 795 2884 aliquem·
819 2812 940 2863 motum
974 2796 1128 2881 corporis

202 2900 274 2948 cunr
297 2885 380 2950 enirn
405 2906 515 2972 corpus
539 2888 690 2952 deserviat
705 2889 827 2952 animae
839 2888 877 2952 ad
894 2885 1032 2973 proprias
1049 2904 1127 2970 cpe-

201 2973 346 3053 rationes,
369 2974 408 3039 ad
431 2975 490 3039 hoc
513 2976 539 3039 ci
564 2977 743 3042 naturaliter
765 2977 871 3040 datusn
900 2989 949 3038 cst
963 2973 1040 3039 utin
1057 2974 1128 3058 ipso

202 3063 334 3128 existens
358 3063 532 3146 perficiatur
569 3066 656 3150 quasi
694 3065 733 3130 ad
772 3064 990 3152 perlectionem
1028 3072 1126 3126 mota.

202 3149 333 3231 Quando
356 3151 448 3236 igitur
471 3155 527 3216 erit
551 3171 566 3215 a
591 3173 721 3240 corpore
744 3169 895 3240 separate,
923 3172 985 3216 nou
1009 3154 1067 3215 erit
1091 3151 1126 3216 in

200 3251 280 3304 statu
304 3254 337 3306 ut
358 3256 518 3306 moveatur
541 3241 579 3304 ad
604 3239 709 3319 linem,
731 3245 785 3308 setl
810 3259 843 3308 ut
864 3243 897 3307 in
919 3240 980 3305 line
1008 3239 1127 3323 adepto

174 3389 176 3394 ,
200 3347 324 3412 semper
346 3329 491 3414 quiescat.
516 3329 685 3395 lmnsobilis
708 3333 799 3414 igitur
821 3332 879 3396 erit
901 3329 1124 3412 voluutasejus

98 3436 101 3442 ·
200 3429 348 3497 quantum
362 3417 400 3480 ad
417 3417 603 3482 desiderium
620 3420 719 3482 ultimi
737 3422 813 3484 linis.
833 3421 872 3484 lix
891 3417 999 3483 ultimo
1015 3435 1124 3481 autem

199 3502 261 3565 line
284 3503 437 3588 dependet
460 3517 521 3570 tota
556 3506 676 3572 bouitas
714 3510 761 3573 rel
794 3508 909 3585 malitia
945 3504 1124 3584 uoluntatis,
