2484 3975
224 219 287 286 tte
519 223 639 282 oratu.
663 237 726 282 cra.
750 234 849 284 xxxiv.

221 311 268 376 nis
290 308 343 394 qui
366 305 467 372 Verbo
490 305 545 370 Dei
567 306 764 371 coadoratur.
788 306 832 382 Et,
862 305 888 369 si
921 305 1041 370 dicatur
1076 325 1143 370 una

224 418 352 486 persona
370 398 537 481 utriusque,
560 395 619 459 boe
642 395 699 459 erit
723 409 848 480 propter
871 393 1018 458 unionem
1047 395 1150 459 affec-

223 487 336 552 tualem
361 486 558 570 praedictam,
581 497 612 547 ut
634 485 679 548 sio
701 483 820 549 dicatur
843 485 937 547 bomo
961 482 1012 548 ille
1034 483 1140 547 etDei

220 577 356 644 Verbum
380 595 440 639 una
463 592 593 658 persona
615 574 692 636 sieut
715 571 827 636 dieitur
848 571 888 636 de
912 574 976 636 tiro
1007 586 1037 636 et
1065 593 1142 636 mu-

221 666 298 730 liere
320 662 403 749 quod
423 662 488 746 jam
511 681 573 725 non
596 673 669 724 sunt
690 659 764 738 duo,
786 659 841 726 sed
872 681 932 724 una
969 680 1052 725 caro.
1093 660 1150 741 Et,

223 753 294 841 quia
318 752 387 816 talis
410 750 482 814 unio
506 769 567 812 non
591 748 662 813 lacit
684 763 717 813 ut
732 749 816 834 quod
838 748 952 813 deurro
975 749 1088 813 dieitur
1102 749 1148 813 de

224 845 320 910 altero
344 840 404 904 dici
421 837 515 925 possit
538 837 615 921 (non
632 837 715 901 enim
728 836 881 923 quidquid
907 838 1051 902 convenit
1079 839 1148 902 uiro

224 951 332 998 verum
356 942 401 992 est
423 927 461 992 de
484 926 626 1003 muliere,
657 939 709 990 out
745 946 763 990 e
797 930 972 1005 converso),
1007 925 1079 991 ideo
1115 927 1148 991 iu

225 1021 339 1086 unione
362 1015 452 1082 Verbi
478 1028 508 1080 et
531 1014 611 1080 illius
646 1015 780 1080 hominis
817 1015 876 1079 boe
914 1014 1148 1080 observandum

226 1104 438 1197 putantquod
461 1123 496 1168 ea
519 1123 598 1188 quae
622 1117 694 1168 suot
717 1104 839 1189 propria
876 1102 958 1168 illius
999 1104 1147 1180 bominis,

226 1203 265 1262 od
290 1197 458 1262 humanam
473 1205 612 1256 naturam
631 1191 825 1276 pertinentia,
841 1191 880 1256 de
895 1191 997 1256 Verbo
1013 1191 1070 1256 Dei
1092 1206 1148 1258 aut

226 1286 266 1350 de
289 1286 355 1348 Deo
378 1281 596 1346 convenienter
619 1281 678 1346 diei
693 1301 755 1344 non
773 1294 909 1366 possunt3
933 1281 1010 1344 sieut
1045 1281 1149 1344 bomi-

226 1377 258 1440 ni
282 1374 323 1438 illi
347 1371 489 1436 convenit
512 1369 595 1454 quod
621 1371 660 1433 sit
697 1383 785 1433 natus
814 1368 854 1434 de
888 1369 1022 1452 Virgine,
1063 1369 1151 1454 quod

227 1483 333 1551 passus
358 1473 497 1524 mortuus
527 1470 557 1522 et
594 1457 743 1542 sepultus,
776 1470 808 1521 et
842 1456 1030 1541 liujusmodi3
1068 1477 1153 1543 quae

228 1551 332 1616 omnia
371 1566 511 1612 asserunt
547 1547 586 1611 de
609 1546 677 1610 Deo
699 1546 748 1611 vel
784 1545 825 1609 de
858 1546 914 1610 Dei
950 1546 1051 1611 Verbo
1090 1546 1153 1612 diei

229 1661 290 1707 non
307 1637 432 1704 debere.

294 1727 366 1804 Sed,
388 1726 459 1812 quia
482 1737 552 1790 sunt
573 1722 725 1808 quaedam
749 1723 874 1788 nomina
898 1743 988 1809 quae,
1011 1724 1067 1787 etsi
1084 1723 1154 1788 Deo

229 1814 437 1904 principaliter
459 1815 653 1887 conueniant,
675 1813 944 1877 communicantur
967 1827 1071 1876 tamen
1089 1814 1150 1877 bo-

227 1907 361 1972 minibus
385 1923 440 1990 per
463 1902 596 1989 aliquem
621 1901 760 1976 modum,
776 1901 853 1965 sieut
876 1900 1023 1978 Christus,
1038 1900 1152 1965 Domi·
1216 1920 1217 1933 ¹

230 2018 298 2070 nus,
322 1995 451 2059 Sanctus
474 2006 504 2055 et
519 1990 611 2056 etiam
635 1990 728 2055 Filius
750 1989 819 2069 Dei,
841 1990 880 2055 de
904 1990 1081 2075 hujusmodi
1095 2010 1157 2055 uo·

229 2086 376 2157 minibus,
399 2080 569 2146 secundum
600 2099 665 2157 eos,
703 2079 778 2144 nibil
812 2077 955 2164 probibet
994 2080 1153 2164 praedicta

165 2206 167 2213 ·
231 2172 410 2262 praedicari.
422 2168 646 2234 Convenienter
657 2168 741 2232 enim
753 2167 874 2243 dicitur,
890 2168 1061 2232 secundum
1079 2187 1152 2244 eos,

231 2262 315 2349 quod
338 2260 486 2333 Christus,
509 2256 661 2321 Dominus
683 2255 810 2341 gloriae,
834 2257 881 2321 vel
902 2256 1031 2320 Sanetus
1054 2255 1156 2323 Sanc·

232 2367 348 2427 torum,
371 2348 418 2413 vel
441 2346 498 2410 Dei
520 2344 627 2424 Filius,
648 2345 799 2409 situatas
821 2343 862 2410 de
884 2344 1020 2429 Virgine,
1043 2361 1156 2431 passus

234 2454 375 2505 mortuus
398 2451 429 2500 et
451 2434 599 2520 sepultum
624 2433 749 2498 undeet
763 2432 883 2499 beatam
894 2431 1064 2519 Virginem,
1089 2454 1157 2499 non

234 2543 365 2594 matrem
389 2525 446 2590 Dei
470 2522 517 2588 uel
543 2521 632 2589 Verbi
655 2522 724 2601 Dei,
748 2522 802 2587 sed
827 2536 957 2587 matrem
969 2522 1080 2587 Christi
1098 2544 1158 2587 no·

236 2616 414 2682 minandam
440 2632 507 2677 esse
530 2610 645 2676 dieunt.

300 2704 371 2782 Sed,
395 2704 419 2768 si
444 2701 511 2787 quis
534 2700 696 2784 diligenter
718 2698 903 2772 consideret,
925 2698 1081 2786 praedicta
1097 2721 1158 2786 po·

235 2794 303 2859 sitio
327 2792 483 2857 ueritatem
506 2787 723 2853 incarnationis
744 2787 885 2852 excludit.

304 2882 371 2947 lVon
394 2880 488 2958 enim,
501 2877 671 2943 seeundum
688 2875 852 2959 praedicta,
869 2875 1003 2943 Verbum
1020 2875 1077 2939 Dei
1093 2877 1158 2943 tuit

238 3080 293 3145 per
315 3059 456 3143 gratiam,
478 3074 515 3119 ex
539 3074 599 3139 qua
633 3052 831 3139 consequitur
854 3053 928 3118 unio
951 3053 1159 3121 voluntatum.

241 3148 423 3212 lnlrabitatio
449 3159 552 3210 autem
576 3141 668 3210 Verbi
692 3142 747 3207 Dei
783 3142 815 3205 iu
850 3141 977 3207 bomine
1009 3162 1073 3205 non
1108 3158 1160 3209 est

237 3235 373 3301 Verbum
398 3235 453 3300 Dei
476 3235 680 3309 incarnatum3
718 3230 864 3295 habitarit
899 3232 983 3296 enim
1018 3231 1160 3297 Verbum

237 3324 294 3389 Dei
318 3337 349 3387 et
371 3323 453 3389 Deus
477 3322 595 3408 ipsein
619 3320 764 3384 omnibus
778 3319 1161 3386 Sanatisaoonstitutioue

240 3412 360 3485 mundi,
382 3411 551 3475 secundum
576 3408 651 3473 illud
681 3407 825 3493 Apostoli:
854 3407 912 3472 Vos
923 3409 995 3473 eatis
1010 3412 1163 3493 templum

245 3500 302 3564 Dei
325 3501 396 3575 uiui,
418 3500 496 3564 alent
518 3496 594 3561 dicit
616 3496 776 3562 Dominus:
802 3496 954 3578 Quoniam
975 3496 1163 3567 idulium
