2484 3975
227 212 292 279 562
583 273 586 283 ,
602 227 775 277 oroscotott

224 303 309 368 nilne
331 298 491 387 singulari,
520 309 550 362 et
572 299 655 385 qood
675 319 788 366 omnes
821 299 962 367 homines
983 301 1047 367 sint
1069 314 1156 363 unns

206 391 331 468 immo,
353 411 417 456 non
447 385 573 474 quidem
601 387 833 475 participatione
866 389 989 475 speciei,
1022 387 1079 455 sed
1102 407 1156 453 se-
1239 450 1240 461 ,

228 479 366 546 cundum
391 497 486 543 unum
512 475 716 542 individuum.
732 476 773 558 ¹Si
796 497 869 545 rero
885 477 1059 542 intellectos
1072 479 1157 550 inest

228 568 317 634 nobis
340 566 522 644 formaliter,
545 565 623 630 sicut
637 564 702 651 jam
716 565 832 630 dictum
848 567 1055 652 consequitur
1067 564 1156 652 quod
1239 600 1240 605 κ

226 658 418 722 diversorum
442 674 609 740 corporum
640 669 713 720 suot
745 653 884 720 diversae
916 659 1050 730 animam
1071 653 1157 719 sicut

226 747 308 811 enim
333 744 429 810 homo
452 756 497 810 est
520 761 558 807 ex
580 762 711 829 corpore
733 758 764 822 et
787 742 901 822 mima,
924 743 1028 824 italtic
1044 743 1156 818 homo,

225 833 339 900 scilicet
362 832 470 900 Callias
504 843 557 897 aut
579 833 732 910 Socrates,
753 845 801 896 est
823 853 862 897 ex
885 832 945 898 ltoc
966 852 1099 918 corpore
1123 843 1157 896 et

227 943 266 988 ex
290 923 347 988 hac
370 921 482 989 anima.
507 918 538 984 Si
569 933 673 986 autem
697 920 819 986 atrimae
853 934 925 986 sunt
946 919 1088 986 diversae
1123 935 1156 985 et

227 1010 398 1078 intellectus
421 1007 576 1097 possibilis
599 1024 648 1074 cst
678 1010 773 1074 virtus
796 1008 919 1075 animae
953 1029 1012 1095 qua
1045 1009 1153 1080 anima

226 1099 381 1184 intelligit,
416 1112 536 1184 oportet
570 1097 654 1184 quod
677 1097 797 1164 dilicrat
818 1118 960 1176 numero,
982 1097 1055 1184 quia
1091 1115 1153 1162 nce

228 1188 346 1274 smgero
369 1186 515 1275 possibile
538 1187 683 1273 estquod
700 1187 891 1252 diversarum
907 1206 1012 1252 rerum
1033 1186 1073 1254 sit
1088 1205 1153 1252 una

226 1295 357 1342 numero
381 1276 486 1342 virtus.
510 1310 555 1322 -
578 1274 610 1340 Si
634 1275 703 1361 qnia
725 1288 833 1340 autem·
851 1276 932 1340 dicat
955 1275 1037 1362 qood
1054 1275 1153 1340 homo

231 1365 372 1450 intelligit
397 1384 452 1452 per
476 1362 665 1430 intellectum
681 1363 857 1449 possibilem
871 1365 951 1430 sieut
965 1385 1020 1450 per
1034 1362 1153 1450 aliquid

228 1455 286 1532 sui,
310 1452 394 1540 quod
420 1467 524 1518 tamen
558 1465 699 1541 estpars
721 1453 787 1538 ejus
809 1473 874 1518 non
897 1465 930 1516 nt
963 1452 1062 1516 iorma
1096 1450 1154 1517 sed

228 1543 306 1610 sicut
330 1557 443 1622 motor,
461 1541 528 1627 jam
551 1555 710 1606 ostensum
735 1554 782 1606 eat
803 1562 896 1627 supra
913 1543 1008 1626 quoti,
1023 1542 1082 1607 liae
1097 1559 1154 1628 po·

229 1632 338 1698 sitione
363 1631 452 1709 iacta,
476 1630 559 1695 nullo
583 1629 678 1695 modo
701 1644 801 1715 potest
822 1631 882 1696 dici
905 1629 987 1716 quod
1011 1628 1155 1695 Socrates

231 1719 389 1807 irrtclligac
412 1719 467 1784 sed
490 1719 623 1784 dicimus
646 1719 729 1806 quod
753 1719 894 1784 Socrates
924 1718 1076 1802 inteiligit,
1098 1737 1154 1804 per

175 1822 178 1830 ’
231 1811 290 1874 hoc
312 1808 396 1896 quod
419 1807 590 1874 intellectos
615 1807 764 1892 intelligit,
798 1807 868 1872 licet
894 1807 1078 1872 'intellectus
1115 1808 1153 1872 sit
1239 1828 1240 1879 t

229 1898 330 1964 solum
354 1910 465 1973 motor,
488 1896 566 1962 sicut
588 1896 683 1962 lmmo
701 1897 784 1960 videt
799 1917 854 1982 per
869 1895 929 1962 ltoo
945 1894 1029 1982 quod
1043 1894 1157 1961 oeulos

231 1985 321 2051 ridet.
344 1986 380 2051 Et
404 2000 436 2051 ut
459 1983 695 2053 similitudinem,
715 2006 892 2073 sequamur,
914 1999 1047 2071 ponatur
1070 1982 1154 2071 quod

225 2076 371 2143 omnium
395 2074 556 2141 hominum
579 2075 617 2140 sit
641 2094 721 2141 unua
754 2074 863 2139 oeulos
886 2094 1028 2149 numero,
1051 2075 1153 2161 inqui·

231 2164 362 2231 rendum
378 2177 470 2231 restat
481 2176 584 2229 utrum
601 2183 711 2229 ornnes
726 2162 867 2229 homines
878 2165 939 2229 sint
951 2182 1032 2228 unus
1047 2164 1154 2229 videns
1239 2237 1240 2240 Ἴ

232 2253 281 2319 acl
305 2253 392 2319 multi
416 2252 564 2319 videntes.
590 2251 635 2317 Ad
657 2250 745 2336 eujus
768 2252 903 2317 veritatis
925 2250 1156 2337 inquisitionem
1239 2249 1240 2264 ³

223 2342 430 2415 ¹(considerare
453 2355 574 2427 oportet
596 2339 680 2428 qnod
704 2339 793 2405 aliter
817 2360 853 2406 ae
876 2339 969 2407 babet
990 2340 1032 2405 de
1053 2340 1155 2427 primo

232 2443 377 2497 movente
402 2444 432 2495 et
456 2431 544 2495 aliter
571 2430 610 2495 de
645 2432 860 2494 instrumento.
882 2427 915 2493 Si
949 2428 1033 2495 enim
1068 2428 1156 2495 multi

233 2520 374 2586 lromloes
398 2532 521 2584 utantur
545 2538 607 2585 uno
621 2530 652 2581 ct
666 2517 777 2584 eodem
792 2519 998 2583 instrumento
1014 2537 1156 2596 numero,

233 2609 372 2675 dicentur
395 2607 510 2675 multae
532 2606 737 2695 operationes,
759 2621 833 2693 pota
855 2626 927 2672 cum
950 2605 1038 2671 multi
1063 2621 1155 2671 uton-

233 2710 281 2761 tor
306 2717 366 2761 una
389 2696 531 2763 machina
549 2696 588 2761 acl
612 2693 750 2782 lapidum
774 2694 995 2782 projectionem
1019 2694 1068 2759 rel
1092 2694 1155 2761 ele-

232 2785 395 2851 vationem.
419 2784 451 2849 Si
475 2804 549 2852 vero
575 2784 743 2872 principale
764 2804 859 2868 agens
890 2782 929 2850 sit
953 2802 1050 2849 utrum
1072 2782 1155 2869 qnod

235 2888 337 2940 utatur
359 2872 461 2940 multis
485 2874 709 2957 instrumentis,
731 2872 933 2940 nihilominus
957 2891 1089 2959 operans
1110 2883 1157 2937 est

234 2982 342 3042 unum,
364 2963 419 3027 scd
434 2962 513 3029 iorte
529 2961 724 3051 operationes
740 2961 880 3027 diversae
895 2974 1021 3048 propter
1036 2959 1156 3027 diversa

234 3050 744 3137 instrumenta.Aliquandoautem
769 3063 814 3115 est
831 3049 969 3137 operatio
992 3069 1064 3128 una,
1087 3047 1156 3116 licet
1239 3105 1240 3112 ,

236 3138 1156 3226 adeammultaiostrumentarequirantur.Sicigiturnnitas
1239 3207 1240 3216 χ

237 3230 392 3315 operantis
415 3228 591 3307 attenditur,
614 3225 861 3295 nonseoundum
876 3225 1156 3304 instrumenta‚sed

227 3316 404 3383 secundum
418 3317 584 3405 principale
598 3337 693 3403 agens
715 3315 799 3403 quod
822 3316 917 3382 utitur
937 3316 1154 3383 instrumentis

237 3404 393 3472 Praedicta
405 3406 497 3491 igitur
519 3406 671 3493 positione
682 3403 773 3484 icem,
787 3406 813 3471 si
825 3404 933 3471 oculus
947 3417 1029 3471 esset
1044 3403 1155 3490 princi-

236 3491 305 3577 pale
329 3494 359 3557 in
373 3494 498 3560 homine
510 3494 562 3581 qni
575 3508 712 3582 uteretur
723 3493 869 3561 omnibus
880 3494 1023 3582 potentiis
1034 3492 1155 3560 animae
