2484 3975
224 243 288 308 {32
542 261 604 308 aaa.¹
623 263 661 308 rr.
685 261 749 308 aaa.
772 262 851 308 xxix.

225 349 334 398 eorum
358 331 564 418 suspicionem
588 333 740 398 Dominus
761 330 981 397 conuenienter
1001 329 1149 408 rumonim

223 422 307 486 narde
330 421 484 486 subditur:
511 421 683 506 Statimque
704 422 792 486 lesus
816 422 934 485 locutus
956 432 1002 484 cst
1023 422 1080 498 eis,
1096 421 1147 484 ai·

224 529 303 575 cens:
329 508 445 575 Habete
467 511 628 594 fiduciam,
642 530 696 595 cpa
711 531 792 588 sara,
813 511 907 574 actia
932 510 1048 588 timere,
1064 508 1146 573 ibid.

223 599 276 664 27:
300 599 441 684 quamvis
464 619 525 663 oon
549 599 734 665 rationabile
757 599 898 666 videatur
919 599 1004 684 quod
1029 598 1146 662 sutdi-

224 688 359 774 scipulos
381 688 490 752 lateret
512 688 596 773 quod
620 687 743 752 nonnisi
767 707 880 774 corpus
918 687 1148 773 phantasticum

224 776 449 862 assumpsisset,
472 795 543 840 cum
568 796 621 842 eos
645 776 684 840 ad
701 777 760 842 hoc
775 776 903 861 elegerit
919 788 952 841 ut
974 776 1014 839 dc
1037 795 1075 840 eo
1099 789 1148 839 te·

224 865 404 930 stimonium
421 865 620 951 perhiberent
643 864 778 930 veritatis
801 885 840 929 ex
863 864 910 929 bis
944 883 1024 950 quae
1057 863 1147 928 ride·

226 967 295 1018 rant
318 965 348 1017 et
383 953 552 1018 audierant:
588 967 642 1018 aut
663 953 688 1018 si
711 973 766 1019 eos
800 973 863 1018 ooo
902 953 1025 1031 latebat,
1054 953 1147 1017 aesti·
1217 1032 1218 1037 ἵ

225 1041 320 1106 matio
356 1041 578 1127 phantasmatis
616 1062 679 1107 noa
719 1043 896 1109 incussisset
932 1055 1006 1106 tuac
1037 1041 1083 1106 eis
1108 1042 1147 1105 ti-

225 1150 356 1195 morem.
1075 1187 1080 1194 .

291 1217 398 1283 Adhuc
421 1230 526 1283 autem
549 1220 722 1306 expressius
744 1219 949 1306 suspicionem
963 1219 1147 1304 phantastici

225 1307 363 1394 corporis
397 1328 414 1370 a
438 1308 593 1374 mentibus
615 1308 838 1395 discipulorum
852 1313 982 1372 removit
994 1307 1149 1372 Dominus

154 1443 157 1448 -
226 1410 295 1483 past
328 1395 596 1462 resurrectionem.
628 1397 746 1461 Dicitur
767 1398 850 1460 enim
879 1396 965 1481 qaod
1000 1397 1151 1480 discipali

226 1484 454 1550 conturbabat
490 1487 649 1551 conterriti
681 1485 902 1550 existimabam
936 1505 969 1550 sc
1000 1486 1150 1568 spiritum

224 1574 340 1652 uidere,
362 1573 438 1638 dum
460 1575 574 1640 scilicet
598 1574 740 1639 viderunt
760 1575 879 1649 iesum,
912 1585 944 1638 ct
976 1574 1057 1638 dicit
1089 1576 1150 1638 eis.-
1217 1588 1218 1607 ¹

228 1662 311 1742 Quid
335 1661 451 1728 turbati
468 1665 551 1742 estis,
562 1676 594 1729 ct
607 1664 806 1748 capitatimtcs
819 1663 989 1728 asccaduat
1002 1663 1034 1726 ia
1051 1666 1150 1727 corda

225 1753 349 1816 uestra?
371 1751 473 1817 Videte
494 1773 606 1818 marrus
627 1772 714 1817 meas
729 1764 760 1818 ct
778 1753 873 1836 pedes
886 1771 980 1831 meos,
995 1752 1069 1836 puio
1090 1771 1148 1836 epa

225 1841 292 1924 ipse
314 1860 392 1919 sum3
410 1843 542 1926 palpate
564 1850 593 1906 et
614 1842 725 1920 audete,
746 1843 821 1927 quia
855 1842 983 1925 spiritus
1018 1859 1148 1905 caraem

226 1940 257 1994 ct
278 1948 351 1994 ossa
372 1949 433 1995 aaa
456 1930 557 2011 habet,
578 1929 659 1996 sicut
679 1949 727 1997 me
763 1929 875 1996 vidctis
908 1928 1031 2010 habere,
1060 1927 1147 2006 Lau,
1216 1989 1217 2010 ,

225 2018 280 2093 hi,
296 2020 408 2085 57-59.
424 2020 547 2085 Frustra
570 2021 654 2084 euim
677 2039 712 2085 se
733 2019 922 2107 palpandam
945 2019 1150 2106 praebuisset,
1216 2021 1217 2028 ’

225 2108 250 2172 si
274 2109 395 2173 nonnisi
419 2128 532 2196 corpus
555 2108 781 2195 phantasticum
805 2108 969 2173 habuisset.

293 2196 380 2276 item,
418 2198 558 2283 Apostoli
594 2198 715 2284 seipsos
749 2198 878 2262 idoneos
911 2195 1022 2261 Christi
1056 2210 1151 2263 testes

226 2284 404 2365 ostenduam
428 2286 501 2350 dicit
524 2285 608 2351 enirn
632 2286 752 2351 Petrus:
774 2286 872 2364 Hauc,
895 2284 1009 2351 scilicet
1029 2285 1151 2362 iesum,

226 2372 311 2439 Deus
334 2374 497 2439 suscitavit
522 2375 615 2439 tertia
636 2374 700 2453 die,
715 2388 745 2440 ct
766 2376 935 2440 aedituum
950 2374 1152 2458 manifestum

223 2463 293 2551 pieri
314 2482 377 2527 aaa
400 2466 484 2527 amai
502 2464 631 2548 populo,
665 2465 723 2528 scd
755 2462 883 2529 testibus
912 2465 1150 2548 praeordinatis

225 2572 246 2616 a
270 2551 346 2630 Dea,
367 2551 465 2630 uobis,
488 2556 540 2641 qui
562 2552 819 2629 manducavimus
848 2563 879 2617 ct
916 2551 1046 2616 bibimus
1079 2572 1151 2617 mam

226 2640 293 2717 itta,
316 2652 480 2724 postquam
502 2642 717 2706 resurreaita
753 2642 896 2721 mortuis,
932 2643 996 2707 Act
1032 2642 1152 2727 apost,

230 2728 283 2805 ib,
306 2729 421 2808 tra-tm
439 2743 470 2793 st
490 2731 626 2795 ioannes
647 2730 822 2816 Apostolus,
844 2731 875 2794 in
911 2729 1150 2816 principiosuae

229 2817 472 2902 epistolaeriicit:
490 2819 580 2899 Quod
602 2819 738 2884 uidimus
769 2818 867 2883 acuas
901 2821 1026 2894 uostris,
1063 2820 1151 2903 quod

225 2907 453 2991 perspeximus,
475 2920 506 2972 et
525 2926 638 2973 manus
659 2918 786 2972 austrae
821 2918 1087 2971 contrectaverunt
1109 2909 1151 2971 de

227 2992 321 3058 acrba
342 2998 456 3073 uitae,
479 3008 638 3064 testamur.
672 2994 740 3061 Non
763 3007 863 3083 potest
898 3008 1002 3060 autem
1037 2994 1150 3061 efficax

227 3084 309 3148 sumi
332 3086 541 3150 testimonium
565 3084 699 3151 veritatis
721 3103 777 3171 per
799 3104 835 3149 ea
858 3104 938 3171 quae
960 3104 1023 3149 uon
1045 3084 1078 3148 io
1101 3088 1149 3150 rei

226 3175 398 3252 earsteutia,
421 3173 476 3239 sed
498 3173 599 3239 solum
623 3174 655 3238 ia
677 3174 854 3260 apparentia
887 3186 959 3237 sunt
993 3188 1090 3257 gesta.
1114 3175 1148 3238 Si

227 3260 320 3347 igitur
343 3282 455 3348 eorpus
479 3261 589 3327 Christi
612 3261 670 3327 suit
691 3262 920 3349 phantasticam
934 3273 966 3325 et
987 3280 1050 3326 aon
1075 3282 1150 3327 vere

223 3350 423 3422 manducarit
445 3365 475 3416 et
498 3351 576 3415 bibit
599 3370 701 3435 neque
724 3370 797 3416 rere
830 3351 913 3415 visas
945 3364 992 3414 est
1029 3363 1059 3414 et
1082 3350 1149 3438 pai·

222 3451 315 3531 patus
338 3439 472 3517 esused
495 3439 690 3525 phantastice
726 3452 857 3515 tantam,
892 3439 1047 3504 invenitur
1083 3460 1150 3505 oon

223 3544 293 3591 esse
316 3524 464 3591 idoneum
488 3528 700 3593 testimouium
725 3527 942 3614 Apostolorum
957 3529 998 3593 aa
1014 3527 1149 3594 Christo:
1212 3605 1213 3612 ἵ
