2484 3975
411 246 467 294 nto.
490 246 530 293 ιι.
554 245 619 293 cto.
641 246 713 291 xvir.
980 226 1024 293 85

104 326 244 385 stensum
267 326 313 381 est
341 313 376 391 (l.
400 314 432 393 1,
455 338 483 383 ε.
520 316 590 399 dl).
624 313 761 380 Pertinet
783 323 887 379 nutem
909 316 1024 382 crestio

105 406 144 473 cd
167 404 313 493 Spiritum
329 402 487 484 Sanctum3
503 404 613 469 dicitur
625 403 719 467 enim:
731 401 857 467 Emittct
873 402 1025 487 Spiritum

106 508 203 571 tuum,
225 505 255 559 et
275 493 471 573 creabuntur,
495 492 618 571 Pselm,
643 492 718 568 l03,
744 492 800 569 303
835 506 867 555 et
903 491 1024 558 diciturr

108 583 243 667 Spiritus
265 583 325 647 Dei
345 582 418 665 [ecit
440 603 497 661 me,
520 581 590 659 tob,
625 581 679 655 55,
702 580 733 657 43
771 593 802 644 et
838 578 950 645 dieitur
985 583 1025 647 de

105 672 184 738 Deo:
207 672 277 755 lpse
300 671 416 735 creuuit
437 672 538 746 illurn,
561 669 674 735 scilicet
697 668 888 755 sapientiam,
910 669 942 732 in
956 668 1026 753 Spi-

106 763 170 826 ritu
194 760 317 837 Sunctn
341 758 442 839 Eccli,
468 761 498 840 1,
521 758 552 825 9.
578 758 631 824 Εει
652 778 727 843 ergo
749 756 881 845 Spiritus
895 756 1027 826 Sunctut

106 849 229 915 divinoe
251 862 388 912 naturae.

100 942 108 956 ¹
175 936 293 1014 Adhuc,
316 936 477 1021 Apostolus
488 936 569 1002 dicit:
588 934 725 1019 Spiritus
738 935 845 1000 omniu
858 944 1026 1015 ceruimus,

108 1033 203 1091 etium
221 1024 379 1109 profundo
404 1026 470 1090 Dei.
496 1027 572 1106 Quis
593 1026 674 1089 enim
699 1024 856 1089 leontinum
877 1024 1026 1108 ccitprroe

108 1125 180 1179 curu
202 1113 426 1191 dominionis
447 1116 576 1198 spiritur
599 1113 731 1177 iro-minis
753 1114 806 1197 qui
827 1112 860 1177 in
882 1112 1026 1195 ipsoctti

108 1203 160 1268 Itu
182 1213 212 1267 ct
232 1222 310 1286 quoe
333 1202 390 1267 Dei
412 1215 483 1267 sunt
504 1223 593 1267 uerno
620 1203 767 1286 copnooit,
804 1202 866 1267 nitri
889 1200 1024 1285 Spiritus

112 1292 180 1369 Dei,
204 1291 216 1355 1
246 1290 326 1368 Cor,
349 1292 380 1361 1,
406 1292 516 1357 1011.
551 1289 822 1370 Comprehendere
861 1303 964 1356 outem
988 1310 1023 1355 o·

109 1379 194 1446 mnia
217 1378 368 1467 profunde
393 1380 449 1445 Dei
467 1402 529 1445 noo
546 1394 592 1445 est
608 1378 736 1463 alicujus
751 1390 922 1455 creaturum
937 1378 1024 1464 quod

108 1482 192 1557 putet
215 1489 253 1534 cx
277 1469 442 1555 hoc-quud
465 1469 617 1535 Dominus
641 1467 722 1533 dicit:
747 1466 845 1533 Nemo
865 1469 951 1531 nouit
974 1468 1026 1532 Fi·

110 1559 198 1636 lium,
219 1558 280 1622 nisi
302 1558 406 1632 Putem
435 1578 532 1641 neque
568 1557 696 1621 Putrem
731 1558 799 1641 qrris
834 1555 930 1633 iuuit,
965 1556 1028 1621 nisi

110 1648 221 1723 Filius,
243 1647 359 1725 Matth,
384 1647 512 1726 11,17·,
535 1658 626 1711 etex
648 1666 782 1729 persons
815 1642 874 1711 Dei
907 1644 1029 1709 dicitur.

113 1736 270 1801 Secretum
292 1756 393 1807 meum
415 1736 502 1814 milri,
526 1733 604 1814 lsai,
631 1734 685 1814 dd,
709 1735 760 1801 to.
795 1735 876 1819 Ergo
898 1732 1030 1821 Spiritus

110 1825 242 1891 Sanctus
265 1844 327 1889 non
351 1836 396 1889 est
420 1837 569 1890 creatura.

180 1911 354 1991 Praetores,
375 1912 553 1977 Secundum
577 1910 764 2000 praedictum
787 1911 924 2000 Apostoli
946 1931 1032 1977 coru·

114 2001 319 2090 perationem,
341 2003 471 2088 Spiritus
494 2003 625 2069 Seoctns
647 2022 681 2066 se
718 2001 814 2067 hehet
851 2003 890 2067 od
930 2001 1031 2068 licum

114 2091 193 2156 sicut
215 2089 338 2174 spiritus
363 2092 495 2156 hominis
518 2091 556 2156 cd
581 2092 750 2156 hominem.
773 2090 906 2178 Spiritus
927 2102 1032 2157 sutem

115 2177 251 2244 hominis
274 2179 456 2246 intrinsecus
478 2195 526 2246 εει
548 2180 676 2257 homini,
699 2194 730 2244 et
753 2200 815 2245 oou
853 2193 901 2246 est
933 2193 1032 2244 extro·

112 2285 195 2332 noce
217 2279 345 2332 nstoree
368 2269 499 2353 abipso,
521 2268 575 2334 scd
598 2281 645 2333 est
666 2268 781 2355 aliquid
818 2267 895 2355 ejus.
934 2268 1030 2349 luitur

114 2368 146 2420 et
169 2354 299 2440 Spiritus
313 2355 442 2422 Sanctus
454 2377 516 2422 non
532 2370 578 2421 est
596 2370 723 2421 naturae
739 2370 901 2422 extrnoece
916 2379 934 2422 c
949 2355 1029 2423 Deo.

183 2442 331 2529 Amplius,
351 2443 384 2508 Si
408 2445 475 2530 quis
498 2444 634 2510 conlerst
656 2445 749 2510 verbo
783 2446 917 2532 Apostoli
940 2464 1029 2530 proe-

118 2533 212 2597 misso
234 2532 336 2596 verbis
352 2533 452 2598 vlsrricre
480 2533 664 2618 Prophetae,
696 2534 857 2598 moniieste
880 2533 1028 2620 percipiet

116 2617 263 2705 Spiritum
294 2620 440 2687 Sanctum
457 2621 557 2687 Deum
573 2642 650 2686 esse.
663 2622 780 2687 Dicitur
793 2623 887 2686 enim:
913 2622 1029 2689 Oculus

117 2729 178 2774 nou
200 2710 288 2786 vidit,
311 2711 405 2788 Dour,
428 2710 541 2794 ubsque
565 2722 602 2789 tc,
636 2731 715 2796 quoe
746 2712 948 2794 praeparasti
978 2731 1030 2778 cu·

7 2799 10 2820 “
113 2799 307 2884 prestantibus
331 2811 368 2877 te,
392 2800 468 2878 lsai,
491 2801 544 2878 tt,
568 2801 599 2878 A3
620 2820 701 2886 quae
728 2798 852 2886 quidem
876 2800 968 2866 verbu
991 2802 1031 2868 A·

118 2888 257 2974 postolos
279 2908 349 2953 cum
373 2888 599 2967 introduxisset,
623 2889 780 2975 subjungit
814 2890 907 2954 uerbo
946 2909 1034 2973 proo-

119 2976 225 3053 missc,
258 2976 371 3042 scilicet
404 2977 487 3059 quod
526 2977 657 3064 Spiritus
690 2990 843 3044 scrutatur
880 2977 1035 3065 prolunds

118 3063 188 3130 tter.
213 3065 299 3130 Unde
323 3063 517 3131 manifestum
542 3081 588 3132 cst
613 3066 697 3153 quod
734 3066 866 3155 Spiritus
906 3067 1038 3134 Sanctus

119 3152 172 3220 illu
196 3153 347 3239 profunda
370 3153 427 3220 Dei
451 3156 609 3239 cognoscit
638 3174 720 3240 quoe
758 3158 951 3244 praeparavit
988 3177 1040 3223 ex·

119 3243 312 3328 pectantibus
334 3262 417 3307 eum.
441 3242 472 3307 Si
496 3263 570 3328 ergo
595 3244 672 3308 hoec
693 3244 796 3310 nullus
811 3245 886 3310 uidit
917 3259 1038 3331 praeter

120 3329 233 3409 Deum,
257 3345 290 3395 ut
328 3331 418 3396 lscios
455 3332 538 3412 dicit,
576 3332 772 3399 manifestum
809 3348 856 3400 est
888 3332 1038 3422 Spiritum

121 3417 268 3484 Sanctum
291 3419 391 3485 Deum
418 3441 494 3487 esso.

188 3508 275 3592 uem,
297 3509 424 3577 [licitum
445 3508 560 3578 Audioi
593 3531 698 3578 nocem
732 3511 859 3580 Domini
894 3512 1037 3580 utemur:
