2484 3975
210 197 274 264 594
585 215 752 260 unuscunuu

210 309 265 374 per
287 284 353 371 ejus
378 283 574 373 principium,
586 285 664 351 sieut
675 282 866 371 impossibile
881 296 927 349 est
941 283 1135 350 intellectum

211 374 312 442 lacere
335 393 402 440 rem
425 386 522 448 extre,
545 391 562 436 e
586 393 647 460 que
669 376 804 460 speeiem
827 373 929 438 uehit.

278 464 319 528 Ex
341 463 430 529 dietis
452 459 542 526 tacite
564 475 611 526 est
633 462 712 528 seire
734 481 830 548 quare
864 459 1035 527 intellectus
1067 479 1134 524 non

211 553 283 619 dieit
306 572 350 630 se,
373 549 498 638 quando
525 548 640 615 lutmnt
679 551 807 616 uerbum
846 549 1018 615 seeundum
1054 569 1135 614 rem.

211 643 320 708 Anime
344 642 427 706 enim
451 639 539 725 quusi
563 638 779 706 transformata
801 651 847 704 est
869 639 900 704 in
916 657 1050 725 temper
1064 657 1136 724 epe-

212 731 290 796 eiem
313 749 374 816 qun
398 729 460 814 ugit
482 726 634 814 quidquid
655 728 728 813 agiu
750 728 845 802 unde,
866 747 938 795 num
961 746 998 794 eu
1022 725 1136 807 (intel-

212 820 334 903 lectus)
357 817 538 883 inlormutut
576 831 621 882 est
644 833 726 894 autu,
763 817 891 882 terbum
927 815 1068 902 producit
1103 816 1138 879 in

213 929 274 994 qun
298 927 364 972 rem
387 907 472 972 illum
495 904 567 970 dicit
588 905 677 990 eujus
701 907 837 991 speeiem
861 905 965 980 babet,
1003 918 1034 968 et
1070 923 1137 968 non

212 1018 256 1062 ee.
269 996 346 1063 Cum
362 1015 435 1061 vern
452 994 556 1059 nititur
566 1013 599 1059 ιε
612 994 856 1082 apprehendere,
867 994 938 1080 quin
955 1006 1072 1058 nonest
1082 1011 1136 1057 eo·

214 1083 457 1170 guoseibilisuisi
469 1083 547 1150 sieut
559 1083 617 1148 ulie
631 1083 828 1170 perspeuiem
837 1081 1057 1166 aliorum,quiu
1072 1101 1136 1147 nun

215 1175 331 1259 indiget
354 1174 456 1259 speeie
480 1184 513 1237 ut
536 1171 687 1256 intelliget
708 1172 784 1259 (hue
806 1172 891 1236 enim
914 1184 1012 1257 potest
1035 1171 1075 1235 de
1085 1171 1136 1253 se)

216 1283 277 1327 non
302 1261 395 1327 habet
420 1261 452 1326 in
476 1281 520 1338 te,
544 1273 578 1326 ut
615 1260 788 1346 intelligens
825 1273 882 1338 εει,
903 1261 1038 1346 speeiem
1076 1278 1138 1344 qun

215 1351 366 1418 l'onnetur
389 1349 519 1416 uerbum
543 1350 600 1430 sui,
623 1350 678 1415 sed
701 1349 809 1436 accipit
831 1369 899 1414 use
914 1346 1138 1433 intelligibilem

215 1441 361 1526 speeiem,
385 1459 446 1504 non
470 1439 605 1517 suited
629 1437 746 1524 reique
760 1435 1138 1504 necessarie-informatur

217 1544 250 1593 ut
273 1527 468 1612 intelligatur,
491 1541 523 1592 ut
545 1526 662 1593 dietum
685 1539 741 1592 εει.
765 1526 843 1592 Cum
866 1526 959 1612 igitur
970 1528 1022 1592 illa
1034 1525 1138 1612 speeie

217 1616 409 1695 informatur,
432 1617 534 1682 statim
558 1635 591 1680 se
616 1614 768 1700 intelligin
789 1629 820 1679 ει
843 1617 902 1680 hoe
927 1629 973 1680 εει
1010 1635 1067 1701 per
1090 1634 1138 1678 ru·

217 1706 392 1785 llexiunenn,
415 1707 487 1792 quin
513 1706 589 1770 luten
622 1707 751 1791 speeies,
774 1705 858 1790 prius
893 1717 1015 1789 accepta
1052 1723 1070 1767 ε
1105 1721 1138 1766 ne

218 1815 311 1880 quem
335 1816 352 1860 a
375 1814 408 1859 se
432 1793 603 1870 informate,
625 1810 674 1859 εει
696 1792 904 1876 intelligibilis,
927 1812 984 1877 nee
1017 1803 1140 1878 oportet

219 1885 302 1969 prius
325 1882 459 1948 furmure
483 1883 610 1950 verbum
634 1903 727 1968 quem
751 1881 930 1967 intelligere,
963 1878 1029 1958 sed,
1067 1899 1139 1946 uum

219 1971 413 2049 intellexerit,
436 1970 548 2037 formet
570 1971 700 2037 uerbum
721 1971 779 2048 sui;
805 1986 836 2036 et
859 1969 928 2036 ideo
957 1967 1140 2055 intelligere,

220 2080 282 2126 nnn
306 2074 457 2147 tempure,
479 2060 535 2127 set
557 2074 667 2127 natura
701 2060 887 2150 praecedere
921 2078 1046 2124 neeesse
1083 2074 1139 2136 eu,

218 2171 290 2215 uum
313 2150 449 2237 seipsum
472 2148 624 2234 intelligiu
646 2168 709 2215 nnn
732 2150 826 2227 enim,
849 2168 921 2214 eunt
943 2168 977 2213 εε
999 2146 1141 2233 intelligit

219 2238 290 2303 lacit
315 2251 412 2304 totum
436 2237 603 2324 objectum,
625 2238 680 2304 sed
692 2237 805 2325 aliquid
821 2238 902 2303 eirea
914 2236 1027 2324 ipsum
1042 2235 1142 2302 induit

220 2328 302 2392 enirn
326 2348 370 2406 se,
392 2340 422 2393 et
446 2328 504 2394 hoe
527 2338 572 2392 est
595 2326 725 2392 terbum
748 2328 807 2405 eui,
829 2347 900 2391 eum
921 2345 956 2391 ιε
989 2324 1141 2410 intelligit

220 2422 390 2481 nonenim
414 2430 460 2481 est
482 2415 565 2482 uliud
589 2435 606 2481 a
630 2415 862 2502 quoxeeeipitur
883 2414 1002 2501 speeies
1040 2412 1081 2479 ub
1102 2432 1141 2478 en

222 2505 260 2568 ud
283 2506 366 2590 quod
392 2506 584 2584 terminetur,
606 2503 662 2570 sed
684 2504 780 2569 idem.
813 2502 880 2569 Set
897 2504 969 2589 quin
1001 2500 1058 2567 istu
1096 2516 1142 2568 est

220 2596 338 2679 speeies
361 2595 416 2673 nei,
441 2607 470 2659 et
492 2613 554 2659 nnn
578 2593 681 2678 genitu
703 2592 744 2658 de
766 2594 896 2658 essentia
918 2589 1140 2669 nudulnemn·

221 2699 285 2748 tum
311 2683 440 2748 verbum
463 2683 502 2747 de
525 2683 628 2747 enimn
651 2700 707 2768 per
739 2681 875 2769 speeiem
914 2678 959 2745 rei
995 2698 1058 2744 unu
1096 2692 1142 2745 ett

221 2790 334 2857 purum
359 2772 487 2837 uerbum
510 2772 643 2849 animae,
666 2768 723 2835 sed
746 2770 791 2834 rei
813 2769 921 2836 diutue.
945 2768 978 2833 Si
994 2786 1069 2833 tero
1084 2789 1141 2834 nu·

222 2859 326 2925 dutum
349 2860 389 2925 ab
412 2860 497 2927 omni
520 2880 554 2925 re
576 2878 610 2925 te
633 2857 880 2946 apprehenderet
902 2871 933 2923 et
960 2856 1073 2922 similia
1095 2858 1142 2923 sui

222 2950 252 3013 in
276 2968 310 3015 se
333 2949 484 3035 gigneret,
495 2950 553 3015 hou
576 2948 643 3033 ejus
666 2946 794 3012 terbum
818 2960 898 3013 estet
920 2966 1045 3033 purum,
1066 2945 1143 3011 nihil

222 3052 403 3103 extraneum
427 3037 545 3104 habent
567 3037 750 3102 admixtum.
772 3034 849 3101 'lule
871 3049 918 3101 εει
934 3034 1070 3101 Verbum
1085 3034 1143 3099 Dei

223 3126 306 3213 quod
330 3126 412 3192 idern
435 3139 481 3193 εει
504 3126 536 3192 in
559 3140 667 3193 nature
690 3144 763 3190 eum
782 3123 877 3191 Putre
899 3123 1020 3189 dicente
1042 3122 1143 3209 ineunt

223 3216 369 3281 Verbum.
398 3214 532 3284 Verbum
555 3228 659 3281 tamen
682 3214 805 3280 unimne
835 3213 886 3278 tuli
924 3211 1019 3286 mntlu
1041 3230 1076 3277 se
1097 3211 1141 3277 ti-

225 3307 319 3371 eentis
345 3303 422 3371 toret
444 3304 597 3384 enuidens,
619 3316 650 3368 et
671 3322 728 3390 pen
751 3308 835 3368 tanto
861 3301 1001 3368 diversae
1015 3312 1142 3365 naturae

223 3392 303 3457 leret
324 3394 363 3457 eb
385 3395 501 3473 anime,
522 3412 593 3459 eum
615 3389 760 3470 uueidene
781 3392 828 3457 sui
862 3388 942 3458 leret
963 3402 994 3455 et
1016 3409 1034 3455 u
1055 3399 1142 3455 teet

225 3480 264 3543 de
286 3499 320 3545 se
343 3479 468 3560 factunm
490 3482 555 3567 ipsu
577 3480 663 3546 enim
700 3479 902 3547 substantiam
940 3476 1043 3545 lucere
1079 3496 1142 3543 nnn
