2484 3975
234 215 277 283 ffl
542 230 809 277 mmmm

232 316 362 371 naturae
394 320 465 369 curn
489 300 566 388 ipso.
590 301 642 367 Est
662 320 738 386 crgo
761 298 898 367 Verbum
920 297 979 365 Dei
1011 302 1159 386 genitum

231 412 305 457 uere
326 412 343 455 c
367 389 433 457 [leo
456 390 587 470 dicente
611 403 642 455 et
663 394 731 475 ejus
755 388 911 475 processio
932 394 1090 473 generatio
1102 392 1157 456 uel

231 482 379 547 nativitas
401 478 461 546 dici
489 492 598 567 potest.
633 478 711 544 llinc
741 491 788 543 εει
824 476 908 563 quod
930 477 1050 545 dicitur.
1088 478 1160 565 Epo

233 570 324 635 bodie
344 570 437 654 penui
463 578 501 647 te,
524 567 650 646 Psalm„
672 568 706 646 Ἰ,
733 566 765 644 7,
787 564 819 631 itl
841 578 888 632 εει
910 565 941 631 in
964 567 1161 647 aeternitate,

232 678 312 745 quae
334 676 459 744 semper
483 669 529 722 εει
552 676 707 742 praesens,
732 668 765 723 et
784 654 870 723 nulla
892 669 939 722 εει
959 657 992 721 in
1015 675 1052 722 ea
1073 657 1158 723 ratio

230 748 387 835 praeteriti
410 759 441 811 et
467 743 571 811 loturi.

303 834 389 900 Unde
412 845 494 921 patet
516 832 628 899 falsum
652 852 720 899 ecce
755 831 841 919 quod
862 832 966 897 triani
1003 831 1162 910 dixerunt,

232 925 317 1012 quod
349 924 440 989 Pater
473 922 579 1006 genuit
612 920 724 989 Filium
758 920 925 998 voluntate
957 940 1038 1007 qnae
1068 923 1160 988 caim

233 1011 405 1081 voluntarie
428 1010 506 1077 liunt
530 1030 591 1075 non
615 1011 765 1077 naturalia
786 1022 868 1076 sunt.
891 1010 971 1091 Quia
994 1030 1067 1077 uero
1091 1032 1161 1079 non

233 1103 337 1171 minus
359 1114 405 1165 εει
438 1098 522 1185 quod
561 1099 645 1163 Deus
678 1099 718 1165 de
751 1097 853 1185 seipso
886 1097 1028 1185 intelligit
1060 1118 1160 1185 quam

233 1188 319 1277 quod
342 1188 373 1253 in
398 1190 464 1275 ipso
500 1201 546 1253 εει
567 1187 670 1275 (aliae
698 1209 761 1256 non
799 1186 982 1271 intelligeret
1017 1189 1160 1273 ceipaom

234 1277 380 1367 perfecte,
393 1296 547 1343 necsuuro
560 1291 715 1343 eccceccet
726 1295 818 1344 auum
830 1275 1025 1361 intelligere),
1033 1291 1161 1362 oportet

234 1366 371 1433 Verbum
393 1364 452 1433 Dei
464 1364 531 1431 [leo
544 1385 611 1431 ecce
622 1365 794 1432 enectine.
810 1364 875 1431 Hoc
890 1379 994 1431 autem
1002 1378 1049 1433 εει
1059 1365 1162 1433 rium

235 1455 307 1523 Deiu
326 1455 378 1521 Est
401 1454 494 1533 igitur
510 1454 609 1520 ¹Filius
634 1454 689 1519 Dei
713 1454 795 1519 Patri
818 1453 997 1521 essentialia.
1019 1490 1064 1504 -
1090 1455 1161 1521 ttoc

238 1546 331 1611 etiam
356 1543 427 1609 bino
450 1542 647 1610 manifestum
661 1555 717 1609 eet
738 1541 822 1629 quod
846 1541 942 1609 Filius
978 1543 1046 1624 Dei,
1081 1563 1160 1610 enm

237 1636 390 1701 eitverns
414 1631 506 1712 lilius,
529 1630 621 1697 babet
642 1631 777 1718 speeiem
800 1643 832 1695 ct
868 1644 1011 1699 naturam
1045 1632 1160 1700 Patris.

236 1722 367 1789 Cuilibet
390 1736 493 1787 eutem
516 1734 644 1787 naturae
666 1719 870 1787 determinata
891 1723 1044 1805 queantur
1059 1722 1161 1788 debe·

236 1826 296 1888 tor;
319 1810 401 1875 unde
424 1812 516 1875 ctiam
540 1809 623 1895 apud
645 1827 704 1874 nos
742 1807 825 1873 lilius
860 1808 900 1873 ad
937 1810 1161 1897 aequalitatem

237 1901 331 1990 patris
354 1897 532 1985 perducitur
554 1899 586 1965 in
609 1896 676 1971 line,
694 1898 902 1981 generationis
934 1913 965 1963 et
978 1902 1163 1985 augmenti,

236 1989 295 2056 nisi
334 1985 443 2075 aliquis
477 1986 613 2054 delectus
652 1998 798 2073 appareat
831 2000 957 2075 propter
995 1989 1165 2056 materiam

236 2078 451 2164 indispositam
474 2089 505 2142 ει
527 2088 653 2162 propter
675 2075 866 2141 debilitatem
900 2079 1019 2144 virtutis
1040 2079 1164 2144 activae

167 2221 171 2232 s
236 2169 268 2234 in
291 2166 501 2252 generatione:
524 2179 555 2228 et
577 2164 704 2250 quidem
727 2163 852 2250 quoda
889 2165 1040 2253 principio
1074 2165 1164 2233 lilius

237 2267 382 2324 nascatur
404 2253 507 2319 minor
530 2267 627 2339 patre,
648 2252 799 2337 contingit
827 2272 865 2319 er
888 2256 949 2320 boe
984 2253 1068 2341 qcrod
1091 2257 1163 2321 ani·

237 2345 330 2412 malie
350 2342 507 2428 ueneratio
531 2340 670 2428 procedit
692 2340 732 2404 de
754 2343 889 2427 potentia
923 2343 962 2410 ad
1000 2357 1103 2410 actum
1126 2359 1165 2410 et

259 2433 386 2502 aulatim
399 2430 520 2499 ducitur
543 2430 582 2496 da
605 2427 837 2517 imperfectione
859 2431 899 2497 ad
924 2430 1163 2517 perlectionem.

236 2454 319 2588 llihil
341 2535 445 2586 cutem
470 2519 581 2586 borum
604 2532 654 2584 εει
677 2517 822 2604 possibile
844 2518 876 2584 in
898 2521 1001 2586 divina
1028 2541 1163 2607 genera-

238 2611 322 2676 tione
344 2608 496 2685 ncciderc‚
519 2607 590 2695 quic
614 2607 773 2693 generatio
802 2606 904 2674 divina
942 2627 1006 2675 non
1039 2622 1087 2676 est
1119 2628 1165 2676 ex

238 2697 367 2766 materia
390 2717 448 2764 nec
470 2716 526 2784 par
548 2696 665 2762 exitum
687 2694 728 2760 de
750 2697 886 2781 potentia
908 2697 941 2762 in
963 2711 1076 2778 netum,
1099 2718 1166 2765 nec

238 2788 337 2856 uirtus
358 2786 417 2853 Dei
441 2785 616 2870 generantis
639 2796 739 2870 potest
760 2803 829 2850 εεεε
850 2785 1008 2865 deficiens,
1029 2788 1167 2853 comsit

237 2876 368 2944 infinita.
390 2872 521 2960 Oportet
544 2875 638 2962 igitur
659 2871 770 2938 filium
792 2870 849 2938 Dei
884 2874 967 2940 Patri
1004 2894 1073 2942 esce
1107 2896 1167 2941 ae·

238 2964 375 3053 qualem.
397 2997 442 3012 -
464 2963 551 3043 item,
573 2963 599 3028 si
622 2961 717 3027 Filius
738 2961 778 3026 sit
814 2960 896 3028 Patri
918 2963 1108 3050 inaequalia·
1123 2986 1167 3030 o·

262 3065 342 3120 ortet
363 3049 457 3118 aliani
480 3070 611 3118 nurnero
634 3069 702 3116 asae
732 3049 977 3134 magnitudinem
1009 3052 1109 3120 Patris
1131 3068 1169 3120 ct

239 3074 321 3220 ldie
344 3161 417 3207 nam
440 3138 551 3206 ecdem
563 3157 695 3206 numero
706 3138 860 3224 quandtce
871 3161 933 3206 non
950 3155 1048 3228 potest
1058 3142 1168 3228 seipsa

241 3250 311 3301 ecoe
332 3229 433 3314 major
455 3242 485 3296 et
507 3231 619 3296 minor.
642 3227 754 3292 Divina
775 3239 879 3294 nutem
895 3229 1075 3314 magnitudo
1098 3250 1169 3296 cron

241 3333 289 3402 εει
311 3318 395 3384 aliud
440 3335 511 3391 uam
534 3318 601 3406 ejuc
623 3316 767 3394 meantia,
801 3329 835 3382 ut
870 3335 908 3382 cx
941 3318 1043 3406 primo
1081 3317 1170 3386 libro

243 3411 285 3491 (e.
308 3407 352 3474 Ἡ
374 3338 486 3492 alli)
510 3419 648 3493 apparet.
670 3404 732 3474 Erit
751 3403 845 3490 igitur
866 3406 926 3476 alia
959 3427 1093 3476 numero
1115 3427 1171 3474 ea·

243 3496 343 3565 aaran
364 3495 463 3564 Patris
485 3506 516 3562 et
538 3493 616 3574 Filii;
638 3491 729 3581 cujus
746 3494 937 3571 ‚conuitium
951 3517 1047 3587 cupra
1060 3509 1173 3568 onen-
