2484 3975
395 250 434 298 nn
459 249 531 294 sitin
556 250 590 294 nr
615 248 751 295 essnnrn
973 222 1037 294 597

111 318 141 382 in
163 316 413 403 praedicamento
435 319 637 397 substantiae,
673 318 785 382 dicitur
809 336 846 381 ex
880 336 917 379 eo
952 318 1036 404 quud

110 406 201 471 hebet
222 407 316 473 talem
339 424 481 475 naturam
506 422 540 473 ut
561 411 592 473 in
617 428 655 473 ec
670 406 830 489 designari
841 406 957 490 possint
976 420 1036 471 tres

109 495 357 571 dimensiones;
350 518 434 584 tpsac
457 510 559 561 eutem
584 513 646 561 tres
669 495 879 559 dimenstoues
892 494 1035 577 designa

111 596 158 650 tae
179 598 251 649 sunt
273 605 387 673 eorpus
410 588 494 672 quod
518 600 564 651 est
586 587 617 650 in
631 602 745 670 genere
759 583 944 669 quantitatis.
958 583 1038 649 Con

110 673 195 775 tingit
218 687 321 738 autem
345 675 376 739 in
401 675 492 740 rebus
516 690 549 739 ut
572 674 656 761 quod
681 673 774 737 ltabet
801 692 895 735 unam
935 672 1035 758 perfe»

109 763 242 827 ctionem
266 763 304 826 ad
329 764 507 829 ulteriorem
530 764 750 863 perfectionem
775 762 937 848 pertingat,
960 762 1038 826 sicut

111 862 191 936 patet
213 853 243 915 iu
260 854 405 932 homine,
427 854 479 939 qui
503 868 643 919 naturam
668 852 843 917 sensitivam
883 851 975 914 ttrtbet
1005 864 1035 914 et

110 939 236 1003 ulterius
258 940 486 1006 intellectivam.
510 935 659 1007 Similiter
682 940 774 1003 etiam
797 953 828 1003 et
844 958 938 1024 super
955 939 1034 1002 fratrc

109 1028 339 1130 perfectionem,
362 1050 442 1116 quae
455 1032 630 1096 esthabere
643 1028 734 1095 talem
749 1027 881 1093 formam
905 1040 937 1091 ut
950 1027 981 1091 in
998 1048 1035 1091 eu

109 1118 226 1202 possint
250 1132 310 1182 tres
333 1119 542 1184 dimensiones
564 1119 731 1204 designari,
756 1130 855 1202 potest
883 1115 941 1179 alia
966 1135 1035 1201 per·

108 1204 199 1270 fertio
221 1206 360 1292 adjungi,
383 1222 416 1274 ut
435 1209 495 1273 tita
519 1208 568 1280 tel
590 1208 706 1294 aliquid
731 1205 918 1289 hujusmodi
933 1205 1036 1269 Potest

104 1314 181 1379 ergo
205 1294 264 1359 hoe
286 1317 401 1360 nomen
425 1319 538 1381 eorpus
561 1318 627 1363 rem
651 1294 820 1383 quamdam
860 1294 1035 1395 designare,

108 1402 186 1468 quae
210 1384 303 1448 ltebet
327 1386 418 1450 talem
443 1386 589 1465 formam,
612 1408 649 1451 ex
674 1405 734 1471 qua
758 1382 903 1469 sequitur
916 1384 945 1447 in
970 1384 1033 1469 ipsu

106 1472 335 1557 designabilitas
359 1476 451 1539 trium
475 1476 705 1540 dimensionum
728 1492 799 1537 cum
833 1471 1034 1558 praecisione,

107 1574 141 1625 ut
161 1562 277 1626 scilieet
299 1582 336 1628 ex
360 1563 410 1629 illa
434 1563 534 1630 forma
555 1563 639 1629 nulla
664 1563 790 1627 ulterius
805 1560 961 1662 perfectio
984 1582 1033 1625 se-

105 1663 228 1736 quatur,
250 1652 316 1728 sed,
339 1654 364 1717 ei
387 1655 503 1739 aliquid
528 1653 610 1718 alind
633 1649 866 1757 superadditur,
892 1652 930 1725 sit
946 1670 1035 1735 prae-

107 1751 153 1803 ter
174 1740 430 1841 significationem
454 1742 592 1829 corporis
614 1746 659 1807 sic
682 1740 765 1817 dicti,
788 1752 817 1803 et
842 1740 900 1801 hoc
938 1740 1033 1803 modo

106 1847 219 1929 eorpus
231 1830 290 1893 erit
312 1830 481 1896 materialis
495 1847 526 1895 et
541 1831 699 1915 integralis
707 1848 782 1915 pars
797 1826 948 1905 animalis,
959 1830 1031 1914 quia

103 1916 148 1980 sic
170 1918 273 1981 anima
296 1918 354 1982 erit
376 1920 551 2006 praeteriti
576 1920 678 2023 quod·
689 1916 894 2003 significatum
913 1930 960 1980 est
977 1936 1033 1979 no-

102 2007 190 2070 mine
212 2009 351 2108 corporis
372 2023 405 2073 et
426 2012 648 2096 superueniens
672 2009 728 2095 ipsi
744 2007 876 2094 corpori,
892 2005 932 2068 ita
950 2006 1034 2107 quod

102 2116 140 2159 ex
163 2095 237 2182 ipsis
261 2098 394 2175 duobus,
417 2100 532 2163 scilicet
555 2119 592 2163 ex
615 2099 719 2162 anima
745 2109 775 2160 et
798 2113 943 2196 corpore,
957 2097 1035 2160 sicut

102 2203 141 2248 ex
166 2185 312 2269 partibus
335 2188 536 2251 constituitur
554 2186 679 2252 animal.
704 2186 807 2250 Potest
845 2185 938 2248 etiam
974 2177 1034 2248 froc

101 2291 217 2336 nomen
240 2294 352 2358 mrpue
375 2276 435 2340 lroe
457 2276 552 2340 modo
575 2275 671 2360 accipi
707 2289 740 2338 ut
778 2272 928 2356 significet
965 2291 1032 2336 rem

100 2363 270 2445 quemdem
294 2383 374 2449 quae
398 2365 490 2428 ltabet
515 2365 606 2429 talem
633 2363 776 2440 formam,
800 2381 837 2425 ex
877 2381 937 2446 tJuu
962 2381 1032 2446 pos-

101 2453 164 2513 siut
188 2452 218 2515 in
241 2471 277 2516 ea
301 2467 362 2517 tres
384 2454 595 2518 dimensiones
619 2453 786 2537 designari,
819 2469 1034 2534 quaecumque

101 2539 204 2602 forma
227 2541 266 2603 sit
288 2541 351 2620 itta,
373 2543 438 2608 sive
460 2563 498 2606 ex
520 2562 556 2607 ea
581 2543 676 2628 possit
700 2540 863 2627 provenire
886 2538 943 2602 alia
957 2539 1034 2603 ulte·

100 2627 169 2691 rior
191 2629 350 2714 perfectio,
371 2632 437 2695 siue
461 2651 535 2732 non,
558 2646 589 2694 et
612 2633 672 2694 froc
695 2629 790 2694 modo
830 2646 943 2712 corpus
976 2641 1034 2694 errt

99 2736 204 2801 genus
225 2717 378 2798 animalis,
400 2719 472 2806 quia
497 2719 676 2783 inanimali
700 2717 798 2782 nihil
812 2729 859 2780 est
894 2716 1034 2816 accipere

98 2805 218 2891 quud
211 2826 243 2870 m
264 2807 629 2894 corporeimplieitenon
643 2807 848 2873 contineatur.
864 2803 930 2869 Non
946 2806 1031 2873 enirn

96 2894 205 2958 anime
229 2909 276 2959 est
299 2895 357 2961 ulia
380 2897 421 2962 ab
444 2898 495 2962 illa
518 2897 617 2962 fornia
642 2915 813 2982 perquam
852 2895 884 2959 in
924 2913 957 2958 re
981 2893 1032 2960 illa

95 2997 244 3069 poterant
267 2984 331 3048 desi
356 2986 422 3050 nari
446 2999 507 3052 tres
531 2987 751 3061 dimensiones;
767 2998 797 3049 et
811 2984 891 3066 ideo,
907 2986 1032 3068 quando

94 3070 243 3138 dicebam
261 3005 354 3159 quod
375 3094 488 3161 corpus
511 3089 557 3139 est
579 3074 662 3160 quod
699 3073 811 3138 habeut
846 3071 937 3137 talem
972 3071 1032 3136 for-

92 3180 185 3225 trram
208 3182 246 3227 ex
270 3181 331 3248 qua
355 3177 484 3251 possunt
506 3162 663 3247 designari
687 3177 749 3227 tres
767 3161 1031 3235 dimensiotres‚iu

89 3267 135 3314 eu
139 3250 369 3352 intelligebam
393 3271 609 3338 quaecumque
632 3251 732 3316 forma
754 3264 835 3315 esset
869 3249 931 3326 illa,
965 3250 1029 3313 sire

90 3339 201 3404 anima
224 3353 320 3419 esset,
341 3341 407 3404 site
431 3340 600 3426 lapideum,
624 3341 688 3404 sire
723 3357 942 3426 quaecumque
973 3336 1031 3402 alra

88 3425 209 3529 forma3
232 3429 329 3494 etsie
353 3428 453 3505 forma
478 3428 622 3505 animalis
646 3427 841 3516 implicite
835 3450 866 3493 ιιι
901 3446 1031 3512 corpore

88 3515 217 3582 sivein
236 3510 380 3618 eorporis
404 3517 505 3585 forma
526 3517 714 3599 continetur,
736 3530 828 3606 prout
849 3535 962 3604 corpus
985 3529 1031 3580 est

85 3622 194 3691 genus
216 3605 293 3693 eJ'ut.
