2484 3975
337 231 375 274 ur
397 212 579 277 strueremus
601 228 756 274 summus
937 212 1003 280 tut

89 299 199 386 piieiter
221 319 299 370 esse,
322 312 503 384 sequeretur
525 297 609 385 quod
631 317 694 361 nun
731 297 910 384 simpliciter
948 301 1003 368 [iat

86 410 137 453 erit
160 394 217 454 boe
240 387 323 473 quod
348 388 432 473 prius
456 408 517 452 non
541 401 616 465 erat;
634 385 715 450 uude
731 387 902 452 seeundum
925 391 1001 475 quid

87 477 288 559 generabitur,
310 493 341 538 et
364 496 426 541 nun
449 476 637 563 simpliciter.
662 473 754 539 Tollit
790 475 929 554 demum,
970 491 1003 546 ut

86 566 210 630 tinniiter
231 565 427 641 concludam,
452 565 605 650 praedicta
630 563 739 649 positio
776 565 867 630 etiam
904 568 1003 652 putto-

83 653 205 737 suphite
228 657 345 739 primae
367 654 525 740 principia,
548 651 691 717 auferens
713 651 860 718 unitatem
899 675 915 720 a
938 656 1003 721 sin·

83 743 158 828 gutia
180 744 283 821 rebus,
306 757 337 806 et
374 763 428 828 per
465 762 659 828 certaequens
698 761 801 806 veram
840 742 1000 812 entitatem

83 832 170 897 simul
192 846 223 895 et
245 851 349 896 rerum
373 830 592 908 diversitatem3
614 832 638 893 si
663 829 746 893 euim
769 829 858 895 alicui
871 833 1003 900 eristen·

84 921 103 985 ti
126 923 155 985 in
177 934 245 985 aetu
269 921 464 1006 superveniat
485 919 563 985 atius
585 932 681 994 aetus,
705 939 767 984 uon
807 920 864 984 erit
901 933 1000 989 totum

83 1031 176 1074 unum
199 1029 254 1096 per
276 1030 319 1086 se,
341 1008 397 1073 sed
418 1007 521 1073 sulum
544 1026 599 1095 per
621 1007 774 1086 accidens,
785 1029 823 1073 eo
839 1009 923 1094 quod
938 1009 1001 1076 dun

83 1112 165 1164 aetus
187 1099 235 1162 vel
257 1097 376 1162 formae
398 1098 568 1162 seeundum
591 1117 625 1160 se
649 1097 786 1164 diversae
808 1111 890 1176 suut,
928 1119 1003 1165 eon·

82 1189 205 1252 ueniunt
226 1203 330 1251 autem
353 1187 455 1251 seium
479 1187 510 1250 in
533 1186 682 1268 subjecto,
706 1200 890 1251 essetutem
904 1208 1001 1256 uuum

82 1297 136 1362 per
158 1278 305 1341 unitatem
328 1275 469 1361 subjecti,
491 1288 538 1339 est
561 1293 628 1338 ease
652 1295 747 1339 unum
773 1294 827 1361 per
849 1276 1002 1344 accidens:
1083 1278 1086 1290 '

81 1366 143 1430 site
164 1365 244 1429 duae
269 1363 387 1429 formae
409 1368 469 1428 sint
492 1384 554 1428 nou
588 1361 747 1428 ordinatae
785 1363 823 1428 ad
861 1364 1004 1444 invicem,

80 1468 113 1519 ut
135 1454 238 1519 album
263 1467 294 1516 et
316 1454 480 1530 musicum,
502 1471 584 1537 quae
606 1466 678 1514 suut
702 1473 798 1517 unum
833 1473 888 1538 per
921 1456 1003 1520 aeci·

80 1543 158 1608 dena
178 1546 195 1629 (
208 1541 340 1607 dicimus
362 1542 445 1605 enim
468 1541 552 1626 quod
575 1540 679 1605 album
703 1554 733 1604 et
756 1542 908 1607 musicum
931 1561 1006 1610 sunt

79 1651 175 1696 uuum
197 1653 252 1713 per
274 1630 429 1707 accidens,
451 1631 521 1716 quia
547 1631 651 1693 insunt
674 1630 725 1693 uui
748 1629 916 1716 subjecto)
938 1635 1003 1698 site

78 1722 169 1786 etiam
194 1720 311 1785 formae
333 1719 381 1783 uei
404 1733 488 1783 actua
511 1718 571 1783 sint
594 1717 632 1782 ad
661 1719 792 1783 invicem
831 1719 1003 1798 ordinatae,

76 1811 155 1875 sieut
175 1809 262 1874 color
284 1821 314 1872 et
336 1807 524 1894 superficiem
548 1827 611 1871 uon
634 1807 716 1871 euim
739 1819 785 1871 est
822 1809 1000 1894 aiurplieiter
1045 1855 1051 1862 -

77 1919 174 1963 unum
196 1897 425 1984 superfluitatum
448 1910 479 1960 et
490 1896 671 1972 eoloraturm
685 1908 716 1960 et
730 1896 756 1960 si
767 1896 999 1982 quodammodo

75 1989 247 2053 coloratum
270 2010 327 2075 per
347 2006 382 2051 se
405 1985 444 2050 de
473 1983 667 2073 superdei-ato
707 1989 911 2072 praedicetur,
934 2009 998 2053 non

75 2079 155 2163 (est)
176 2078 248 2163 quia
270 2074 500 2163 superfluitatum
522 2074 674 2158 signifieat
695 2076 858 2139 essentiam
871 2076 997 2141 colorati

75 2167 156 2230 sieut
177 2185 276 2251 genus
295 2163 447 2249 signifieat
469 2164 632 2228 essentiam
655 2164 779 2245 speciei,
815 2164 870 2228 sed
893 2186 929 2229 ea
953 2185 1000 2229 ta·

76 2257 162 2320 tione
183 2274 244 2340 qua
267 2254 439 2337 subjeetum
463 2254 587 2337 punitur
609 2252 641 2313 iu
665 2250 843 2317 definitione
858 2252 1000 2319 acciden-

75 2347 123 2421 tis,
148 2344 283 2430 alioquin
308 2362 370 2407 nou
394 2342 622 2427 praedicaretur
644 2339 815 2405 coloratum
839 2339 878 2405 de
893 2362 1001 2429 super·

73 2434 178 2498 [iciato
202 2452 257 2519 per
279 2452 323 2510 se,
346 2430 400 2495 sed
425 2432 484 2495 boe
517 2428 556 2493 de
594 2429 657 2493 itto.
692 2429 765 2494 Soin
803 2442 907 2495 autem
943 2432 1001 2497 boe

74 2520 172 2585 modo
195 2521 312 2607 speeies
335 2533 381 2583 est
405 2539 500 2583 unum
524 2517 712 2604 simplicitet,
729 2520 911 2605 inquantum
928 2539 999 2585 vere

74 2610 106 2675 id
130 2610 217 2694 quod
239 2611 402 2684 esthemo
440 2603 554 2672 animal
586 2618 643 2683 est,
681 2626 743 2671 nou
776 2608 847 2692 quia
884 2608 999 2673 animai

71 2699 255 2785 subjiciatur
277 2698 395 2763 formae
418 2696 562 2773 hominia,
584 2696 639 2759 aed
662 2695 732 2781 quia
756 2694 821 2781 ipsa
846 2694 943 2761 forma
959 2697 999 2762 ai·

69 2790 218 2873 gnificata
242 2807 297 2875 per
317 2787 399 2851 hune
422 2786 587 2851 terminum
609 2784 730 2848 animati
763 2784 928 2869 aliquando
950 2798 997 2851 est

69 2877 174 2943 forma
199 2874 334 2941 hominis
347 2896 409 2939 nun
434 2875 579 2939 differens
593 2874 649 2937 nisi
663 2874 742 2938 sieut
757 2872 999 2939 determinatum

72 2966 114 3031 ab
139 2964 388 3030 indeterminato:
410 2964 436 3027 si
459 2964 540 3028 enim
565 2960 648 3026 uliud
670 2962 709 3025 sit
729 2962 845 3027 animai
869 2976 898 3027 et
915 2962 1000 3028 aliud

72 3054 176 3142 bipes,
200 3074 262 3118 non
282 3052 342 3117 erit
364 3070 420 3139 per
439 3071 473 3115 ae
496 3072 593 3117 unum
615 3051 730 3115 animai
746 3053 842 3137 bipes,
855 3050 939 3137 quod
954 3062 1001 3116 est

71 3145 184 3222 homo,
208 3141 291 3207 unde
312 3160 371 3205 nee
390 3140 449 3205 erit
471 3160 527 3226 per
547 3160 583 3205 se
604 3160 668 3203 eus.
682 3140 718 3203 Et
729 3160 784 3226 per
809 3158 1002 3227 consequens

68 3246 260 3319 sequeretur
282 3229 366 3315 quod
390 3246 605 3315 quaecumque
627 3228 659 3291 in
689 3248 803 3311 genere
815 3234 1004 3293 conueniunt

68 3341 137 3386 non
163 3320 306 3386 differant
330 3318 387 3384 uisi
410 3316 594 3382 accidentali
617 3315 799 3393 differentiass
838 3330 868 3381 et
896 3319 1002 3383 omnia

69 3422 168 3475 eruut
193 3430 290 3475 uuum
313 3405 484 3473 seeundum
507 3404 721 3484 substantiam,
743 3421 884 3492 quaeest
906 3428 1004 3492 geum

68 3513 101 3565 et
125 3497 304 3585 subjeetum
327 3496 468 3563 omnium
490 3494 742 3566 substantiarum:
764 3498 852 3577 sicut,
889 3496 914 3563 si
951 3513 1002 3563 au·
