2484 3975
229 239 292 307 m
538 263 845 311 mmmm.
1212 305 1213 308 ,

227 325 408 416 sequeretur
429 331 513 418 quod
536 337 566 398 iu
583 355 645 399 uno
661 334 785 399 homine
807 347 851 399 tot
873 346 975 399 essent
997 332 1145 421 hyposta⁴

228 439 277 485 ses
300 432 376 505 quot
397 435 469 485 sunt
491 437 601 509 partes.

291 508 383 590 Quod
405 529 479 574 uero
503 511 668 576 undecimo
691 511 866 596 oppositum
891 508 946 575 fuit
969 531 1006 575 ex
1029 509 1145 575 eosoi-

225 596 305 661 uitur
327 597 410 681 quod
434 600 643 685 aequivocatio
668 601 821 665 inducitur
836 619 874 663 ert
897 598 1016 663 diversa
1041 597 1145 663 forma

226 685 394 770 significata
420 707 602 770 peromnem,
615 709 677 753 uon
695 701 798 753 autern
812 709 848 752 ex
872 687 1045 753 diversitate
1068 708 1144 772 sup-

227 775 385 860 positionis
396 776 458 860 (i).
474 775 540 840 Non
557 778 640 842 enirn
654 778 712 842 hoc
737 797 850 842 nomen
866 777 955 840 houm
979 775 1148 860 aequivoce

226 865 357 929 sumitur
368 884 404 928 ex
427 865 559 950 eoquod
574 865 761 952 quandoque
774 866 917 952 supponit
935 886 991 951 pro
1007 865 1148 938 Platone,

227 952 416 1037 quandoque
439 974 495 1040 pro
518 953 652 1019 Socrate.
679 953 742 1020 Hoc
766 955 857 1038 igitur
892 974 1006 1018 nomen
1044 953 1149 1026 horno,

229 1041 269 1106 de
292 1040 413 1107 Christo
435 1042 528 1106 etde
552 1042 617 1108 aiiis
642 1043 819 1108 homiuibus
856 1041 983 1120 dictum,
1022 1061 1148 1128 semper

228 1130 371 1196 eamdem
395 1129 526 1195 sormam
553 1131 716 1216 significat,
731 1132 844 1196 scilicet
875 1145 1014 1195 naturam
1033 1130 1147 1194 huma·

230 1239 314 1298 uam,
327 1219 409 1283 unde
433 1219 562 1284 univoce
575 1221 768 1308 praedicatur
779 1222 817 1285 de
829 1221 884 1294 eis;
906 1219 961 1284 sed
977 1220 1148 1305 suppositio

228 1321 346 1373 tanturn
369 1308 503 1373 variatur
527 1310 556 1373 in
583 1313 642 1374 hoc
664 1307 758 1396 quod,
781 1308 950 1374 seeundum
974 1307 1057 1394 quod
1093 1328 1148 1393 pro

226 1395 346 1462 Christo
373 1397 516 1475 sumitur,
539 1401 683 1486 supponit
707 1399 893 1484 hypostasim
908 1399 1088 1474 increatum,
1104 1417 1149 1460 se-

224 1486 359 1587 cundum
383 1506 456 1551 vero
480 1488 563 1573 quod
589 1509 646 1574 pro
670 1487 734 1553 aliis
758 1489 900 1563 sumitur,
923 1484 1067 1572 supponit
1094 1487 1149 1570 hy·

225 1587 372 1659 postasrm
395 1589 540 1640 creatam.

293 1663 399 1748 Neque
422 1679 524 1728 autern
549 1665 720 1750 hypostasis
743 1662 836 1731 Verbi
860 1662 969 1727 dicitur
992 1679 1059 1726 esse
1077 1683 1150 1747 sup

226 1752 358 1834 positum
383 1754 537 1817 humanae
560 1767 689 1818 naturae
712 1752 797 1838 quasi
827 1751 1007 1834 subjiciatur
1045 1754 1074 1816 ei
1117 1765 1149 1814 ut

228 1839 407 1916 formation,
430 1843 507 1906 sicut
530 1841 714 1907 duodecima
738 1842 818 1907 ratio
841 1840 1042 1926 proponebat.
1082 1839 1150 1903 Hoc

226 1930 310 1994 enirn
334 1944 413 1996 esset
436 1932 655 2008 necessarium,
679 1933 702 1996 si
727 1929 897 2017 hypostasis
914 1929 1004 1996 Verbi
1022 1948 1078 2015 per
1094 1949 1149 1993 ua-

229 2032 328 2084 turam
353 2020 521 2085 humanam
538 2021 717 2107 simpliciter
739 2021 976 2085 constitueretur
1010 2018 1040 2081 in
1064 2038 1148 2094 esse;

225 2107 309 2191 quod
330 2122 412 2193 patet
435 2128 502 2172 esse
536 2108 658 2186 faisurm
697 2108 808 2173 dicitur
845 2111 929 2173 enim
970 2108 1145 2192 hypostasis

223 2196 317 2261 Verbi
342 2197 496 2260 humanae
508 2212 635 2262 naturae
650 2198 791 2283 supponi,
805 2210 895 2281 prout
908 2216 976 2260 earn
993 2193 1031 2259 ad
1056 2216 1146 2259 suam

224 2285 455 2349 subsistentiam
478 2287 581 2363 trahit,
602 2288 681 2351 sicut
704 2286 819 2371 ahquid
843 2284 974 2351 trahitur
996 2283 1035 2349 ad
1070 2282 1148 2349 aite-

224 2394 292 2438 rum
318 2374 449 2439 nobilius
472 2375 520 2439 eui
544 2378 657 2439 unitur.

290 2463 357 2527 Non
381 2476 483 2527 tamen
505 2465 643 2548 sequitur
667 2462 749 2550 quod
774 2462 908 2527 humana
934 2476 1039 2525 natura
1064 2463 1146 2525 acci-

226 2550 389 2615 dentaliter
421 2551 524 2618 Verbo
546 2552 699 2631 adveniat,
722 2573 758 2617 ex
793 2552 851 2616 hoc
889 2550 973 2637 quoti
1009 2548 1146 2615 Verbum

226 2640 265 2705 ab
288 2654 414 2705 aeterno
438 2641 617 2725 praeextitit,
641 2642 718 2706 sicut
742 2640 846 2705 ultima
870 2641 948 2704 ratio
978 2637 1145 2703 conclude·

227 2729 288 2793 bat.
312 2728 363 2793 Sic
386 2729 468 2792 enirn
492 2729 627 2794 Verbum
652 2730 818 2793 humanam
844 2743 984 2793 naturam
1021 2746 1144 2790 assum·

228 2818 286 2901 psit
309 2832 342 2881 ut
365 2837 436 2881 vere
458 2820 495 2882 sit
519 2818 622 2883 homo.
647 2816 720 2881 Esse
757 2832 860 2882 antem
901 2817 1060 2881 hominem
1095 2828 1144 2879 est

226 2925 294 2969 esse
318 2906 349 2969 in
372 2926 486 2989 genere
509 2907 705 2971 substantiae.
730 2906 808 2988 Quia
833 2906 985 2991 igiturest
1024 2903 1141 2969 unione
1212 2938 1213 2983 3

227 3008 355 3060 naturae
378 2998 533 3060 {cumanae
556 2996 728 3084 hypostasis
753 2994 844 3062 Verbi
868 2995 960 3059 habet
983 2992 1066 3079 quod
1104 2994 1146 3057 sit
1212 2994 1213 3031 i

279 3186 321 3253 (ii
338 3188 378 3241 Ec
396 3190 547 3243 diuersitate
564 3190 777 3255 suppositionis...
799 3204 812 3237 u
832 3188 984 3258 suppositio
1002 3184 1147 3239 definitur:

229 3260 326 3312 Positto
347 3262 450 3313 termini
468 3263 523 3314 ioco
544 3258 663 3332 alicujus,
683 3262 786 3330 dequo
805 3260 963 3313 verificatur.
982 3259 1045 3310 Cum
1065 3259 1146 3322 enirn,

213 3338 256 3391 ,ut
274 3332 359 3401 inquit
377 3334 540 3398 Aristoteles,
559 3348 612 3385 non
631 3332 706 3383 liceat
724 3336 791 3383 inter
810 3332 999 3399 disputandum
1020 3344 1061 3379 res
1073 3330 1146 3398 ipsas

226 3402 328 3466 afferre,
347 3405 448 3455 utimur
466 3402 583 3455 terminis
601 3404 656 3455 ioco
675 3419 773 3469 rerum,
792 3405 857 3455 sicut
869 3407 1146 3471 supputatoresutun·

225 3481 269 3525 tur
286 3475 389 3527 calculis
406 3476 461 3527 ioco
479 3476 660 3544 pecuniarum.
677 3474 748 3527 Talis
767 3482 948 3528 usn-suocatur
960 3472 1117 3540 Supposttto.
1128 3492 1144 3525 n

216 3545 257 3596 ,A,
276 3540 390 3612 Gaudio,
408 3546 471 3615 Lop.
490 3549 564 3613 mio,
583 3552 632 3597 art.
650 3544 677 3599 5.
