2484 3975
218 204 283 270 279
519 223 574 268 nte.
605 223 644 269 tr.
669 225 732 269 etr.
755 223 844 269 sarta.

219 306 248 359 et
271 288 417 357 charitate
440 310 509 355 esse
547 310 610 358 non
650 306 760 379 potest3
794 313 857 357 nun
889 289 973 357 enim
990 303 1133 361 ,aeterna

218 400 317 467 poena
341 392 387 443 est
409 378 467 447 nisi
490 400 546 465 per
568 384 794 469 separationem
818 402 837 445 a
860 379 938 456 Deo,
965 380 1015 445 eni
1037 381 1138 463 gratia

217 484 249 535 et
271 468 418 533 charitato
440 470 535 533 homo
559 472 783 556 cunjungitnrz.
805 471 882 535 haee
902 468 985 535 enirn
1022 469 1136 537 mentis

217 556 416 633 reordinatio,
439 577 519 643 qnae
531 558 572 622 in·
585 561 767 625 contritione
783 559 978 631 cousinium
993 557 1135 623 interiori

217 646 366 734 procedit,
389 646 467 711 idest
490 667 506 710 a
530 647 631 713 iiharo
654 649 782 714 arbitrio
816 667 887 713 eum
909 646 1062 731 adjutorio
1084 646 1134 709 di-

216 735 450 819 ainaegratiae..
468 734 546 817 Quia
571 757 645 801 vero
668 759 761 823 supra
785 738 841 821 (e.
868 735 938 823 eti)
975 748 1138 799 ostensum
1236 749 1237 802 t

217 824 368 909 estquod
391 824 535 889 meritum
560 824 670 890 Christi
694 847 751 912 pro
774 827 910 890 hunuano
943 842 1060 907 genere
1081 843 1137 907 pa-
1236 851 1237 876 t

217 914 321 978 tientis
344 910 383 975 ad
407 912 615 999 expiationem
646 914 786 980 omnium
810 926 1006 1001 peecatorum
1029 930 1139 996 opera
1236 925 1237 950 ³

218 1014 277 1081 tur,
301 1020 425 1067 neeesse
447 1015 503 1079 est,
526 1003 564 1066 ad
588 1003 649 1068 hou
682 1004 766 1089 quoti
801 1005 896 1067 homo
929 1002 969 1067 de
1009 1014 1138 1085 peceato
1236 1007 1237 1036 i

218 1090 377 1168 liberetur,
401 1090 483 1174 quod
505 1110 570 1155 non
593 1090 694 1156 solnm
718 1106 822 1156 mente
855 1091 921 1155 Deo
957 1088 1140 1166 adhaereat,

218 1179 272 1243 sed
296 1177 387 1243 etiarn
411 1179 571 1245 mediatori
587 1180 645 1245 Dei
668 1195 699 1244 et
721 1181 883 1244 hominnm
905 1178 978 1243 iesu
1004 1176 1139 1255 Christo,
1236 1247 1237 1252 γ

218 1268 249 1332 in
274 1287 336 1352 quo
360 1268 451 1334 datur
473 1268 615 1333 remissio
636 1271 776 1335 omnium
815 1284 1021 1355 pennatorum.
1057 1264 1139 1332 Nam
1236 1267 1237 1282 ¹

218 1357 251 1421 iu
273 1356 474 1421 conversione
498 1359 609 1423 mentis
647 1358 687 1423 ari
722 1358 824 1421 Deum
844 1355 940 1436 ⁴saitis
971 1354 1140 1440 spiritualis

217 1445 364 1521 eonsistiu
387 1464 481 1529 quarn
494 1446 617 1530 quidem
642 1447 772 1512 salutem
794 1445 941 1532 consequi
953 1464 1015 1509 nun
1029 1463 1138 1527 possu-

217 1553 287 1598 mus
311 1533 367 1597 nisi
391 1554 445 1618 per
469 1534 623 1599 medicum
645 1537 820 1600 animarum
843 1531 1138 1598 nostraromtesom

217 1621 384 1698 Christum,
406 1622 458 1707 qui
481 1622 577 1687 saivat
600 1624 748 1709 populum
771 1643 862 1687 suum
886 1644 904 1685 a
927 1620 1058 1707 peccatis
1080 1640 1138 1683 eu·

217 1730 299 1786 rum,
315 1709 402 1795 eujus
418 1710 543 1797 qudem
568 1714 713 1777 meritum
736 1712 893 1777 sussiciens
909 1724 955 1775 est
977 1709 1135 1773 adomnia

216 1813 340 1886 peecata
365 1800 498 1863 totaliter
522 1798 668 1878 toilonum
691 1803 757 1888 ipse
788 1813 834 1865 est
871 1800 954 1863 enirn
977 1797 1030 1881 qui
1054 1798 1139 1861 tuiis't
1236 1811 1237 1828 ¹

213 1900 374 1972 peecatum
398 1889 516 1963 ruendi,
548 1889 648 1966 ioan,
686 1891 718 1964 t,
755 1890 808 1953 Ἃ).
832 1888 894 1953 Sed
932 1902 1035 1951 tamen
1071 1906 1137 1949 nun

217 1997 327 2042 omnes
350 1976 493 2045 ottonom
517 1978 707 2046 remissionis
729 1977 864 2064 periente
890 1988 1137 2060 ootrsequuotur,

216 2065 271 2132 sed
295 2068 504 2153 uuusquisque
526 2068 559 2131 in
583 2080 700 2134 tautum
724 2068 922 2152 consequitur
949 2066 1137 2149 inquantum

217 2153 337 2220 Christo
361 2175 416 2239 pru
440 2157 571 2240 pennatis
587 2156 712 2242 patienti
725 2156 931 2241 oorrjungitur.
947 2153 1026 2234 Quia
1042 2151 1140 2236 igitur.

216 2245 392 2329 cunjunctio
414 2246 511 2309 nostri
535 2245 574 2320 ad
598 2245 755 2310 Christum
780 2249 811 2308 in
836 2245 988 2327 baptismo
1012 2257 1138 2308 nonest

215 2331 387 2404 sesnandum
410 2332 623 2417 operationem
646 2347 784 2397 nostram
807 2333 893 2418 quasi
917 2332 957 2396 ab
984 2330 1136 2404 interiori„

215 2421 286 2510 quia
309 2420 392 2486 nulla
416 2439 465 2485 res
486 2421 619 2507 seipsam
641 2437 770 2508 gesserat
790 2436 825 2486 ut
838 2423 887 2498 sit,
901 2419 956 2486 sed
971 2440 989 2485 a
1002 2418 1142 2495 Citristu,-.

214 2512 266 2596 qui
291 2530 347 2575 nus
371 2523 533 2594 regenerat
557 2511 587 2575 in
611 2511 699 2596 spem
724 2511 836 2583 uiuam,
857 2509 999 2574 remissio
1025 2525 1139 2592 paeon,

214 2613 317 2664 turum
342 2599 376 2662 in
398 2599 551 2684 baptismo
574 2597 608 2670 fit
630 2599 802 2665 seeundum
833 2610 1015 2682 potestatem
1039 2594 1136 2680 ipsius

214 2686 324 2752 Christi
350 2708 406 2752 nos
428 2687 485 2752 sihi
508 2685 724 2772 conjungentis
747 2686 881 2774 periente
902 2700 933 2751 et
955 2686 1086 2768 integre,
1100 2697 1140 2748 tte

214 2795 277 2841 nuo
309 2776 410 2840 solum
433 2775 595 2861 impuritas
628 2777 744 2862 peetmi
781 2772 1004 2851 toliatur‚.seti
1038 2774 1140 2840 suom

212 2863 349 2930 suirutur
370 2865 492 2948 penitus
514 2864 616 2929 uentris
653 2884 773 2950 poenae
811 2878 924 2938 reatus,
958 2862 1016 2927 nisi
1052 2859 1139 2929 sorte.

213 2972 269 3040 per
291 2952 434 3018 amissos
453 2953 488 3016 in
513 2953 624 3038 hisqai
638 2973 703 3017 teon
727 2966 958 3038 consequuntur
982 2947 1141 3014 sttesmn,
1236 3022 1237 3033 p

213 3041 397 3108 sacramenti
422 3053 548 3127 propter
570 3045 630 3110 hoe
652 3041 736 3128 quod
750 3041 819 3106 iiute
834 3041 995 3106 secedunt.
1016 3038 1048 3103 iu
1070 3039 1139 3106 hau
1236 3052 1237 3133 j

213 3149 286 3196 tero
309 3129 457 3216 spirituaii
480 3129 651 3209 sanatione,
683 3131 805 3196 Cirristo
839 3128 1058 3214 aurtjuugimur
1080 3143 1130 3192 su·

213 3219 352 3286 motum
376 3218 586 3303 operationem
624 3235 762 3288 nostram
786 3218 889 3282 diuisae
913 3217 1010 3300 gratia
1033 3212 1131 3284 initte-
1236 3228 1237 3273 t

211 3320 343 3384 matema
360 3307 445 3372 uude
466 3327 528 3372 nni
550 3307 834 3392 sempertotaiiter
852 3325 910 3370 nee
931 3323 1041 3370 omnes
1078 3323 1135 3370 ae·
1236 3290 1237 3325 ³

210 3394 342 3481 qualiter
365 3393 553 3460 remissionis
591 3393 736 3463 nitentum
760 3416 814 3482 per
837 3395 917 3459 harre
940 3393 1136 3478 cuninae-tiu·⁴

211 3501 285 3548 mm
306 3497 546 3570 consequuptur.
570 3482 674 3549 Potest
689 3486 773 3549 enim
785 3504 853 3550 esse
865 3483 1025 3573 conversio
1042 3502 1132 3550 aneta-
