2484 3975
207 211 273 276 25⁹2
539 234 597 280 arn.
620 232 658 276 rr.
680 230 744 276 uta.
770 231 814 276 av.

209 279 454 366 efficacis'rimntu
466 313 684 386 argumentum
701 319 775 365 suae
788 297 950 366 divinitatis
962 297 1017 364 suit
1031 298 1136 385 quod,

210 390 327 475 absque
337 390 527 456 adminiculo
539 391 694 476 potentiae
716 388 892 466 saecularis,
916 400 1012 453 totum
1038 409 1135 454 mun·

167 502 170 516 ·
210 478 286 544 dum
310 479 341 543 iu
363 479 476 546 meiius
498 477 707 544 commutarit.

275 567 360 656 Unde
373 581 454 653 patet
476 568 569 632 etiam
585 565 702 633 solutio
718 564 756 630 ad
771 565 801 630 id
812 564 897 652 quud
913 563 1133 630 decimotertio

209 654 421 740 objiciebatur.
444 655 581 722 Nca'est
603 668 707 721 autem
745 656 850 740 procul
889 655 947 718 hoo
997 675 1014 716 a
1055 673 1134 718 vero

208 745 290 828 quod
323 745 418 810 Filius
451 745 508 810 Dei
542 747 740 821 incarnatus,
777 743 925 810 obediens
963 755 1133 828 praecepto

209 833 317 903 Patris.
338 850 472 900 mortem
493 835 648 910 sustinuit,
670 832 842 898 secundum
855 830 1024 897 doctrinam
1049 831 1132 916 apo-
1229 867 1230 870 ¹

210 922 288 986 stoli.
313 923 517 1010 Praeceptum
539 922 626 987 enim
656 921 714 984 Dei
752 934 796 984 est
832 921 870 986 ad
905 919 1047 984 homines
1086 919 1130 984 de

209 1011 354 1096 operibus
371 1015 527 1086 virtutum
538 1025 572 1076 et
583 1023 701 1096 quanto
718 1009 827 1095 aliquis
845 1007 1006 1094 perfectius
1022 1021 1131 1073 actum

209 1102 326 1164 virtutis
349 1101 521 1185 exequitur,
543 1114 627 1164 tanto
662 1098 777 1182 magis'
798 1098 863 1163 Deo
896 1095 1010 1162 obedit.
1045 1097 1132 1162 inter

208 1188 283 1252 alias
300 1203 403 1254 autem
426 1189 552 1254 virtutes
576 1187 739 1272 praecipua
763 1187 894 1252 charitas
910 1199 966 1261 est,
981 1185 1132 1272 adquam

209 1297 317 1342 ornnes
341 1277 418 1342 aliae
441 1275 627 1343 referuntur.
652 1273 789 1341 Christus
813 1276 915 1359 igitur,
938 1275 1012 1340 dum
1026 1287 1132 1339 actum

209 1366 365 1431 alteritatis
387 1365 611 1451 perfectissime
634 1363 871 1449 implevit,1)eo
897 1363 1031 1428 maxime
1054 1363 1135 1428 obe·

210 1453 297 1518 diens
320 1453 387 1531 suit,
410 1453 513 1520 nulius
534 1454 618 1520 euim
641 1465 782 1518 estactus
799 1451 952 1518 eharitatis
969 1451 1135 1538 perfectior

209 1563 303 1629 quam
326 1543 410 1630 quod
435 1545 530 1610 homa
553 1563 609 1628 pro
632 1563 739 1606 amore
768 1540 896 1625 alicujus
930 1543 1022 1606 etiam
1047 1561 1135 1604 mor-

210 1644 277 1701 tem,
297 1633 455 1712 sustineat,
487 1631 660 1698 secundam
694 1630 777 1715 quod
813 1631 941 1715 ipsemet
978 1630 1134 1694 Dominus

208 1721 291 1787 dicit:
315 1721 466 1805 Majoreaa
489 1722 548 1785 tae
569 1720 763 1784 dilectionem
785 1739 873 1784 nemo
904 1719 1041 1784 itubetut
1061 1718 1135 1782 oci-

212 1831 297 1875 mum
318 1832 409 1876 suam
427 1810 528 1896 pocot
549 1812 616 1891 quia
636 1829 697 1892 pro
719 1809 829 1874 amicis
851 1809 926 1882 suis,
955 1809 1053 1884 laam,
1080 1807 1136 1885 tu,

213 1899 263 1963 15.
287 1899 337 1964 Sic
359 1900 452 1984 igitur
473 1897 629 1963 iuvenitur
652 1897 801 1970 Christus,
824 1911 963 1962 mortem
976 1897 1135 1962 sustineus

212 2008 267 2074 pro
291 1989 391 2053 sainte
412 1988 576 2053 hominum
598 1999 629 2051 et
652 1985 692 2051 ad
714 1988 844 2072 gloriam
871 1985 927 2051 Dei
943 1986 1051 2062 Patris,
1063 1985 1135 2051 Deo
1229 2026 1230 2033 κ

210 2076 344 2140 maxime
366 2076 515 2141 obediens
538 2075 642 2153 tuisse,
663 2088 768 2141 aetum
792 2075 947 2141 eharitatis
961 2074 1135 2163 perfectum

211 2165 403 2247 exequendo.

277 2254 341 2319 Nee
365 2254 423 2319 hoc
446 2266 597 2339 repugnat
619 2252 770 2317 divinitati
794 2252 903 2339 ipsius,
936 2266 973 2318 ‚ut
1010 2265 1137 2338 quarta·

212 2343 331 2409 decima
355 2344 432 2407 ratio
455 2342 649 2426 procedebat.
674 2340 723 2407 Sic
746 2342 828 2406 enim
842 2340 919 2405 iacta
943 2356 989 2407 est
1004 2342 1078 2405 unio
1101 2340 1137 2406 in

212 2453 343 2518 persona
368 2446 401 2497 ut
423 2430 595 2517 proprietas
629 2430 787 2515 utriusque
823 2443 949 2495 naturae
984 2443 1138 2508 maneret,

211 2520 334 2587 divinae
356 2520 471 2586 scilicet
493 2532 525 2583 et
547 2519 714 2596 humanae,
737 2533 771 2583 ut
793 2540 886 2604 supra
900 2522 940 2603 (e.
966 2519 1003 2583 Η
1031 2518 1136 2602 erto)

212 2611 353 2678 habitum
375 2623 433 2687 est;
455 2624 486 2673 et
508 2608 589 2683 ideo,
604 2607 738 2692 patiente
755 2606 876 2673 Christo
894 2609 985 2673 ctiam
1000 2619 1137 2673 mortem

211 2714 242 2763 et
264 2700 322 2763 alia
345 2718 424 2784 quae
448 2697 645 2761 humanitatis
668 2710 750 2773 surrt,
774 2696 914 2763 divinitas
940 2696 1138 2783 impassibilis

212 2788 334 2865 mansit,
348 2788 498 2873 quamvis,
512 2798 638 2871 propter
655 2784 801 2849 unitatem
819 2807 978 2871 personae,
996 2785 1137 2849 dieamus

213 2876 313 2941 Deum
337 2894 461 2961 passum
484 2888 516 2939 et
538 2872 807 2956 mortuum3eujus
824 2874 1000 2959 exemplum
1016 2873 1136 2958 aliqua·

211 2964 281 3029 liter
304 2966 334 3028 in
358 2964 446 3028 nobis
469 2976 610 3049 apparet,
628 2962 712 3047 quia,
736 2962 888 3029 moriente
910 2983 1014 3040 earne,
1030 2964 1135 3027 anima

213 3065 352 3119 remanet
366 3052 560 3116 immortalis.

278 3140 446 3207 Sciendum
470 3153 517 3205 est
537 3140 631 3205 etiam
668 3138 762 3224 quod,
796 3138 865 3205 iicet
902 3140 1041 3205 voluutas
1076 3138 1135 3204 Dei

212 3251 274 3295 nou
297 3231 337 3295 sit
359 3229 398 3295 ad
422 3244 553 3293 mortem
578 3227 753 3306 bominum,
769 3241 802 3293 ut
817 3228 1044 3314 quintadecima
1057 3227 1135 3293 ratio

213 3318 416 3405 proponebat,
438 3332 486 3383 est
506 3331 611 3383 tamen
628 3316 666 3381 ad
690 3317 845 3390 virtutem,
862 3338 1020 3402 perquam
1038 3317 1135 3381 homo

214 3423 346 3473 mortem
370 3406 489 3471 fortiter
511 3406 640 3471 sustinet
664 3419 694 3470 et
731 3425 769 3473 er
807 3405 954 3469 charitate
989 3404 1134 3488 periculis

212 3496 322 3564 mortis
344 3489 379 3561 'se
402 3493 519 3579 objicits
541 3507 572 3559 et
593 3495 638 3561 sic
663 3493 803 3559 voluntas
827 3494 883 3559 Dei
907 3493 962 3559 suit
983 3492 1022 3556 de
1035 3505 1136 3558 mortu
