2484 3975
209 191 274 260 552
572 206 761 257 mssanravro

216 311 229 341 ι
260 280 465 368 Propositum,
504 280 680 368 inquientis,
714 290 837 343 nostrae
870 278 1048 347 intentionis
1081 295 1127 347 est

208 372 380 445 veritatem,
418 392 511 458 quam
547 371 637 437 Fides
672 367 826 436 carnotina
862 368 1033 453 profitetur,
1067 392 1127 458 pro

205 474 312 526 nostro
336 460 462 525 modulo
486 460 693 537 manifestare,
715 475 837 521 errores
848 458 1039 524 eliminando
1050 480 1125 525 oon·

206 550 315 614 trarios
337 576 368 613 ».
393 548 569 614 Generatim
595 550 669 613 istos
693 550 724 612 iu
747 546 831 610 oaloe
853 547 960 633 eapitis
994 567 1125 613 enume-

206 651 261 701 rat:
309 637 629 703 ‹Manumetistarum
664 651 695 701 et
731 633 937 718 paganorum,
972 639 1026 721 qui
1061 658 1125 702 non

205 727 400 791 consentiunt
424 726 584 792 nobiseum
609 727 639 789 in
673 728 852 791 auctoritate
885 722 1015 807 atteujas
1049 730 1125 792 sori·

205 826 313 901 pturae
333 813 535 889 ludaeorum,
557 824 664 880 ooutrs
686 834 764 901 quos
786 812 941 899 disputare
958 834 1125 899 possumus

203 922 260 989 per
284 903 376 971 Vetus
400 903 645 979 Testamentum,
669 918 699 968 et
737 902 980 982 Haeretieorum,
1016 918 1123 969 eontra

204 1008 283 1077 quos
306 1013 361 1078 per
384 990 504 1057 Novum
527 1019 557 1057 ι.
582 991 675 1074 Quod
712 1011 787 1076 ergo
823 990 1013 1056 elucubravit
1046 1013 1125 1079 opus

204 1098 268 1146 non
292 1095 379 1145 vooat
414 1079 575 1148 Summam
610 1081 760 1157 Thomas,
793 1098 895 1164 neque
933 1079 1123 1146 adamussim

206 1168 256 1233 illa
286 1169 378 1235 verba
403 1180 511 1233 contra
549 1169 685 1235 Gentiles
722 1169 919 1243 conveniunt3
952 1188 1024 1234 oum
1060 1190 1124 1235 non

204 1256 305 1321 solum
329 1258 596 1341 Paganos,verum
619 1259 711 1323 etiam
735 1257 1126 1335 llahumetanos,ludseos

204 1357 236 1409 et
260 1346 400 1411 homines
425 1348 628 1413 heterodoxos
651 1347 762 1412 eodem
786 1348 817 1409 in
856 1364 950 1429 opere
986 1345 1127 1412 conluta-

204 1434 291 1499 verit.
315 1434 393 1500 Hine
415 1436 524 1500 eadem
550 1438 655 1512 verba,
678 1437 741 1519 ipsa
766 1433 866 1498 lorme
888 1435 1045 1519 aquinatis
1071 1456 1126 1500 ae·

205 1534 275 1597 tate,
299 1542 360 1589 non
384 1523 442 1589 alia
466 1525 505 1588 de
528 1534 621 1589 eausa
645 1524 762 1609 adjecta
793 1522 1041 1602 existimaverim,
1065 1526 1124 1589 nisi

203 1611 274 1696 quia
300 1613 400 1698 potior
424 1634 493 1696 pars
517 1615 619 1699 operis
642 1626 747 1676 contra
774 1609 910 1677 Gentiles
947 1612 1124 1677 insumitur.

269 1698 367 1766 Obvia
385 1700 544 1766 difficultas
557 1702 688 1784 emergit
701 1700 810 1766 exiliis
823 1700 933 1764 divinis
946 1702 1124 1766 veritatibus

143 1870 146 1876 Ι
201 1808 278 1874 quas
300 1789 466 1873 diligenter
489 1804 518 1853 et
542 1791 660 1875 prolixe
682 1789 811 1854 illustrat
845 1790 989 1873 Aquinas,
1021 1804 1125 1855 eaete-

200 1877 291 1962 voqui
314 1877 422 1942 lumini
449 1892 576 1942 naturae
601 1880 722 1963 perviis.
746 1877 928 1960 Huiusmodi
951 1891 1022 1942 sunt
1059 1881 1125 1945 Su·
1237 1887 1238 1900 ¹

200 1967 299 2052 premi
322 1966 461 2032 Numinis
485 1968 645 2032 existentia
668 1980 699 2032 et
721 1968 820 2032 unitas
848 1979 1015 2032 aooaetera
1033 1968 1125 2054 ptura

200 2054 302 2120 divina
327 2056 483 2135 attributa,
507 2071 539 2119 ut
563 2059 698 2144 potentia
733 2069 765 2119 et
803 2055 1003 2142 providentia
1029 2077 1123 2143 quae,
1236 2098 1237 2107 κ

199 2143 289 2209 siouti
321 2144 470 2209 veritates
494 2144 583 2210 Fidei
608 2146 787 2209 Gotlrolieoe
810 2143 958 2231 appellari
981 2165 1044 2209 non
1067 2145 1125 2210 de·

199 2231 303 2298 buisse
327 2233 481 2310 videntur,
505 2235 544 2298 ita
569 2234 673 2299 titulus
712 2234 814 2320 operis
851 2252 914 2296 non
953 2232 1044 2298 luerit
1081 2237 1123 2298 sle

205 2319 338 2386 Veritole
361 2320 451 2386 Fidei
476 2322 663 2388 Catholicae.
687 2322 772 2387 ilaue
794 2323 859 2408 ipse
889 2321 1027 2387 Thomas
1062 2321 1123 2386 dii·

197 2407 364 2475 doultatem
389 2425 602 2497 praeoccupat,
627 2429 817 2496 omnemque
828 2408 905 2475 tollit
921 2411 961 2474 de
971 2411 1122 2494 genuino,

196 2516 289 2583 quem
313 2498 520 2579 adseruimus,
555 2500 644 2565 titulo
681 2498 914 2564 dubitationem.
953 2499 1121 2584 Distinguit

196 2605 331 2673 namque
354 2587 404 2674 (i.
432 2589 461 2666 i,
483 2608 509 2652 o.
534 2587 579 2670 ὅ)
613 2587 806 2674 «duplicem
831 2588 966 2653 veritatis
996 2587 1121 2653 divinae

194 2675 324 2740 modum
347 2703 361 2734 »
383 2699 391 2751 3
415 2678 539 2742 alterius
562 2676 700 2763 quidem,
723 2696 803 2762 qvae
832 2674 1121 2742 ‹laenitatemom-

195 2782 268 2828 nem
293 2765 448 2830 humanae
471 2767 595 2830 rationis
624 2764 742 2830 excedit
776 2787 809 2843 »ς
848 2764 974 2830 alterius
1011 2765 1120 2846 etiem,

201 2877 215 2909 s
239 2851 277 2916 ad
301 2873 394 2938 quam
419 2855 495 2918 ratio
519 2855 665 2919 naturalis
690 2855 865 2939 pertingere
889 2868 988 2939 potest
1003 2882 1035 2919 ι.
1050 2855 1118 2920 Pri·

193 2939 236 3003 mi
260 2944 396 3025 generis·
416 2945 558 3008 veritates
593 2943 660 3008 sola
698 2944 755 3007 Dei
793 2942 890 3007 libera
930 2944 1119 3009 revelatione

193 3029 398 3107 innotescunt3
422 3031 576 3096 eredimus
598 3053 661 3110 eas,
685 3045 715 3095 at
737 3032 816 3099 seire
840 3051 902 3095 non
942 3053 1118 3118 possumus.

192 3116 341 3184 Veritates
366 3119 493 3189 alterius
515 3120 639 3205 gesseris
664 3123 818 3186 humanae
832 3120 979 3186 scientiae
991 3120 1119 3185 subesse

191 3220 329 3292 possunt;
354 3209 541 3294 easdemque
566 3223 682 3283 tamen,
707 3207 827 3274 tametsi
873 3235 887 3266 ι
926 3210 1117 3296 inquisitioni

190 3295 318 3361 rationis
342 3299 464 3382 perviae
487 3299 557 3375 sint,
581 3298 810 3384 supernaturali
835 3297 1023 3363 revelatione
1043 3316 1118 3384 pro·

190 3385 263 3469 poni
286 3386 456 3452 credendas
479 3385 652 3451 debuisse»
677 3387 815 3474 pluribus
838 3388 971 3452 ostendit
987 3387 1118 3454 Sanetus

190 3471 337 3540 Thomas.
361 3474 438 3542 Hine
476 3475 509 3540 fit
547 3476 704 3562 integrum
743 3477 837 3542 veluti
874 3496 988 3564 eorpus
1029 3476 1117 3542 Fidei
