2484 3975
219 211 291 278 tao
558 227 614 271 un.
641 226 678 274 tr.
703 225 766 278 cto.
790 224 856 272 xcv.

224 299 307 366 illius
329 295 447 364 uirtutis
471 294 653 384 producere,
676 293 891 361 constituendo
915 311 1024 358 verum
1047 290 1157 358 homi·

225 408 309 463 nem,
331 387 466 474 speciem
490 398 528 451 ct
542 397 684 449 naturam
708 385 877 448 humanam
902 379 1082 446 habentem.

292 476 324 541 st
347 495 421 539 uero
445 472 554 559 aliquis
578 472 659 537 dicat
682 471 777 558 quod,
799 492 869 536 curn
893 469 989 534 homo
1024 483 1158 535 natura·

226 565 295 630 liter
318 577 484 649 generatus
501 562 612 628 haheat
624 582 735 647 corpus
753 560 932 625 naturaliter
948 559 1158 624 constitutum

226 674 264 718 ex
286 653 405 718 sernioe
429 652 522 716 maris
544 665 576 715 et
598 671 637 714 eo
658 649 743 735 quod
778 647 890 714 lemina
928 648 1158 725 subministrat,

227 741 377 829 quidquid
400 741 439 805 sit
462 740 548 816 illud,
571 759 684 825 corpus
707 738 819 805 Christi
843 759 905 802 non
930 734 986 801 luit
1008 735 1158 821 ejusdem

228 844 356 896 naturae
380 850 452 894 cum
475 841 592 902 nostro,
614 850 639 892 st
663 848 725 892 non
760 840 806 892 est
830 846 867 892 cx
902 845 995 890 maris
1031 845 1158 890 semine

228 934 421 1005 generatum,
444 916 550 982 -ad
573 917 633 981 hoc
657 914 817 982 manifesta
852 914 1010 1000 responsio
1034 926 1081 978 est
1105 933 1157 978 se·

228 1007 366 1074 cundum
389 1005 557 1072 Aristotelis
581 1005 765 1091 positionem
801 1004 862 1088 (l),
900 1003 1028 1068 dicentis
1066 1001 1160 1088 quod

121 1120 125 1131 ·
230 1117 338 1162 scmcn
362 1096 456 1160 maris
480 1116 541 1160 non
566 1095 657 1158 intrat
683 1092 880 1158 materialiter
904 1092 934 1156 in
964 1092 1161 1156 constitutio·

231 1206 303 1250 nem
326 1183 477 1270 concepti,
499 1183 554 1246 sed
577 1196 624 1246 est
650 1182 751 1247 solum
788 1183 922 1248 activum
957 1179 1159 1267 principium3

231 1273 361 1340 materia
385 1293 459 1338 vero
482 1273 619 1358 corporis
642 1284 704 1336 tota
728 1269 917 1336 ministratur
952 1289 968 1332 a
992 1284 1102 1346 matre3
1126 1282 1160 1333 ει

231 1366 285 1440 sic,
307 1375 457 1447 quantum
481 1360 520 1425 ad
543 1362 715 1438 materiam,
737 1378 849 1445 corpus
873 1358 984 1425 Christi
1006 1377 1070 1422 non
1095 1356 1157 1422 dil-

233 1451 292 1517 lert
315 1471 333 1514 a
356 1470 486 1536 corpore
509 1462 626 1518 nostro:
649 1469 720 1513 narn
759 1449 851 1514 etiam
885 1467 1015 1533 corpora
1049 1461 1160 1511 nostra

234 1539 432 1605 materialiter
455 1539 617 1603 constituta
641 1550 712 1603 sunt
734 1557 772 1602 ex
796 1557 834 1602 co
868 1535 952 1623 quod
990 1549 1036 1600 est
1069 1557 1160 1600 sum-

235 1644 322 1716 ptum
345 1649 383 1693 et
407 1641 514 1700 matre.

300 1717 332 1781 st
356 1737 429 1782 vero
448 1718 564 1802 aliquis
597 1713 772 1802 praedictae
811 1715 952 1801 positioni
988 1713 1161 1784 Aristotelis

238 1820 399 1892 repugnet,
422 1807 524 1870 adhuc
548 1805 705 1891 praedicta
735 1803 866 1889 objectio
904 1801 1070 1869 efficaciam
1095 1824 1163 1868 non

238 1895 340 1961 habet.
364 1894 538 1968 Similitudo
561 1893 645 1957 enirn
670 1892 845 1979 aliquorum
877 1907 928 1959 aut
940 1892 1163 1957 dissimilitudo

237 1985 270 2051 in
293 1986 430 2059 materia,
454 2004 516 2048 non
539 1982 706 2047 attenditur
738 1981 910 2049 secundum
946 1996 1059 2048 statum
1094 2002 1165 2047 rna·

240 2074 335 2139 tcriac
360 2074 390 2138 in
415 2071 564 2159 principio
588 2072 806 2155 generationis,
829 2072 883 2136 sed
900 2072 1164 2137 secundumcon-

240 2163 389 2228 ditionem
413 2160 559 2225 materiae
589 2162 654 2245 jam
692 2175 911 2248 praeparatae,·
935 2174 1024 2246 prout
1058 2161 1163 2227 estin

241 2252 374 2316 termino
397 2249 613 2334 generationis,
638 2270 699 2314 non
733 2252 816 2315 enirn
850 2250 950 2315 differt
987 2250 1164 2314 secundum

202 2412 205 2416 ἵ
241 2342 401 2405 materiam
425 2357 478 2401 aer
501 2358 538 2401 ex
562 2352 643 2403 terra
667 2339 715 2404 vel
727 2360 764 2404 ex
777 2360 856 2425 aqua
879 2353 1053 2423 generatus
1076 2339 1162 2422 quia,

241 2429 312 2494 licet
334 2448 414 2513 aqua
437 2440 467 2490 et
490 2440 571 2491 terra
595 2428 626 2491 in
650 2428 799 2514 principio
833 2427 1038 2513 generationis
1076 2426 1166 2491 diffe-

242 2518 339 2583 rentia
361 2516 434 2591 sint,
456 2529 558 2579 tamen
583 2536 638 2601 per
661 2516 812 2582 actionem
829 2517 1002 2601 generantis
1015 2515 1165 2580 adunam

241 2605 475 2691 dispositionem
499 2603 699 2671 reducuntur.
723 2604 773 2670 Sic
796 2606 888 2690 igitur
911 2605 1013 2670 divina
1051 2604 1166 2669 uirtute

241 2695 369 2759 materia
402 2712 482 2779 quae
516 2692 618 2759 solurn
653 2713 692 2759 er
729 2694 859 2760 muliere
893 2694 1024 2760 sumitur
1063 2705 1166 2779 potest

239 2782 357 2860 reduci,
379 2782 410 2846 in
433 2781 495 2846 line
518 2782 741 2867 generationis,
764 2782 802 2847 ad
842 2782 986 2849 eamdam
1026 2781 1164 2869 disposi-
1205 2836 1209 2843 ,

243 2873 358 2937 tionem
381 2890 474 2955 quarn
499 2872 592 2936 hahet
612 2872 753 2950 materia,
774 2870 799 2937 si
833 2885 973 2937 sumatur
1012 2870 1104 2936 simul
1128 2891 1168 2937 ex

242 2979 330 3025 mare
352 2968 383 3023 ct
405 2957 529 3023 lamina.
556 2959 643 3025 Unde
666 2980 728 3025 non
750 2960 809 3025 erit
831 2962 931 3047 aliqua
947 2960 1167 3026 dissimilitudo

245 3060 369 3136 propter
392 3047 599 3113 diversitatem
625 3049 770 3114 materiae
793 3050 872 3115 inte'r
904 3069 1016 3136 eorpus
1054 3048 1170 3114 Christi

243 3136 327 3225 quod
350 3136 453 3202 divina
477 3138 588 3202 virtute
611 3135 777 3204 formatum
802 3152 848 3203 est
870 3159 907 3204 ex
924 3136 1051 3203 materia
1067 3158 1084 3201 a
1100 3136 1170 3203 sola

245 3240 344 3293 matre
365 3240 532 3313 assumpta,
554 3240 585 3291 et
618 3246 749 3313 corpora
787 3239 901 3306 nostra,
938 3245 1019 3312 quac
1056 3227 1172 3291 virtute

244 3327 372 3381 naturae
393 3313 566 3380 formantur
589 3335 627 3380 ex
651 3318 789 3397 materia,
811 3314 931 3382 etiamsi
955 3314 995 3379 ab
1036 3328 1172 3401 utroque

297 3434 338 3504 (l)
355 3436 544 3509 Quaequidcm
563 3437 710 3493 Aristotelis
728 3438 822 3508 positio
840 3436 998 3508 nuperrimis
1011 3437 1174 3508 embrylcgi·

243 3517 347 3563 starum
364 3509 593 3565 observationibus
611 3512 725 3565 maxime
742 3510 900 3565 cctrcordarc
918 3509 1032 3567 ridetur.
1229 3534 1231 3661 p
