2484 3975
367 252 405 298 ou
422 253 543 299 untrrrr
566 251 758 299 turettrcrus
960 238 1024 305 titt

100 322 196 401 nima,
219 321 251 400 ὅ,
274 332 344 386 text.
368 342 482 386 comm.
506 323 568 407 l),
590 321 674 408 quod
714 333 813 407 potest
835 323 962 412 intelligi
985 350 1023 394 ex

98 411 191 476 simili
227 413 257 474 in
293 411 370 484 visu
402 411 536 476 sienim
573 426 654 476 esset
691 411 801 497 uliquis
849 413 936 479 color
974 419 1022 483 in·

98 501 253 566 trinsecus
271 582 273 589 y
291 499 439 586 pupillae,
476 500 527 566 ille
564 499 652 588 color
681 501 807 564 interior
846 503 1024 588 prohiberet

96 589 194 654 videri
230 601 410 653 extraneum
447 589 594 666 colorem,
631 601 660 652 et
701 589 932 674 quodammodo
963 596 1020 660 ob·

95 693 230 744 strueret
272 677 396 743 oculum
440 699 481 744 ne
525 677 643 744 videret
666 676 752 760 ulia.
790 677 951 762 Similiter,
995 685 1023 749 si

95 767 199 852 aliqua
238 780 345 831 notum
383 786 487 832 return
526 787 605 853 ques
642 766 813 832 intellectus
852 774 1019 854 cognoscit.

95 869 169 942 poto
192 871 272 921 tetre
295 855 343 920 tel
366 876 446 940 aque
479 869 533 920 cut
565 854 705 920 calidum
741 868 771 920 et
806 856 953 942 frigidum
989 878 1021 927 et

95 943 213 1031 aliquid
237 942 425 1028 hujusmodi,
447 958 528 1011 esset
552 944 717 1009 intrinseco
752 944 930 1027 intellectui,
969 949 1019 1016 illu

95 1047 206 1098 nature
240 1033 403 1098 intrinsece
437 1031 604 1099 intellectui
638 1031 801 1119 impediret
839 1035 950 1122 ipsum,
989 1055 1028 1118 et⁸

96 1120 328 1208 quodammodo
363 1121 538 1187 obstrueret
560 1141 601 1186 ne
623 1123 680 1186 ulit
703 1139 914 1206 cognosceret.
938 1125 1019 1209 Quia

96 1230 173 1295 ergo
194 1211 297 1276 omnis
319 1211 487 1294 cognoscit,
509 1210 665 1276 concludit
688 1211 770 1296 quud
784 1231 845 1276 non
869 1217 1019 1301 contingit

4 1340 5 1343 =
96 1299 199 1384 ipsum
224 1299 339 1366 bebere
362 1297 497 1384 aliquam
513 1313 654 1364 nuturam
669 1299 902 1368 determinatam
919 1324 957 1370 ex
969 1327 1022 1370 na·

97 1390 173 1454 tutis
187 1387 382 1454 sensibilibus
394 1408 470 1474 ques
481 1389 650 1473 cognoscit,
662 1387 716 1452 sed
730 1389 808 1454 burte
820 1390 918 1457 sulum
933 1408 1022 1460 nutu·

97 1497 167 1542 rum
189 1477 281 1544 hebet
303 1477 389 1563 quod
410 1475 450 1542 sit
472 1477 637 1564 possibilis,
661 1479 691 1542 itt
715 1495 760 1544 est
782 1479 813 1543 in
830 1483 965 1566 potentia
981 1485 1021 1550 cd

96 1587 134 1632 ee
157 1587 238 1652 quae
260 1566 472 1650 intelliguntur
494 1582 644 1652 quantum
668 1580 713 1629 est
736 1567 775 1630 de
809 1589 865 1634 sue
899 1584 1020 1648 nutura,

94 1655 150 1719 sed
174 1657 207 1720 tit
230 1668 299 1721 actu
321 1654 372 1720 illu
405 1655 481 1720 dum
515 1675 551 1719 en
586 1653 728 1738 intelligit
763 1655 793 1720 in
828 1671 907 1738 ectu,
941 1662 1020 1726 sicut

96 1760 206 1810 sensus
227 1747 260 1809 iu
283 1758 354 1810 ectu
376 1744 409 1809 tn
430 1743 577 1810 sensibile
615 1745 647 1809 in
670 1757 750 1823 ectu,
774 1758 807 1810 ut
830 1767 923 1834 supro
946 1749 1017 1834 (de

95 1833 214 1908 Animo,
236 1834 285 1918 2)
306 1833 433 1898 dixerat.
450 1831 611 1898 Concludit
633 1853 708 1916 ergo
735 1835 816 1920 quod
835 1835 1016 1917 intellectus,

94 1935 260 2009 antequem
284 1921 432 2008 intelliget
452 1925 485 1986 in
508 1937 589 1999 ectu,
613 1922 690 1986 nibil
723 1935 769 1989 ert
801 1937 871 1990 ectu
905 1944 1015 1993 eurum

95 2032 174 2097 quoe
197 2026 279 2090 sunu
300 2012 385 2097 quod
407 2026 454 2077 est
475 2011 665 2090 eontrarium
701 2006 748 2077 bis
781 2032 860 2099 quae
898 2018 1014 2104 antiqui

93 2102 247 2181 dicebaut,
268 2100 385 2167 scilicet
405 2100 490 2187 quod
512 2114 559 2165 est
579 2112 649 2165 actu
673 2101 787 2167 omnio.

161 2190 288 2276 Ecquis
312 2188 425 2254 iecerat
446 2190 636 2253 mentionem
662 2189 700 2255 dc
723 2188 1015 2279 dictoAnaxtgoree

94 2280 249 2365 loquentis
271 2280 310 2345 de
344 2277 499 2343 intellectu
532 2280 584 2363 qui
618 2278 749 2364 imperet
784 2282 940 2359 omnibus,
977 2305 1017 2347 ne

90 2370 269 2435 crederetur
291 2369 330 2433 de
353 2367 413 2433 boc
436 2367 591 2431 intellectu
615 2367 674 2433 boc
707 2369 903 2448 conclusisse,
923 2372 1018 2437 utitur

92 2457 263 2532 tulimodo
286 2456 444 2543 loquendi:
474 2456 634 2524 «Vocatur
656 2456 759 2543 itaque
783 2460 905 2525 enimes
926 2461 1016 2525 intel·

92 2547 201 2623 lectum
222 2544 293 2612 dico
315 2561 419 2610 sutem
443 2546 641 2623 intellectum,
666 2566 727 2631 quo
750 2548 893 2633 opinatur
915 2563 945 2614 et
969 2552 1015 2614 iu-

91 2637 201 2721 telligit
222 2638 336 2710 unimo,
359 2633 435 2698 nibil
457 2654 526 2699 esse
546 2648 617 2699 actu
633 2652 742 2699 eorum
758 2655 838 2721 quae
853 2650 926 2703 sunt
941 2652 1012 2703 unte

91 2724 306 2809 iniungere»,
328 2743 365 2789 er
389 2742 452 2809 quu
474 2722 536 2787 duo
558 2738 716 2810 appetent:
740 2722 844 2791 Primo
873 2726 1013 2813 quidem,

90 2814 176 2900 quod
198 2833 261 2877 non
284 2812 420 2898 loquitur
440 2812 491 2877 bic
514 2810 553 2876 de
574 2810 731 2878 intellectu
753 2812 806 2900 qui
839 2814 877 2879 sit
910 2815 1011 2903 alique
1037 2838 1038 2843 ¹

91 2904 261 2969 substantie
285 2913 436 2990 separata,
457 2900 514 2966 ced
535 2898 577 2964 de
600 2898 756 2966 intellectu
790 2922 884 2988 quem
918 2926 1012 2992 supra

92 2991 359 3077 dixit=potentinm
381 3003 412 3052 et
434 3002 553 3074 partem
575 2989 707 3067 animae,
722 3009 785 3077 quo
800 2992 903 3057 unimu
926 2994 1013 3059 intet-

92 3081 170 3167 ligit3
192 3079 341 3155 secundo,
363 3078 447 3165 quod
468 3099 562 3164 supro
593 3077 745 3165 probavit,
781 3081 894 3148 seilicet
929 3084 1014 3168 quod

91 3171 264 3237 intellectus
286 3189 350 3233 non
373 3168 467 3232 nubet
488 3179 630 3231 naturum
668 3166 803 3254 aliquam
826 3168 1013 3239 determino-

93 3275 156 3325 tom
179 3260 210 3324 in
233 3271 314 3335 actm
337 3256 477 3321 nundum
498 3270 603 3320 eutem
627 3258 766 3341 probavit
787 3258 871 3343 quod
899 3279 961 3325 uon
977 3262 1016 3326 sit

92 3349 188 3414 rictus
211 3348 406 3433 incorpore,
430 3358 464 3409 ut
485 3345 656 3409 Averrboes
680 3344 763 3422 diciu
785 3346 840 3412 sed
864 3348 923 3413 boc
953 3361 1015 3414 eto·

91 3439 146 3505 tim
170 3436 327 3503 concludit
346 3447 385 3499 ‘cr
408 3432 594 3519 praemissis
617 3452 689 3499 nem
712 3434 860 3523 sequitur:
891 3464 905 3495 ‹
928 3436 1015 3503 Unde

92 3546 195 3614 neque
226 3524 348 3593 misceri
371 3535 416 3590 est
439 3522 620 3592 rationabile
654 3524 756 3613 ipsum
790 3528 954 3616 corpori».
978 3526 1014 3592 Et
