2484 3975
221 200 264 267 ω
542 217 813 265 mmmm

214 301 373 355 ostensum
396 298 442 355 est
464 287 502 371 (l.
526 289 556 365 1,
579 309 606 355 o.
629 286 697 368 19),
719 286 787 372 ejus
820 284 992 371 intelligere
1024 284 1150 372 prinei·

216 377 303 465 pium
329 390 376 443 est
397 396 504 443 rerum
529 377 753 447 intellectarum
776 372 915 461 abipso,
943 392 1016 441 oum
1038 374 1080 443 ab
1100 396 1150 442 eo

215 479 382 533 pausentur
404 486 459 553 per
496 466 686 531 intelleotum
719 478 751 530 et
785 463 984 550 voluntatem
1020 463 1078 529 sed
1102 464 1149 537 ed

215 553 420 639 intelligibile,
442 555 527 641 quod
550 568 597 619 eet
621 557 700 638 ipse,
720 565 917 637 eomparatur
938 566 974 617 ut
996 552 1035 617 ad
1058 554 1150 639 prin·

216 644 343 729 oipiunu
366 658 413 709 est
434 645 517 709 enim
542 644 601 709 boe
625 642 817 725 intelligibile
838 641 921 707 idern
958 660 1030 708 oum
1053 642 1150 710 intel·

217 730 300 799 leetu
342 732 556 815 intelligente,
593 730 683 815 eujus
714 730 870 816 quaedam
902 730 1059 799 emanatio
1098 743 1152 797 eet

218 821 348 887 verbum
371 834 565 905 conceptum.
590 817 719 904 Oportet
759 820 852 903 igitur
884 818 969 903 quod
1005 818 1150 887 Verbum

217 908 276 973 Dei
298 924 497 994 comparetur
520 907 560 974 ad
584 928 632 972 res
655 908 730 973 alias
752 906 923 973 intellectae
946 928 965 971 a
987 907 1152 975 Deoaieut

219 998 387 1083 exemplar,
411 999 472 1084 (et)
496 995 658 1081 adipsum
682 997 794 1073 Deum,
817 995 906 1080 eujus
927 1008 975 1061 eat
1000 996 1150 1075 uerbum,

219 1086 296 1151 siout
320 1085 386 1171 ejus
410 1086 523 1169 imago.
562 1085 639 1151 lllne
676 1097 722 1151 est
758 1083 843 1170 quod
876 1084 917 1149 de
954 1084 1048 1151 verbo
1082 1085 1147 1151 Dei

219 1172 333 1239 dieitur
345 1174 429 1259 quod
444 1185 493 1239 eet
505 1176 607 1259 imago
621 1174 679 1237 Dei
692 1172 869 1250 {inuisibilia
892 1172 1021 1252 tolose,
1046 1174 1076 1251 l,
1091 1175 1148 1241 15.

287 1262 337 1327 Est
360 1276 463 1329 autern
481 1264 658 1329 differentia
682 1264 762 1327 inter
795 1262 984 1328 intellectum
1017 1275 1049 1327 et
1071 1283 1148 1329 sen·

221 1370 303 1427 sum;
327 1372 399 1415 nam
425 1372 533 1417 seusus
571 1351 776 1437 apprehendit
813 1368 880 1415 rem
914 1363 1065 1437 quantum
1104 1352 1149 1418 ad

222 1438 376 1505 exteriora
399 1440 466 1525 ejus
490 1440 669 1516 aonidentia,
693 1459 774 1525 quae
800 1452 872 1505 sunt
907 1440 1005 1519 color,
1041 1460 1150 1527 sapor,

224 1528 377 1613 quantitas
399 1544 431 1593 et
453 1528 510 1595 elia
535 1528 725 1613 hujusmodb
759 1527 815 1593 aed
849 1528 1021 1599 intelleotus
1043 1529 1152 1614 ingre·

224 1615 307 1681 ditur
330 1616 369 1681 ad
393 1617 540 1683 interiora
566 1618 620 1693 rei,
636 1631 685 1694 et„
707 1617 778 1702 quia
800 1618 903 1683 omnis
925 1618 1060 1702 cognitio
1076 1634 1154 1704 per-

221 1702 325 1771 lieitur
345 1706 516 1773 seeundum
540 1706 772 1779 similitudinem
795 1722 876 1791 quae
910 1719 960 1771 est
982 1708 1062 1773 inter
1092 1728 1152 1773 eo·

224 1812 377 1878 gnoseena
400 1808 431 1861 ot
453 1795 624 1879 cognitum,
646 1808 769 1879 oportet
802 1794 886 1880 quod
926 1795 958 1859 in
992 1815 1086 1861 sensu
1108 1797 1155 1863 sit

225 1882 394 1949 similitudo
418 1884 462 1949 rei
488 1883 639 1949 sensibilis
661 1883 864 1968 quantumad
887 1881 955 1968 ejus
966 1883 1153 1963 aooidentia3

226 1972 257 2036 in
292 1972 446 2038 intellectu
486 1993 570 2050 vero,
608 1972 647 2036 sit
679 1972 852 2039 similitudo
891 1972 936 2038 rei
975 1973 1155 2041 intelleotae

227 2073 377 2147 quesitum
401 2061 439 2128 ad
462 2060 528 2146 ejus
552 2060 728 2126 aeserniam.
762 2061 898 2128 Verbum
933 2063 1026 2146 igitur
1046 2063 1077 2126 in
1102 2063 1155 2128 in·

227 2149 351 2216 telleetu
363 2165 547 2235 oonoeptum
559 2164 604 2214 est
617 2151 721 2235 imago
732 2149 780 2214 vel
790 2149 950 2234 exemplar
960 2151 1156 2220 substantiae

228 2237 271 2302 rei
296 2238 478 2304 intellectae.
502 2237 579 2304 Cum
603 2259 679 2322 ergo
704 2238 837 2305 Verbum
871 2238 930 2304 Dei
967 2241 1006 2306 sit
1043 2241 1154 2324 imago

227 2325 298 2402 Dei,
322 2340 355 2392 ut
377 2341 536 2393 ostensum
560 2340 615 2400 est,
642 2346 768 2392 neeesse
791 2327 943 2411 estquod
981 2330 1021 2394 ait
1042 2329 1151 2414 imago

228 2415 459 2503 Deiqnantum
482 2417 522 2480 ad
545 2414 612 2501 ejus
648 2417 825 2482 essentiam.-
863 2415 941 2482 llino
977 2428 1025 2483 eat
1060 2419 1152 2502 quod

227 2504 389 2589 Apostolus
414 2503 592 2591 dicitquod
631 2517 678 2568 est
710 2507 811 2592 fiptua
847 2505 1039 2572 substantioe
1076 2506 1156 2587 Det,

228 2591 332 2670 flete,
357 2594 386 2671 1,
401 2595 440 2658 d.
465 2593 569 2677 lmago
593 2607 696 2658 autem
720 2593 849 2680 alicujus
872 2593 916 2658 rei
939 2607 986 2660 est
1023 2594 1155 2681 duplex.

230 2681 281 2746 Est
303 2683 387 2748 enim
411 2682 513 2767 aliqua
536 2684 640 2765 imago
662 2702 744 2766 quae
780 2702 845 2748 non
882 2683 1093 2750 eommunicet
1117 2684 1154 2750 in

229 2781 431 2834 naturatum
455 2791 492 2836 eo
530 2770 620 2856 eujus
654 2782 701 2834 est
737 2771 851 2854 imago:
872 2770 938 2836 aive
974 2772 1013 2838 sit
1045 2773 1156 2858 imago

228 2855 295 2941 ejus
319 2871 467 2944 quantum
492 2858 531 2924 od
554 2859 705 2924 exteriora
728 2859 907 2938 accidentia,
939 2861 1019 2927 sieut
1050 2873 1158 2929 statua

229 2965 326 3012 aenea
350 2962 396 3012 est
419 2947 520 3032 imago
556 2948 690 3015 bominis
724 2967 783 3012 nee
821 2960 928 3014 tamen
964 2961 1011 3014 est
1043 2950 1158 3029 ltomo;

228 3034 293 3100 sive
312 3034 354 3100 ait
377 3036 479 3120 imago
504 3052 654 3120 quantum
676 3035 716 3100 ad
739 3036 942 3103 substantiam
976 3037 1033 3114 rei3
1072 3040 1155 3104 ratio

229 3125 314 3190 enim
338 3125 472 3190 hominis
494 3125 525 3188 in
551 3125 707 3192 intelleotu
739 3145 802 3190 non
824 3139 871 3190 eat
894 3127 1000 3203 bomo;
1022 3145 1096 3192 nam
1119 3142 1156 3193 et

228 3211 435 3298 Philosophus
459 3212 539 3278 dieite
564 3213 633 3278 Non
645 3214 728 3294 lupia
739 3225 785 3278 eet
798 3214 832 3278 r'n
853 3215 972 3288 ammo,
995 3217 1160 3298 sedquod

227 3304 342 3386 speclea
355 3302 472 3385 lepidio
484 3302 545 3386 (De
559 3303 677 3378 Anima,
688 3300 709 3368 Ι.
722 3303 754 3380 5,
767 3315 839 3369 tent.
856 3323 976 3372 eorum.
987 3304 1056 3388 58).
1072 3303 1162 3370 luta·

231 3411 271 3474 go
288 3404 391 3458 autem
416 3390 545 3474 alicujus
567 3391 611 3456 rei
635 3411 715 3473 quae
731 3391 874 3457 eamdem
896 3405 1039 3458 naturam
1061 3393 1162 3461 babet
1220 3414 1222 3419 ·

235 3498 308 3546 eum
331 3495 365 3546 re
386 3481 475 3564 eujus
498 3491 544 3545 est
567 3479 673 3564 imago
694 3493 741 3544 est
772 3481 851 3546 siout
887 3478 969 3548 filius
1005 3481 1101 3568 regia,
1123 3483 1160 3550 in
