2484 3975
225 211 288 280 158
544 232 600 278 ua.
626 233 664 278 rv.
687 231 751 276 err.
774 231 854 276 rrrr.

223 306 254 382 1,
284 304 314 383 1,
338 315 401 368 lum
426 301 501 388 quia
520 315 588 388 pnsr
616 302 857 366 incarnationem
896 299 1032 368 Clrrislus
1066 305 1151 370 Ver·

220 393 296 460 bum
320 391 441 469 dicitur,
464 391 635 457 seeundum
659 390 745 456 illud:
787 389 917 456 Vertitur
954 405 1023 457 eruc
1060 407 1149 460 uerte

219 503 350 566 aspersa
371 482 529 565 supparum
553 493 584 545 ει
611 492 739 546 uocatur
772 501 881 544 nomen
915 482 981 566 ejus
1015 480 1147 549 Venaurr

219 573 287 650 Der,
309 571 414 656 Apum,
440 569 490 646 l9,
516 569 566 633 15.

286 659 434 746 Amplius,
459 658 571 722 Eorum
594 677 674 741 quae
698 678 760 722 nou
783 657 1013 723 communicant
1030 659 1060 724 iu
1074 681 1146 726 ma-

219 750 294 815 teria
317 762 347 813 et
370 749 401 812 in
424 765 540 830 genere
564 767 626 810 uno
660 745 851 834 impossibile
888 759 933 811 est
967 747 1032 812 lieri
1067 770 1148 814 con·
1224 814 1225 821 ,

218 839 392 902 versionem
417 836 448 900 in
472 835 614 923 inrioern3
640 837 810 900 nonenim
835 856 873 900 ex
897 836 976 902 linea
1001 836 1034 910 ῆι
1057 838 1149 904 albe·

128 919 133 940 ⁸
217 927 269 1005 do,
292 926 363 1012 quia
387 936 457 990 sunt
481 924 673 989 diversorum
698 945 860 1008 generum3
888 945 990 1009 neque
1025 947 1145 1013 eorpus

219 1015 408 1080 elementare
431 1026 531 1098 polest
568 1015 705 1078 converri
743 1014 774 1077 in
812 1012 937 1098 aliquod
973 1034 1146 1101 corporum

217 1103 397 1170 caelestium
421 1101 523 1166 vulin
547 1101 681 1188 aliquam
706 1101 919 1187 incorpoream
933 1103 1143 1177 substantiam

219 1207 271 1258 aur
294 1213 312 1256 e
335 1209 495 1266 converso,
518 1210 589 1256 eum
614 1211 676 1255 nou
712 1192 894 1256 conveniam
932 1192 962 1256 in
1001 1197 1144 1260 materia.

218 1281 355 1350 Verbum
379 1292 482 1344 autem
508 1277 576 1352 Dei,
599 1299 671 1344 oum
694 1280 733 1344 sir
768 1279 862 1357 Deus,
895 1299 959 1344 non
994 1283 1143 1348 convenil

218 1390 320 1456 neque
344 1370 375 1434 in
398 1387 512 1453 genere
535 1388 636 1454 neque
659 1370 690 1432 in
714 1369 841 1433 nrareria
855 1389 925 1434 oum
942 1389 1145 1458 quocumque
1224 1404 1225 1455 q

218 1461 290 1537 alio,
312 1479 350 1524 eo
374 1457 456 1542 quod
480 1457 564 1521 Deus
588 1459 619 1523 in
643 1477 757 1539 genere
781 1478 843 1522 nou
866 1470 912 1522 est
935 1478 1036 1542 neque
1072 1482 1144 1530 ma·

218 1550 327 1614 teriam
352 1547 453 1610 haber.
479 1545 672 1632 impossibile
696 1560 741 1610 est
776 1545 868 1629 igilur
906 1545 1042 1612 Verbum
1081 1549 1143 1616 Dei

217 1636 312 1702 luisse
336 1637 367 1700 in
390 1655 516 1700 carnem
541 1655 725 1700 conuersum
764 1634 812 1701 rel
849 1636 880 1700 iu
918 1637 1152 1725 quodcumque·

217 1724 310 1792 aliud.

283 1813 456 1887 Praeterea,
480 1813 527 1876 De
551 1811 669 1876 rarione
692 1811 937 1888 earnis-ossum}
964 1826 994 1877 ει
1016 1817 1142 1899 sangui·

215 1903 262 1968 nis
285 1916 315 1966 ει
338 1899 517 1986 hujusmodi
542 1901 674 1986 partium
699 1913 744 1964 est
767 1900 852 1985 quod
875 1901 913 1964 sir
937 1923 974 1967 eu
991 1903 1141 1969 determi-

215 2006 285 2058 nala
310 1992 447 2057 materia.
473 1990 505 2055 Si
530 1990 621 2073 igilur
647 1989 782 2055 Verbum
806 1986 863 2053 Dei
879 1992 918 2053 sil
948 1994 981 2055 in
1011 2012 1140 2061 earnem

214 2100 411 2157 conversum,
433 2080 604 2143 seeundum
637 2080 821 2166 positionem
856 2081 1056 2163 praediolum,
1092 2104 1142 2147 se·

213 2184 325 2255 quatur
348 2167 431 2253 quod
455 2169 486 2232 in
509 2166 630 2233 Christo
653 2189 715 2232 non
739 2167 830 2232 luerit
864 2188 935 2259 vera
973 2190 1045 2235 earo
1080 2193 1141 2239 nee

211 2258 329 2345 aliquid
353 2256 435 2322 aliud
460 2256 648 2340 hujusmodi;
671 2271 701 2321 ει
722 2257 767 2321 sio
799 2255 892 2320 eliam
917 2262 1060 2325 nouerit
1088 2280 1139 2325 ve·

212 2368 264 2412 rus
288 2348 394 2421 bomo,
420 2346 475 2409 sed
500 2366 652 2431 apparens
675 2360 807 2418 rantum,
830 2358 861 2408 ει
882 2345 941 2411 alia
959 2347 1138 2433 hujusmodi

211 2456 292 2522 quae
316 2455 408 2520 supra
434 2435 475 2519 (o.
500 2434 557 2517 30)
581 2450 688 2499 eontra
712 2433 906 2501 Valentinum
932 2438 1103 2522 posuimus.

278 2524 363 2607 Pater
388 2523 479 2607 igilur
502 2524 561 2587 boe
584 2523 668 2608 quod
690 2524 824 2589 loannes
848 2524 929 2587 dicit:
944 2524 983 2589 Ει
1005 2526 1137 2594 Verbum

211 2634 284 2677 euro
307 2614 423 2697 saecum
448 2622 504 2690 err,
527 2611 630 2688 loen,
654 2613 684 2690 1,
710 2613 761 2690 lb,
784 2633 846 2676 non
881 2613 924 2679 sio
959 2614 1136 2699 intelligen-

210 2701 285 2767 dum
309 2722 376 2767 esse
399 2701 487 2786 quasi
511 2698 648 2766 Verbum
671 2702 710 2766 sit
732 2720 915 2765 conversum
940 2703 971 2767 in
994 2724 1138 2785 earnem,

209 2790 265 2855 sed
289 2791 360 2875 quia
383 2809 508 2854 earnem
533 2792 707 2873 assumpsir,
730 2803 763 2853 ur
785 2810 856 2853 eum
869 2792 1046 2858 bominibus
1057 2814 1136 2859 uon·

209 2894 384 2944 versaretur
407 2891 436 2941 ει
473 2878 517 2941 eis
542 2877 668 2942 visibilis
691 2891 863 2963 apparerem
887 2881 969 2944 unde
992 2896 1022 2945 ει
1058 2881 1135 2947 sub·

209 2967 302 3033 ditur.
337 2968 377 3032 Ει
410 2965 560 3031 habitavit
582 2967 614 3031 iu
645 2967 732 3031 uobis
768 2978 797 3031 ει
832 2968 968 3033 molimur
1000 2972 1137 3056 ploriom

209 3057 276 3139 ejus
297 3070 353 3123 elo.
394 3056 450 3133 lb,
473 3057 551 3121 sieut
573 3070 603 3119 ει
627 3057 658 3119 in
696 3055 818 3121 Baruob
856 3057 895 3120 de
930 3057 998 3123 Deo
1021 3059 1136 3127 dieitur

210 3146 294 3230 quod
317 3168 350 3210 m
373 3147 466 3210 terrio
488 3148 572 3211 visua
596 3156 642 3209 eal
664 3156 694 3209 ει
720 3166 787 3211 oum
811 3144 987 3213 bominibus
1008 3167 1133 3213 eonver-

209 3246 296 3300 rntur
319 3246 375 3315 erl,
398 3233 531 3312 Baruob,
555 3233 587 3314 ὅ,
609 3234 662 3299 58.
