2484 3975
219 233 284 299 tta
539 258 595 304 tra.
619 257 657 301 rr.
682 256 745 304 car.
768 257 842 301 ιιι·

217 343 292 389 num
328 323 459 389 animae.
496 325 589 390 Aliter
621 328 704 392 enirn
740 343 786 390 est
823 324 945 390 animae
978 344 1136 410 organum

105 417 110 434 ‘
214 432 325 498 corpus
348 426 378 475 et
403 413 468 496 ejus
507 430 618 501 partes
657 431 687 479 et
710 413 797 479 aliter
831 415 980 479 exteriora
1020 416 1138 480 instru-

213 514 330 578 mento;
354 500 430 566 liaeo
454 503 536 568 enirn
565 503 692 568 dolabra
715 523 778 568 non
811 516 856 567 est
890 503 1049 589 proprium
1091 503 1140 567 in·

211 602 428 668 strumentum,
450 591 528 656 sicut
551 591 629 657 lraec
653 613 774 668 manus3
798 611 852 679 per
875 591 1034 656 dolabrum
1051 591 1140 656 enim

212 678 300 743 multi
323 692 450 780 possunt
472 682 605 766 operari,
627 680 682 745 sed
706 681 781 745 liaeo
797 701 906 745 manus
923 679 961 744 ad
978 680 1137 766 propriam

146 815 151 825 .
213 768 424 853 operationem
449 767 540 855 liujus
564 772 687 834 animae
711 770 887 856 deputatum
914 767 1142 856 propterquod

213 874 324 920 manus
347 868 393 920 est
416 875 569 940 organum
594 859 716 923 unitum
740 873 770 924 et
804 858 976 944 proprium,
1008 856 1141 922 dolabra

217 959 319 1008 autem
344 944 582 1011 instrumentum
605 948 810 1012 extrinsecum
834 959 864 1009 et
886 957 1063 1012 commune
1087 944 1141 1010 Sic

217 1033 310 1117 igitur
332 1045 363 1096 et
399 1034 430 1097 in
466 1037 580 1100 unione
617 1037 675 1101 Dei
710 1049 741 1100 et
779 1035 913 1100 hominis
947 1033 1136 1100 considerari

217 1135 326 1208 potest.
350 1119 467 1186 Omnes
483 1125 565 1188 enirn
583 1125 724 1189 homines
740 1137 958 1210 comparantur
973 1121 1012 1186 ad
1034 1122 1139 1188 Deum

216 1224 251 1273 ut
259 1199 457 1311 quaedam
449 1226 652 1278 instrumenta
675 1214 788 1298 quihus
812 1227 966 1297 operatur.
986 1211 1066 1275 Deus
1090 1222 1140 1275 est

216 1299 296 1362 enirn
319 1300 371 1383 qui
394 1313 543 1380 oporatur
564 1304 595 1366 iu
620 1302 707 1366 uobis
729 1314 760 1366 et
780 1303 858 1366 nette
882 1302 1138 1384 otperfioerepro
1232 1317 1233 1324 ¹

214 1386 294 1451 lrono
315 1388 483 1466 oolurrtote,
508 1392 679 1456 secundum
718 1390 908 1477 Apostolum,
926 1389 1139 1477 Portippa,

214 1476 266 1540 l3
291 1475 351 1539 Sed
376 1476 426 1542 alii
452 1477 594 1544 homiues
617 1492 837 1566 comparantur
864 1477 902 1542 ad
920 1477 1021 1543 Deum
1045 1439 1139 1580 qtrasi

212 1565 414 1628 instrumenta
439 1570 607 1632 extrinseca
632 1583 661 1633 et
683 1581 834 1655 separata3
859 1575 1021 1632 moventur
1050 1569 1137 1630 enim

213 1653 320 1717 aDeo
344 1673 406 1717 non
430 1655 468 1720 ad
494 1657 700 1742 ‚operationes
736 1658 874 1743 proprias
913 1655 970 1719 sibi
1006 1668 1139 1733 tantum,

213 1743 268 1806 sed
293 1741 330 1806 ad
355 1745 548 1828 operationes
583 1767 766 1810 communes
789 1744 872 1810 omni
904 1743 1042 1808 rationali
1079 1765 1136 1808 na

107 1847 111 1855 ·
215 1847 312 1907 turae,
336 1845 368 1894 ut
391 1847 438 1897 est
460 1833 632 1918 intelligere
656 1835 826 1912 veritatem,
849 1832 976 1918 diligere
1001 1831 1080 1895 bona
1106 1849 1139 1898 et

217 1921 336 2006 operari
357 1920 448 2007 justa.
472 1921 533 1988 Setl
564 1925 698 1988 humana
734 1936 842 1989 natura
867 1923 897 1985 in
933 1920 1053 1986 Christo
1086 1941 1138 1985 as-

215 2024 337 2095 sumpta
361 2026 406 2075 est
440 2025 472 2076 ut
504 2012 777 2078 instrumentaliter
802 2022 956 2097 operetur
988 2030 1024 2074 ca
1053 2029 1139 2095 quae

215 2112 288 2163 sunt
311 2101 504 2184 operationes
527 2104 670 2187 propriae
685 2102 778 2166 solius
796 2100 864 2177 net,
886 2101 1020 2165 sicutest
1042 2118 1137 2165 mun-

214 2188 289 2251 dare
320 2203 453 2272 peccata,
487 2189 662 2254 illuminare
693 2204 813 2255 meotes
848 2209 903 2274 per
937 2186 1067 2271 gratiam
1104 2204 1138 2255 et

211 2274 459 2341 introducerem
484 2278 702 2363 perlectionem
727 2280 805 2343 vitae
829 2292 982 2341 aeternae
1001 2274 1138 2376 Compa-

213 2379 297 2430 ratur
320 2366 411 2448 igitur
434 2365 568 2431 humana
593 2382 700 2433 natura
726 2366 836 2431 Christi
860 2366 898 2429 ad
931 2365 1030 2429 Deum
1054 2366 1140 2431 sieut

209 2455 448 2518 instrumentum
483 2455 642 2543 proprium
677 2469 707 2522 et
729 2454 941 2542 conjunctum,
964 2468 996 2518 ut
1021 2474 1140 2519 uranus

212 2544 251 2607 ad
274 2542 423 2607 aninram.

277 2630 340 2695 Neo
363 2631 553 2719 discrepata
577 2653 680 2697 rerum
704 2631 889 2697 naturalium
906 2629 1139 2697 corasttetudine

215 2719 297 2805 qnod
321 2720 435 2805 aliquid
458 2723 496 2786 sit
520 2722 697 2786 naturaliter·
721 2722 879 2807 proprium
893 2719 1138 2785 instrumentum

214 2807 447 2893 alicujusquod
472 2824 660 2875 tamennon
699 2811 737 2873 sit
775 2809 873 2873 forma
912 2808 1015 2893 ipsius.
1054 2807 1154 2872 Nam'

215 2896 331 2980 lingua,
354 2911 444 2981 prout
466 2912 510 2963 cst
533 2903 771 2963 instrumentum
796 2896 969 2971 locutionis,
992 2909 1037 2959 est
1062 2916 1137 2982 pro-

215 2987 316 3071 prium
340 3006 491 3069 organum
517 2987 699 3065 intellectus,
721 2986 772 3072 qui
813 3000 926 3061 tamen,
962 2996 993 3048 ut
1029 2982 1137 3047 Philo-

214 3074 331 3161 sophus
356 3075 537 3178 probat(3‚
559 3076 598 3139 de
623 3076 744 3153 Anima,
767 3087 837 3138 text.
861 3093 975 3137 conam.
1000 3072 1051 3173 6),Ι
1063 3072 1135 3137 nul·
1227 3084 1228 3114 ι

214 3162 273 3227 lius
296 3164 389 3250 partis
411 3166 548 3267 corporis
571 3179 656 3228 aetus
679 3178 733 3229 est.
759 3162 905 3227 Similiter
927 3162 1019 3225 etiam
1045 3162 1136 3224 iove·

215 3251 297 3316 uitur
319 3250 443 3337 aliquod
467 3256 704 3317 instrumentum
728 3252 810 3339 quod
835 3251 872 3314 ad
897 3263 1038 3315 naturam
1062 3268 1135 3334 spe·

214 3339 271 3403 ciei
295 3359 356 3402 noo
382 3340 562 3426 pertineret
586 3354 689 3405 tameo
713 3361 751 3405 er
775 3355 859 3439 porte
877 3339 1021 3403 materiae
1045 3357 1132 3400 oom-

212 3427 287 3510 petit
309 3426 381 3491 lruio
404 3428 572 3503 individuo,
596 3443 628 3492 ut
652 3442 754 3493 sextus
790 3428 902 3512 digitus
939 3425 987 3489 vel
1014 3425 1135 3511 aliquid

214 3513 402 3597 hujusmodi.
426 3515 507 3583 Nihil
540 3517 633 3601 igitur
666 3518 807 3602 prolribet
841 3515 1012 3581 secundum
1046 3514 1136 3579 lruno
