2484 3975
477 219 664 270 nissenrtuo
968 202 1031 270 383

177 291 363 358 Eorumdem
381 291 616 379 intelligibilium
635 293 726 359 veluti
751 291 812 357 due
835 292 1029 377 distinguun-

111 399 161 448 tur
172 383 294 447 classes.
318 382 397 447 Sunt
420 382 489 461 alia,
512 402 592 468 quae
607 382 818 453 necessarium
842 400 954 446 nexum
969 403 1031 446 non

113 472 227 537 habent
251 492 323 535 cum
346 484 466 547 natura;
493 470 548 535 sed
583 492 619 535 ea
656 486 759 535 tamen
796 490 868 535 cum
903 470 1033 535 naturali

111 580 216 626 rerum
240 560 350 625 ordine
388 558 455 623 Deo
489 560 612 646 placuit,
651 579 707 645 pro
746 579 819 624 suae
857 558 1034 645 Sapientiae

111 649 240 714 consilio
275 670 331 735 pru
369 667 507 733 suaeque
544 648 708 714 voluntatis
741 662 840 725 nutu,
877 648 1034 732 colligaret

112 738 238 803 Praesto
262 736 403 823 exempla
430 750 597 824 suppetunt
631 739 661 801 in
686 737 800 801 unione
834 736 1034 822 hypostatica,

110 827 140 892 iu
163 827 320 910 originalis
348 827 465 911 peceati
501 826 731 913 propagatione,
755 826 785 889 in
809 824 1033 912 Redemptione

109 915 216 979 mundi
240 934 296 1001 per
318 913 424 979 lestrm
448 915 615 993 Christum,
640 914 802 979 hominum
818 913 984 999 adoptione
1001 914 1033 979 in

108 1003 186 1069 lilios
208 1004 266 1069 Dei
290 1002 461 1067 hereditate
490 1018 626 1082 aeterua,
658 1016 806 1089 quaeest
840 1004 915 1067 visio
949 1003 1032 1068 olera

109 1092 140 1155 in
164 1094 272 1179 patria.
295 1091 374 1156 Sunt
397 1091 454 1155 alia
478 1112 563 1171 veru,
586 1112 666 1179 quae
689 1109 804 1156 nexum
828 1091 943 1157 habent
960 1111 1032 1157 cum

86 1262 90 1265 θ
110 1195 218 1246 natura
242 1201 297 1245 seu
320 1200 391 1245 cum
413 1180 532 1246 effectis·
552 1202 631 1267 quae
655 1180 804 1245 naturalia
828 1180 1033 1267 appellamus3

110 1271 163 1354 qui
206 1284 310 1336 tamen
348 1288 446 1333 nexus
487 1270 597 1335 rationi
632 1268 764 1333 naturali
800 1288 860 1334 non
896 1282 1034 1355 apparet.

110 1356 145 1423 V.
161 1378 201 1442 g,
224 1359 304 1423 inter
321 1359 466 1423 conditas
492 1371 649 1423 creaturus
667 1371 791 1443 tresque
819 1356 1034 1423 Sanctissimae

110 1446 266 1512 Trinitatis
301 1466 448 1533 personas
483 1467 580 1512 uerus
614 1460 662 1512 est
698 1447 901 1525 necessarius,
935 1446 1034 1533 qualis

108 1556 233 1601 causam
256 1537 336 1600 inter
359 1548 389 1598 et
412 1536 554 1600 effectum
578 1534 751 1610 intercedit,
773 1556 845 1600 cum
871 1547 933 1599 tres
956 1535 1052 1599 citt-1

108 1644 168 1689 nae
191 1634 340 1710 personae
363 1626 525 1688 creationis
548 1641 627 1710 opus
650 1637 679 1689 et
703 1623 786 1688 aliud
811 1622 971 1710 quodlibet
992 1624 1033 1688 ad

108 1726 193 1777 extra
216 1713 308 1777 simul
331 1726 489 1798 peragant.
513 1712 614 1778 Nesus
629 1726 763 1778 attamen
777 1712 888 1780 rationi
902 1712 1034 1777 naturali

109 1821 172 1866 nou
196 1814 332 1889 apparet3
366 1802 481 1887 quippe
506 1822 585 1887 quae
609 1802 649 1866 ab
673 1800 787 1867 allectis
821 1802 947 1887 quidem
972 1804 1034 1865 tir-

109 1904 207 1956 tuteut
230 1910 265 1954 ac
288 1889 544 1977 omnipotentiam
567 1890 683 1974 colligit
699 1894 834 1975 supremi
853 1890 1034 1967 conditoris

109 1980 206 2047 tribus
229 1993 331 2045 tamen
356 1980 497 2044 virtutem
515 1981 595 2046 bane
620 1994 650 2044 ct
666 1980 921 2066 omnipotentiam
938 1999 1033 2045 unam

108 2070 327 2156 eamdemque,
348 2068 466 2154 absque
488 2068 639 2134 divisione
662 2087 697 2134 ac
720 2069 907 2146 diversitate,
934 2069 1036 2134 inesse

108 2160 221 2226 divinis
244 2158 384 2246 personia
409 2177 467 2222 uec
491 2160 597 2244 utique
620 2159 705 2222 notit
723 2177 927 2244 nequenosse
944 2157 1035 2223 valet.

177 2248 239 2314 Cur
262 2267 337 2332 ergo
361 2248 441 2310 ratio
475 2246 635 2325 naturalis,
662 2265 742 2332 qnae
766 2248 907 2312 veritates
931 2245 1037 2330 hujus-

107 2338 250 2412 modi,se
271 2334 423 2410 consulta,
447 2348 622 2421 perspectas
640 2335 757 2400 habere
777 2337 893 2422 nequit,
907 2338 1034 2400 easdem

108 2427 268 2512 negaverit
292 2437 345 2490 aut
367 2423 398 2487 in
424 2422 490 2487 Deo
514 2424 580 2488 dari
604 2437 657 2488 aut
681 2424 812 2488 revelari
828 2445 845 2488 a
861 2424 929 2489 Deo
945 2443 1036 2509 posse

108 2529 163 2580 aut
186 2515 334 2582 revelatas
350 2531 489 2577 nonesse
506 2525 611 2598 utpote
626 2513 869 2578 commentitias?
881 2517 921 2576 be
934 2513 1036 2599 primo

114 2634 128 2663 a
142 2623 245 2669 rerum
260 2607 395 2690 ipsarum
408 2601 601 2665 sensibilium
618 2601 769 2688 plurimas
782 2620 839 2667 nos
864 2602 1039 2688 proprieta-¹

107 2707 156 2759 tes
168 2693 346 2779 ignoramus
360 2689 464 2780 (verba
488 2701 560 2754 sunt
583 2689 615 2752 S.
640 2689 792 2768 Thomas,
808 2689 937 2764 ibidem,
958 2709 985 2755 c.
1000 2689 1038 2776 5)

106 2802 280 2868 earumque
302 2779 525 2867 proprietatum
547 2797 624 2864 quas
648 2797 741 2844 seusu
764 2778 1037 2866 apprehendimus,

105 2872 261 2937 rationem
286 2868 421 2954 perfecte
442 2869 473 2931 iu
506 2866 646 2953 pluribus
670 2867 808 2932 invenire
843 2888 904 2934 non
929 2888 1036 2956 pussu-

105 2980 179 3026 mus
201 2987 233 3024 a.
258 2960 343 3024 lianc
366 2958 478 3022 mentis
504 2972 627 3022 creatae
663 2957 744 3021 circa
768 2976 817 3021 res
841 2957 921 3043 ipsas
944 2968 1034 3022 natu·

104 3048 189 3115 cales
212 3046 454 3114 imbecillitatem
478 3045 670 3131 amplissimo
699 3057 826 3111 tractatu
850 3044 1036 3131 patefaciunt

104 3137 169 3203 alii.
194 3136 281 3203 llunc
312 3133 502 3200 edelcctum
526 3135 557 3197 in
580 3133 674 3198 rebus
707 3133 930 3219 cognoscendis
953 3161 967 3193 a
997 3137 1037 3198 Α·

103 3227 218 3313 quinas
242 3239 346 3293 noster
369 3222 474 3311 paucis
506 3221 631 3301 indicat,
662 3243 804 3310 «quem,
827 3223 935 3309 inquit,
958 3242 1037 3310 quo·

107 3316 186 3380 tidie
209 3316 441 3402 experimur».
464 3312 510 3375 bn
544 3331 620 3396 ergo
645 3311 809 3377 viridiores
846 3312 1035 3397 tutioresque

106 3405 191 3470 vires
214 3404 327 3470 babeat
357 3402 434 3467 ratio
472 3412 575 3466 nostra
613 3399 653 3465 ad
677 3421 713 3468 ea
753 3399 810 3466 Dei
845 3419 927 3486 quae
964 3412 1037 3466 runt

105 3493 331 3581 perscrutanda
344 3491 360 3556 ‘l
