2484 3975
440 250 495 299 sm.
520 252 558 299 tv.
582 252 646 300 orn.
669 255 710 303 m.
993 230 1034 296 ts

449 410 618 490 CAPUT
652 408 703 475 ΙΙΙ.

341 586 552 669 Quaestum
575 588 634 655 Dei
654 590 696 654 sit
718 587 812 654 Dens

183 764 448 833 Considerandum
472 776 575 831 tamen
597 764 682 853 quod
716 763 878 852 praedietis
901 759 1035 827 nomini-

120 854 179 922 bus
201 854 301 921 divino
325 852 480 941 Soripturo
514 855 608 919 utitur
642 856 734 919 etiarn
773 853 812 918 ad
846 851 1033 918 creationem

120 963 225 1011 rerum
249 942 483 1019 ostendendam
505 942 616 1009 dieitur
639 944 733 1008 enim:
757 942 835 1023 Quis
845 951 892 1007 est
909 938 1037 1024 plutino

117 1044 221 1119 poter,
242 1033 291 1096 nel
313 1033 380 1117 quis
401 1032 506 1115 qorrut't
526 1032 632 1097 stillas
650 1032 751 1099 roris?
775 1030 821 1095 De
842 1031 928 1115 eujus
950 1037 1036 1093 utero

119 1122 603 1295 tttttstt‘tdnt„td
620 1120 805 1275 iiiiii
824 1117 1036 1292 titud:

121 1257 201 1378 tatis:
222 1258 376 1364 fiiiitionis
399 1312 430 1363 et
452 1298 659 1383 generationis
695 1296 852 1363 venabulis
885 1293 1035 1379 intellige·

118 1403 320 1473 retorquam
343 1386 506 1453 creationis
528 1385 672 1466 efficacia,
709 1386 826 1452 addidit
859 1383 1036 1471 Scripturas

119 1478 284 1543 auotoritas
306 1489 338 1541 ut
360 1494 433 1540 eum
456 1496 549 1563 quem
572 1476 671 1541 fliium
693 1488 724 1542 et
760 1473 898 1561 genitum
934 1472 1035 1536 nomi·

119 1566 213 1631 nebat
235 1565 328 1630 etiam
350 1563 452 1629 Deum
474 1584 542 1631 esse
565 1585 628 1631 non
641 1577 764 1643 moeret,
781 1577 814 1629 ut
824 1561 869 1628 sio
880 1558 1035 1647 praedicta

120 1653 278 1738 generatio
291 1652 406 1738 aliquid
429 1653 561 1738 amplius
572 1672 666 1740 quam
679 1653 793 1719 creatio
805 1649 1035 1733 intelligeretur:

119 1741 232 1809 dieitur
254 1742 348 1806 enim:
370 1741 407 1805 In
429 1742 582 1826 pnoeipio
605 1754 676 1809 erat
694 1741 834 1819 Verbum,
856 1751 888 1805 ot
908 1735 1037 1812 Verbum

120 1842 190 1895 orat
211 1829 297 1913 opud
319 1828 429 1906 Deum,
451 1840 481 1895 et
502 1829 587 1895 Deus
611 1843 680 1897 erat
717 1828 858 1907 Verbum,
894 1826 981 1892 Joan.
1006 1826 1038 1904 i,

122 1918 153 1983 1.
176 1918 211 1984 Et
232 1917 315 2005 quod
353 1917 459 1984 Verbi.
480 1919 606 1984 nornine
640 1919 735 1984 Filius
768 1918 965 2004 intelligatur,
998 1934 1038 1980 ex

121 2005 382 2092 consequentibus
405 2008 586 2086 ostenditur3
609 2029 681 2074 narn
705 2007 818 2074 subdit:
842 2006 880 2072 Et
909 2003 1038 2069 Verbum

120 2115 193 2162 coro
214 2093 331 2180 foetum
355 2108 451 2162 estet
473 2097 625 2162 habitauit
645 2099 679 2162 in
707 2095 806 2174 nobis3
842 2107 874 2161 et
904 2091 1038 2160 vidintur

118 2185 253 2270 niarium
276 2205 351 2270 rjus,
386 2186 519 2271 yloriom
555 2187 647 2271 quasi
688 2185 842 2270 b'niqeniti
873 2203 896 2248 a
932 2183 1038 2264 Putre,

119 2274 220 2351 ioan,
243 2274 273 2350 i,
299 2274 350 2340 id.
374 2275 409 2339 Et
433 2274 547 2340 Paulus
570 2276 656 2341 dieit:
677 2274 857 2359 Beniynitos
878 2285 909 2336 et
929 2273 1038 2336 bumo-

119 2363 203 2426 nitus
224 2364 373 2445 apparuit
398 2361 571 2428 Salinatoris
608 2365 708 2429 nostri
744 2363 812 2441 Dei,
833 2361 920 2434 Tit,
953 2361 984 2436 ὅ,
1007 2360 1038 2423 d.

119 2447 185 2517 Hoe
207 2449 299 2513 etiarn
323 2449 441 2514 Veteris
464 2451 652 2517 Testamenti
675 2451 826 2538 scripture
848 2469 911 2516 non
936 2449 1039 2526 tacuit,

121 2536 277 2604 Christum
299 2535 401 2601 Deum
424 2539 599 2615 nominans
621 2538 734 2604 dieitur
756 2535 962 2604 enim-Sedes
985 2546 1040 2601 tuo

120 2625 428 2700 ornatissimorum
450 2626 577 2699 soeculo}
612 2629 702 2712 oirya
736 2625 914 2691 directionis
949 2624 1039 2710 viros

119 2715 208 2801 renni
231 2715 285 2780 tui.
309 2713 456 2779 Diieoeisti
468 2716 628 2800 justitium
648 2727 680 2781 et
704 2713 799 2780 odisti
836 2715 1041 2800 iniquitatem

120 2803 247 2883 Psalm,
269 2803 324 2882 dd,
347 2801 419 2881 7-8;
440 2817 471 2869 et
493 2804 576 2891 quod
600 2803 641 2870 ad
651 2803 807 2871 Christum
824 2802 941 2870 dicatur
957 2817 1041 2890 patet

120 2909 177 2978 per
199 2892 231 2958 id
253 2891 336 2978 quod
359 2891 509 2959 subditur.
547 2893 717 2979 Propterea
754 2894 843 2958 nituit
880 2903 909 2958 te
947 2893 1041 2971 Dens,

120 2979 207 3048 Deos
231 2992 309 3059 tuns,
342 2982 409 3046 oleo
447 2982 583 3048 loetitiae
614 3002 701 3067 pros,
728 2981 920 3048 consortibus
957 2981 1040 3059 tetis,

121 3067 246 3149 Psalm,
269 3071 322 3150 db,
341 3070 377 3150 ὃς
400 3083 430 3136 et
453 3071 571 3137 dieitur:
603 3071 759 3137 Pronurus
780 3073 861 3137 enim
883 3090 974 3136 utros
995 3081 1041 3135 est

122 3158 220 3235 nobis,
233 3170 272 3226 ,et
292 3161 375 3247 fidius
394 3161 488 3225 dotus
510 3170 555 3224 ost
575 3159 675 3236 nobis,
699 3173 731 3227 et
749 3160 852 3245 sortus
873 3171 919 3224 est
949 3160 1042 3242 prin-

122 3247 244 3331 cipatur
265 3268 359 3332 super
380 3249 540 3314 dumorum
569 3250 645 3333 ιφάν,
667 3261 699 3315 et
732 3247 895 3313 vocabitur
931 3267 1041 3312 nomen

122 3336 187 3419 &us
208 3335 422 3415 Admirabib's,
448 3337 661 3415 Considiorr'us,
683 3337 779 3414 Deus,
807 3337 922 3412 Fortis,
945 3336 1040 3400 Potor

121 3425 219 3507 littori
230 3426 357 3504 soronii,
368 3425 516 3511 Princeps
535 3428 635 3510 potis,
658 3426 737 3504 isai,
760 3425 793 3504 9,
815 3426 846 3492 6.
875 3425 926 3493 Sic
948 3425 1041 3510 igitur

122 3529 162 3583 ex
183 3531 270 3582 saera
297 3513 454 3604 Scriptura
475 3514 635 3600 'doeemur
667 3515 781 3586 Filium
812 3514 884 3597 Dei,
916 3535 935 3583 a
971 3513 1040 3582 Deo
1086 3523 1092 3532 ·
