2484 3975
367 241 422 287 tro.
446 241 483 286 tv.
507 243 570 287 aar.
594 241 692 289 xarrr.
716 241 752 286 ar
775 241 821 287 at.
993 223 1057 290 llll

135 323 287 388 carnatus,
312 329 375 376 non
400 326 503 376 tamen
527 324 650 397 oportet
674 311 797 376 Patrem
827 310 874 376 vel
910 309 1058 400 Spiritum

134 399 282 466 Sanctum
307 419 376 464 esse
406 401 612 477 incarnatum,
636 420 709 465 cum
743 400 912 465 incarnatio
934 421 997 465 non
1019 402 1059 466 sit

135 487 213 556 lacta
241 488 413 556 secundum
449 490 596 554 unionem
624 489 655 552 in
680 500 799 565 natura,
833 489 864 553 in
903 509 962 574 qua
998 503 1059 555 tres

134 597 287 664 personae
309 576 434 641 divinae
464 577 664 654 conveniunt,
686 576 741 641 scd
766 577 939 642 secundum
963 577 1060 664 hypo

133 668 239 732 stasim
263 678 294 730 et
315 666 520 752 suppositum,
547 679 638 752 prout
675 680 736 730 tres
759 684 911 752 personae
949 665 1059 732 distin·

133 765 281 839 guuntun
304 767 334 818 et
356 757 410 830 sic,
433 754 511 819 siout
535 756 564 818 in
594 753 745 819 Trinitate
765 770 837 819 sunt
860 755 964 841 plures
987 775 1058 841 per-

133 863 230 907 sonae
252 843 451 908 subsistentes
475 843 504 907 in
531 863 591 906 una
627 857 747 920 natura,
771 844 810 906 ita
845 845 878 908 iu
911 844 1070 928 mysterio·

134 931 353 996 incarnationis
377 945 423 996 est
446 949 507 996 una
532 951 663 1018 persona
680 932 848 997 subsistens
865 933 894 997 in
919 932 1059 1019 pluribus

135 1033 263 1085 natans.

456 1159 745 1263 canuam..

256 1370 445 1459 Ohjactiones
468 1385 575 1440 contro
597 1373 691 1462 fidem
711 1375 945 1441 incarnationis.

199 1549 260 1617 Sed
291 1565 397 1618 contra
436 1549 516 1618 hanc
553 1551 726 1618 catholicae
763 1551 834 1632 fidei
871 1554 1057 1622 sententiam

131 1639 236 1726 plures
260 1639 452 1716 difficultates
475 1655 675 1718 concurrunt,
699 1653 825 1727 propter
848 1662 925 1728 quas
947 1643 1057 1710 adver·

131 1729 205 1794 sarii
230 1729 300 1794 lidei
325 1729 569 1794 incarnationem
593 1731 786 1815 impugnant.
841 1738 846 1749 '

201 1815 367 1882 Ostensum
399 1831 445 1882 est
467 1819 551 1882 enim
582 1818 615 1907 (l.
641 1818 671 1896 l,
693 1839 720 1882 c.
756 1818 815 1904 att)
850 1817 934 1903 qaod
972 1819 1057 1887 Dens
1137 1865 1139 1872 -

132 1925 235 1993 neque
257 1927 369 1993 corpus
392 1919 438 1970 est
461 1926 562 1992 neque
586 1908 680 1971 virtus
694 1906 724 1970 in
742 1926 883 1994 corpote.
906 1906 1056 1975 Sioutem

131 2014 259 2063 carnem
283 1997 457 2082 assumpsit,
480 1996 618 2081 sequitur
641 1996 724 2083 qood
748 1996 795 2061 vel
810 1998 848 2063 sit
864 2011 999 2064 mutatus
1022 2000 1055 2064 in

131 2104 246 2172 corpus
269 2083 317 2149 ael
339 2084 423 2171 qood
446 2085 484 2150 sit
507 2087 601 2150 virtus
625 2085 655 2149 in
679 2104 809 2171 corpore
832 2099 901 2171 post
916 2087 1054 2152 incarna-

131 2175 260 2239 tionem.
291 2173 483 2259 lmpossibile
510 2174 604 2259 igitur
626 2173 746 2239 videtur
766 2174 869 2239 Deum
891 2173 986 2241 luisse
1008 2178 1054 2242 in·

130 2276 303 2333 carnotum.

199 2350 287 2425 Item,
310 2348 409 2416 Omne
443 2349 526 2434 qaod
550 2351 681 2437 acquirit
704 2369 815 2416 noram
840 2363 982 2417 naturam
1006 2366 1053 2418 est

130 2439 323 2512 substantiali
359 2441 520 2505 mutationi
554 2440 753 2525 subjectum3
787 2440 959 2505 secundum
992 2441 1054 2508 hac

130 2529 216 2594 euim
255 2526 370 2613 aliquid
409 2541 575 2612 generatur
613 2527 697 2613 quod
738 2541 879 2593 naturam
917 2529 1053 2615 aliquam

130 2615 272 2703 acquirit.
296 2616 327 2681 st
351 2616 444 2699 igitur
467 2617 640 2703 hypostasis
664 2615 730 2680 Filii
755 2614 812 2680 Dei
836 2616 888 2681 liat
910 2617 950 2683 de
972 2638 1054 2684 novo

129 2706 300 2772 subsistens
324 2704 355 2768 in
379 2718 487 2770 natura
522 2705 670 2783 humana,
693 2703 814 2769 videtur
851 2706 934 2791 quod
971 2720 1054 2773 esset

129 2792 372 2861 substantialiter
394 2806 518 2860 mutata.

197 2883 316 2959 Adhuc,
339 2880 427 2946 Nulla
452 2883 624 2970 hypostasis
647 2879 779 2966 alicujus
806 2895 935 2949 naturae
950 2898 1056 2951 eaten-

130 2972 215 3037 ditur
237 2985 321 3037 extra
345 2986 487 3035 naturam
516 2972 611 3049 illam;
641 2970 715 3057 quin
740 2971 842 3057 potius
877 2987 984 3037 natura
1009 2975 1056 3038 in-

129 3060 253 3126 venitur
274 3072 358 3124 extra
381 3058 582 3145 hypostasim,
606 3072 711 3145 utpote
740 3059 853 3124 multas
876 3061 1057 3146 hypostases

128 3148 191 3215 sub
215 3169 249 3216 se
270 3147 400 3213 habens.
424 3148 455 3211 Si
488 3149 579 3233 igitur
613 3149 786 3235 hypostasis
820 3147 887 3212 Filii
926 3150 984 3215 Dei
1018 3153 1056 3217 sit

128 3258 188 3326 per
211 3237 453 3305 incarnationem
477 3235 554 3301 lacta
593 3236 766 3322 hypostasis
790 3235 946 3303 humanae
969 3252 1056 3304 natu·

130 3346 201 3407 rae,
220 3326 358 3414 sequitat
381 3324 464 3410 qnod
487 3324 582 3391 Filius
606 3326 663 3389 llai
697 3344 762 3389 noa
786 3324 825 3390 sit
850 3327 964 3414 ubique
987 3340 1057 3414 post

130 3415 387 3490 incarnationem,
411 3433 482 3479 oum
508 3415 643 3479 humana
663 3427 773 3479 natura
789 3413 905 3501 ubique
921 3434 986 3481 non
1005 3417 1057 3485 sit.

200 3502 348 3593 Amplius,
373 3502 427 3569 llei
459 3503 605 3571 animet
644 3501 784 3589 ejusdem
815 3523 880 3571 aaa
913 3518 959 3571 est
996 3506 1054 3572 nisi
1116 3544 1122 3553 ·
