2484 3975
222 190 289 258 566
565 209 753 255 otsssnmrto

221 280 409 368 prolitentes,
432 275 457 342 si
481 278 521 345 ita
544 281 670 364 quidem
695 281 743 359 sit,
768 278 945 345 Naturalem
969 300 1064 365 quum
1087 300 1139 346 to·

221 382 293 435 caut
317 368 524 451 Religionem,
545 388 734 455 omnemque
762 368 939 435 Revelatam
963 369 1141 435 infitiantur.

222 457 496 523 Luculentissimac
521 458 702 541 prodierunt
724 458 895 544 apologiae,
919 478 998 544 quae
1037 460 1142 525 nobile

205 560 439 632 ‚argumentum
463 544 594 628 eleganti
619 548 777 625 methodo,
790 548 963 611 eruditione
976 551 1140 631 omnigena

125 720 129 726 .
221 650 253 700 et
275 636 388 699 invicto
411 635 565 698 rationum
589 635 701 700 robore
710 650 920 737 pertractent.
945 636 1027 717 Quid
1053 636 1142 702 tero?

222 724 303 789 Nibil
328 724 433 822 utique
456 722 571 787 dictum
593 724 715 825 qupd
709 726 865 809 ingenium
905 724 1046 789 Tboutae
1082 746 1141 790 non

221 827 293 878 ante
316 811 534 893 excogitaverit
557 813 723 899 paucisque
748 814 847 895 verbis
872 835 933 877 nun
947 815 1141 899 expresserit.

266 902 320 966 Rei
346 900 516 987 periculum
540 899 642 967 lacere
666 916 808 988 praestat,
832 922 869 967 ex
894 924 967 980 ono,
1003 924 1067 989 quo
1105 903 1142 967 de

222 992 355 1075 agimus,
377 1009 472 1074 opere
495 988 615 1055 selectis
639 991 833 1076 collectisque
857 991 1062 1056 documentis.
1103 996 1143 1057 sle

222 1081 324 1166 primo
347 1078 597 1142 constituendum
621 1093 749 1145 naturae
782 1080 899 1146 lumine
932 1100 996 1145 nort
1033 1100 1142 1147 omues

222 1189 312 1254 posse
335 1168 475 1231 veritates
498 1166 537 1229 atl
575 1167 676 1233 Deum
714 1170 902 1255 pertinentes
939 1170 1141 1235 innotescere.

223 1257 315 1339 Quod
339 1270 445 1320 notum
469 1270 724 1343 compertumque
749 1271 781 1323 ot
804 1256 867 1335 stat,
902 1256 964 1323 duo
998 1271 1087 1323 sunt·
1105 1257 1143 1323 ad

223 1365 354 1411 examen
379 1345 526 1408 vocanda:
551 1345 633 1425 Quid
657 1350 696 1411 sit
719 1346 865 1411 naturalis
889 1347 976 1423 rati03
989 1367 1143 1431 quaenam

224 1434 291 1519 ejus
315 1433 412 1497 uires?
435 1432 487 1497 llla
512 1447 557 1497 cst
579 1434 667 1518 cujus
691 1436 886 1521 principium,
927 1438 1011 1521 quod
1049 1442 1142 1500 ettam

225 1524 331 1589 lumen
354 1524 526 1622 appellatur
550 1524 589 1585 ab
613 1523 690 1599 aliis,
716 1524 753 1587 ex
776 1525 971 1589 sensibilibus
1005 1524 1142 1589 desumi·

225 1628 275 1678 tur
298 1616 470 1712 creatisque
493 1611 595 1675 rebus
621 1610 698 1677 Rem
723 1626 859 1681 creatam
884 1613 1034 1679 hocloco
1059 1633 1144 1699 prae-

224 1705 315 1787 cipue
338 1702 533 1785 maximeque
557 1700 694 1785 intelligo
717 1716 850 1767 creatam
875 1706 971 1789 ipsam
1008 1716 1143 1766 mentem

218 1790 354 1876 ejusque
378 1788 564 1865 affectiones,
587 1810 664 1873 quas
688 1791 795 1855 intimo
819 1792 926 1857 saltem
950 1812 1055 1892 sensu,
1095 1806 1145 1855 aut

225 1898 282 1966 per
304 1879 611 1942 conscientiamsine
634 1878 741 1957 dubio,
765 1881 880 1945 uiribus
918 1880 1025 1944 nativis
1065 1881 1147 1943 novit

225 1969 360 2054 Angelus
384 1968 430 2032 vel
454 1968 556 2031 attima
580 1983 730 2052 separata,
754 1967 801 2040 ttcl
826 1970 932 2047 bomo,
956 1984 1048 2054 atque
1084 1992 1147 2034 ma·

225 2060 273 2140 gis
296 2059 460 2141 minusque
482 2075 626 2141 expressa
649 2057 815 2122 rellexione
839 2079 929 2124 nosse
953 2057 1042 2122 valet.
1072 2057 1148 2122 Hinc

226 2146 364 2210 'lltomas
387 2160 427 2209 att
450 2145 496 2231 (l.
522 2147 551 2223 l,
573 2165 600 2210 e.
625 2145 644 2209 5
663 2145 686 2229 ),
709 2146 853 2228 Angelus,
877 2166 931 2232 per
954 2167 1043 2210 suam
1079 2147 1148 2212 aub-

218 2239 368 2302 .stantiam
391 2254 485 2318 quam
509 2236 603 2311 novit,
633 2262 646 2292 ι
670 2236 700 2298 in
726 2235 782 2299 Dei
799 2237 1007 2319 cognitionem
1022 2234 1145 2300 docitur

226 2324 358 2390 naturali
380 2323 556 2406 cognitione
579 2349 611 2399 ι,
634 2345 805 2408 eorumque
830 2325 968 2388 notitiam
992 2338 1148 2411 comparat

226 2434 300 2479 cum
322 2413 433 2497 quibus
455 2415 671 2495 cogitationem
696 2413 789 2476 babet
812 2428 863 2476 aut
879 2412 1076 2477 relationem.
1091 2412 1149 2477 Par

225 2518 273 2568 est
295 2508 417 2566 animae
439 2514 597 2586 separatae
620 2515 651 2565 et
674 2501 807 2566 bominis
831 2503 920 2577 ratio,
943 2522 978 2566 ac
992 2513 1148 2588 praeterea

233 2591 442 2655 «intellectus
466 2590 559 2653 nostri
599 2590 771 2654 secundum
812 2589 941 2654 modum
979 2589 1150 2676 praesentis

227 2682 308 2745 tritae
331 2680 460 2764 (verbis
483 2693 553 2742 utor
575 2677 715 2762 ejusdcm
740 2678 898 2764 Aquinatis
921 2678 989 2744 loco
1017 2679 1110 2744 citato
1127 2680 1150 2764 ),

227 2769 362 2853 cognitio
386 2768 479 2831 etiam
503 2787 520 2829 a
543 2785 636 2830 senso
661 2766 820 2852 incipit»,
842 2767 893 2832 uel
935 2795 950 2825 ι
984 2787 1022 2832 ex
1059 2768 1151 2833 rebus

227 2856 424 2929 sensibilibus
446 2860 507 2941 lut
530 2855 581 2931 ait,
605 2876 631 2918 c
655 2854 704 2938 8)
728 2856 864 2921 bumana
877 2871 955 2922 tatto
970 2871 1151 2940 cognitionis
1229 2937 1230 2944 ἵ

229 2947 414 3033 principium
448 2943 542 3008 sumit
562 2971 594 3008 ι.
618 2942 771 3008 Naturalis
794 2964 868 3030 ergo
888 2966 927 3010 ea
962 2958 1008 3008 est
1043 2945 1152 3010 mentis

228 3049 351 3099 creatae
372 3033 518 3116 cognitio,
540 3051 629 3117 cujus
659 3032 844 3121 principium
881 3047 932 3098 aot
972 3033 1078 3098 lumen
1117 3053 1152 3099 ιι

228 3123 297 3210 ipsa
320 3135 423 3187 mente
445 3134 547 3185 create
570 3122 725 3208 rebusque
749 3121 945 3188 sensibilibus
969 3123 1119 3188 bannitur

296 3211 349 3277 llis
373 3210 420 3275 ttel
444 3209 587 3296 suiipsius
612 3211 660 3274 vel
684 3229 787 3275 rerum
822 3211 1014 3276 sensibilium
1050 3209 1154 3276 leonn-

230 3299 300 3364 data
336 3300 582 3386 perceptionibus
615 3313 668 3364 aut
692 3299 767 3364 ideis
804 3313 905 3366 creata
941 3319 1040 3379 mens,
1076 3302 1154 3365 vires

230 3389 328 3452 exerit
351 3387 443 3474 paulo
466 3386 653 3452 efficaciores
677 3388 716 3452 ad
755 3387 828 3452 alias
867 3388 1003 3474 aliosque
1026 3409 1153 3491 compa·
1229 3441 1230 3462 2

231 3476 344 3540 randas
357 3478 497 3540 notiones
510 3495 627 3556 rerum,
640 3495 721 3562 quae
737 3491 808 3542 suut
823 3497 979 3576 portuosae
1003 3477 1050 3544 tel
1071 3477 1155 3544 simi·
1229 3535 1230 3548 t
