<?xml version="1.0" encoding="UTF-8"?>
<!DOCTYPE html PUBLIC "-//W3C//DTD XHTML 1.0 Transitional//EN"
    "http://www.w3.org/TR/xhtml1/DTD/xhtml1-transitional.dtd">
<html xmlns="http://www.w3.org/1999/xhtml" xml:lang="en" lang="en">
 <head>
  <title>
</title>
<meta http-equiv="Content-Type" content="text/html;charset=utf-8" />
  <meta name='ocr-system' content='tesseract 3.04.00' />
  <meta name='ocr-capabilities' content='ocr_page ocr_carea ocr_par ocr_line ocrx_word'/>
</head>
<body>
  <div class='ocr_page' id='page_1' title='image "./sanctithomaeaqu01thomgoog_0020.png"; bbox 0 0 2484 3975; ppageno 0'>
   <div class='ocr_carea' id='block_1_1' title="bbox 161 228 1132 2181">
    <p class='ocr_par' dir='ltr' id='par_1_1' title="bbox 212 228 808 295">
     <span class='ocr_line' id='line_1_1' title="bbox 212 228 808 295; baseline 0 0"><span class='ocrx_word' id='word_1_1' title='bbox 212 228 250 295; x_wconf 81' lang='lat' dir='ltr'><strong>lo</strong></span> <span class='ocrx_word' id='word_1_2' title='bbox 539 248 595 295; x_wconf 88' lang='lat' dir='ltr'><strong>tta.</strong></span> <span class='ocrx_word' id='word_1_3' title='bbox 619 246 657 293; x_wconf 83' lang='lat' dir='ltr'><strong>tt.</strong></span> <span class='ocrx_word' id='word_1_4' title='bbox 681 248 744 295; x_wconf 80' lang='lat' dir='ltr'><strong>cur.</strong></span> <span class='ocrx_word' id='word_1_5' title='bbox 768 238 808 295; x_wconf 82' lang='lat' dir='ltr'><strong>ti.</strong></span> 
     </span>
    </p>

    <p class='ocr_par' dir='ltr' id='par_1_2' title="bbox 200 314 1132 937">
     <span class='ocr_line' id='line_1_2' title="bbox 203 314 1123 406; baseline -0.003 -22"><span class='ocrx_word' id='word_1_6' title='bbox 203 338 271 384; x_wconf 91' lang='lat' dir='ltr'><strong>rem</strong></span> <span class='ocrx_word' id='word_1_7' title='bbox 294 315 432 383; x_wconf 82' lang='lat' dir='ltr'><strong>divinum</strong></span> <span class='ocrx_word' id='word_1_8' title='bbox 457 318 586 405; x_wconf 83' lang='lat' dir='ltr'><strong>adeptus</strong></span> <span class='ocrx_word' id='word_1_9' title='bbox 609 330 657 383; x_wconf 84' lang='lat' dir='ltr'><strong>est</strong></span> <span class='ocrx_word' id='word_1_10' title='bbox 679 338 735 406; x_wconf 88' lang='lat' dir='ltr'><strong>per</strong></span> <span class='ocrx_word' id='word_1_11' title='bbox 771 314 914 405; x_wconf 71' lang='lat' dir='ltr'><strong>gratiam,</strong></span> <span class='ocrx_word' id='word_1_12' title='bbox 937 334 999 379; x_wconf 94' lang='lat' dir='ltr'><strong>non</strong></span> <span class='ocrx_word' id='word_1_13' title='bbox 1038 316 1123 402; x_wconf 90' lang='lat' dir='ltr'><strong>quod</strong></span> 
     </span>
     <span class='ocr_line' id='line_1_3' title="bbox 204 408 1119 488; baseline 0.001 -15"><span class='ocrx_word' id='word_1_14' title='bbox 204 420 284 488; x_wconf 74' lang='lat' dir='ltr'><strong>esset</strong></span> <span class='ocrx_word' id='word_1_15' title='bbox 306 420 433 473; x_wconf 84' lang='lat' dir='ltr'><strong>naturae</strong></span> <span class='ocrx_word' id='word_1_16' title='bbox 455 408 587 475; x_wconf 77' lang='lat' dir='ltr'><strong>divinae.</strong></span> <span class='ocrx_word' id='word_1_17' title='bbox 1116 448 1119 452; x_wconf 56' lang='lat'><em>&gt;</em></span> 
     </span>
     <span class='ocr_line' id='line_1_4' title="bbox 201 491 1132 583; baseline -0.004 -21"><span class='ocrx_word' id='word_1_18' title='bbox 201 507 203 516; x_wconf 79' lang='grc'>’</span> <span class='ocrx_word' id='word_1_19' title='bbox 269 496 354 562; x_wconf 90' lang='lat' dir='ltr'><strong>llano</strong></span> <span class='ocrx_word' id='word_1_20' title='bbox 376 509 480 563; x_wconf 88' lang='lat' dir='ltr'><strong>autem</strong></span> <span class='ocrx_word' id='word_1_21' title='bbox 504 497 694 583; x_wconf 49' lang='lat' dir='ltr'><strong>positionem,</strong></span> <span class='ocrx_word' id='word_1_22' title='bbox 704 494 805 580; x_wconf 89' lang='lat' dir='ltr'><strong>primo</strong></span> <span class='ocrx_word' id='word_1_23' title='bbox 820 491 1045 561; x_wconf 83' lang='lat' dir='ltr'><strong>adinvenerunt</strong></span> <span class='ocrx_word' id='word_1_24' title='bbox 1055 493 1132 579; x_wconf 54' lang='lat' dir='ltr'><strong>qui·v</strong></span> 
     </span>
     <span class='ocr_line' id='line_1_5' title="bbox 200 582 1126 671; baseline -0.003 -21"><span class='ocrx_word' id='word_1_25' title='bbox 200 585 275 669; x_wconf 70' lang='lat' dir='ltr'><strong>¹dam</strong></span> <span class='ocrx_word' id='word_1_26' title='bbox 298 585 415 671; x_wconf 81' lang='lat' dir='ltr'><strong>antiqui</strong></span> <span class='ocrx_word' id='word_1_27' title='bbox 439 587 595 664; x_wconf 86' lang='lat' dir='ltr'><strong>haeretiei,</strong></span> <span class='ocrx_word' id='word_1_28' title='bbox 618 582 782 651; x_wconf 80' lang='lat' dir='ltr'><strong>Corinthos</strong></span> <span class='ocrx_word' id='word_1_29' title='bbox 815 597 846 650; x_wconf 87' lang='lat' dir='ltr'><strong>et</strong></span> <span class='ocrx_word' id='word_1_30' title='bbox 865 620 868 624; x_wconf 56' lang='lat'><em>&gt;</em></span> <span class='ocrx_word' id='word_1_31' title='bbox 884 582 993 661; x_wconf 82' lang='lat' dir='ltr'><strong>libion,</strong></span> <span class='ocrx_word' id='word_1_32' title='bbox 1031 601 1126 669; x_wconf 86' lang='lat' dir='ltr'><strong>quom</strong></span> 
     </span>
     <span class='ocr_line' id='line_1_6' title="bbox 200 672 1124 761; baseline -0.005 -21"><span class='ocrx_word' id='word_1_33' title='bbox 200 687 311 761; x_wconf 86' lang='lat' dir='ltr'><strong>postea</strong></span> <span class='ocrx_word' id='word_1_34' title='bbox 333 672 447 741; x_wconf 89' lang='lat' dir='ltr'><strong>Paulos</strong></span> <span class='ocrx_word' id='word_1_35' title='bbox 470 687 683 740; x_wconf 76' lang='lat' dir='ltr'><strong>samosatenus</strong></span> <span class='ocrx_word' id='word_1_36' title='bbox 706 672 894 753; x_wconf 71' lang='lat' dir='ltr'><strong>instauravit,</strong></span> <span class='ocrx_word' id='word_1_37' title='bbox 917 684 949 736; x_wconf 89' lang='lat' dir='ltr'><strong>et</strong></span> <span class='ocrx_word' id='word_1_38' title='bbox 976 690 1057 757; x_wconf 79' lang='lat' dir='ltr'><strong>quae</strong></span> <span class='ocrx_word' id='word_1_39' title='bbox 1072 687 1124 757; x_wconf 58' lang='lat' dir='ltr'><strong>pos</strong></span> 
     </span>
     <span class='ocr_line' id='line_1_7' title="bbox 201 759 1123 850; baseline -0.005 -22"><span class='ocrx_word' id='word_1_40' title='bbox 201 777 266 829; x_wconf 84' lang='lat' dir='ltr'><strong>stau</strong></span> <span class='ocrx_word' id='word_1_41' title='bbox 290 783 307 828; x_wconf 90' lang='lat' dir='ltr'><strong>a</strong></span> <span class='ocrx_word' id='word_1_42' title='bbox 331 762 462 828; x_wconf 87' lang='lat' dir='ltr'><strong>Photino</strong></span> <span class='ocrx_word' id='word_1_43' title='bbox 485 776 532 827; x_wconf 91' lang='lat' dir='ltr'><strong>est</strong></span> <span class='ocrx_word' id='word_1_44' title='bbox 552 761 746 838; x_wconf 76' lang='lat' dir='ltr'><strong>confirmata,</strong></span> <span class='ocrx_word' id='word_1_45' title='bbox 769 775 806 829; x_wconf 95' lang='lat' dir='ltr'><strong>ut</strong></span> <span class='ocrx_word' id='word_1_46' title='bbox 826 764 880 850; x_wconf 89' lang='lat' dir='ltr'><strong>qui</strong></span> <span class='ocrx_word' id='word_1_47' title='bbox 902 762 979 827; x_wconf 85' lang='lat' dir='ltr'><strong>haee</strong></span> <span class='ocrx_word' id='word_1_48' title='bbox 994 759 1123 846; x_wconf 87' lang='lat' dir='ltr'><strong>dogma-</strong></span> 
     </span>
     <span class='ocr_line' id='line_1_8' title="bbox 200 851 736 937; baseline -0.002 -20"><span class='ocrx_word' id='word_1_49' title='bbox 200 852 294 918; x_wconf 82' lang='lat' dir='ltr'><strong>titant</strong></span> <span class='ocrx_word' id='word_1_50' title='bbox 317 851 486 936; x_wconf 85' lang='lat' dir='ltr'><strong>photiniani</strong></span> <span class='ocrx_word' id='word_1_51' title='bbox 509 863 736 937; x_wconf 88' lang='lat' dir='ltr'><strong>nuooupentor.</strong></span> 
     </span>
    </p>

    <p class='ocr_par' dir='ltr' id='par_1_3' title="bbox 161 937 1122 1273">
     <span class='ocr_line' id='line_1_9' title="bbox 203 937 1121 1027; baseline -0.003 -22"><span class='ocrx_word' id='word_1_52' title='bbox 203 948 208 983; x_wconf 73' lang='lat'><em>³</em></span> <span class='ocrx_word' id='word_1_53' title='bbox 268 939 438 1024; x_wconf 79' lang='lat' dir='ltr'><strong>Diligenter</strong></span> <span class='ocrx_word' id='word_1_54' title='bbox 460 952 563 1004; x_wconf 90' lang='lat' dir='ltr'><strong>autem</strong></span> <span class='ocrx_word' id='word_1_55' title='bbox 577 937 680 1005; x_wconf 74' lang='lat' dir='ltr'><strong>uerbo</strong></span> <span class='ocrx_word' id='word_1_56' title='bbox 702 938 815 1005; x_wconf 85' lang='lat' dir='ltr'><strong>Sueme</strong></span> <span class='ocrx_word' id='word_1_57' title='bbox 848 938 1025 1027; x_wconf 86' lang='lat' dir='ltr'><strong>Soriptorae</strong></span> <span class='ocrx_word' id='word_1_58' title='bbox 1047 956 1121 1003; x_wconf 87' lang='lat' dir='ltr'><strong>eou-</strong></span> 
     </span>
     <span class='ocr_line' id='line_1_10' title="bbox 161 1027 1122 1115; baseline -0.004 -21"><span class='ocrx_word' id='word_1_59' title='bbox 161 1027 163 1040; x_wconf 84' lang='grc'><em>“</em></span> <span class='ocrx_word' id='word_1_60' title='bbox 200 1027 546 1115; x_wconf 85' lang='lat' dir='ltr'><strong>siderantibusappatet</strong></span> <span class='ocrx_word' id='word_1_61' title='bbox 568 1048 630 1094; x_wconf 91' lang='lat' dir='ltr'><strong>uon</strong></span> <span class='ocrx_word' id='word_1_62' title='bbox 654 1028 737 1093; x_wconf 90' lang='lat' dir='ltr'><strong>huno</strong></span> <span class='ocrx_word' id='word_1_63' title='bbox 759 1048 886 1094; x_wconf 89' lang='lat' dir='ltr'><strong>sensum</strong></span> <span class='ocrx_word' id='word_1_64' title='bbox 919 1034 951 1094; x_wconf 91' lang='lat' dir='ltr'><strong>in</strong></span> <span class='ocrx_word' id='word_1_65' title='bbox 974 1048 1010 1094; x_wconf 86' lang='lat' dir='ltr'><strong>ea</strong></span> <span class='ocrx_word' id='word_1_66' title='bbox 1047 1046 1122 1091; x_wconf 90' lang='lat' dir='ltr'><strong>oon-</strong></span> 
     </span>
     <span class='ocr_line' id='line_1_11' title="bbox 202 1116 1122 1205; baseline -0.005 -21"><span class='ocrx_word' id='word_1_67' title='bbox 202 1118 291 1185; x_wconf 90' lang='lat' dir='ltr'><strong>tineri</strong></span> <span class='ocrx_word' id='word_1_68' title='bbox 314 1136 408 1204; x_wconf 89' lang='lat' dir='ltr'><strong>quem</strong></span> <span class='ocrx_word' id='word_1_69' title='bbox 431 1116 576 1205; x_wconf 84' lang='lat' dir='ltr'><strong>praedicti</strong></span> <span class='ocrx_word' id='word_1_70' title='bbox 601 1116 743 1184; x_wconf 89' lang='lat' dir='ltr'><strong>homines</strong></span> <span class='ocrx_word' id='word_1_71' title='bbox 776 1136 832 1183; x_wconf 89' lang='lat' dir='ltr'><strong>sua</strong></span> <span class='ocrx_word' id='word_1_72' title='bbox 868 1118 1015 1205; x_wconf 87' lang='lat' dir='ltr'><strong>opinione</strong></span> <span class='ocrx_word' id='word_1_73' title='bbox 1046 1134 1122 1181; x_wconf 90' lang='lat' dir='ltr'><strong>ooo-</strong></span> 
     </span>
     <span class='ocr_line' id='line_1_12' title="bbox 201 1219 358 1273; baseline -0.025 0"><span class='ocrx_word' id='word_1_74' title='bbox 201 1227 236 1273; x_wconf 88' lang='lat' dir='ltr'><strong>oe</strong></span> <span class='ocrx_word' id='word_1_75' title='bbox 260 1219 358 1271; x_wconf 89' lang='lat' dir='ltr'><strong>eruut.</strong></span> 
     </span>
    </p>

    <p class='ocr_par' dir='ltr' id='par_1_4' title="bbox 196 1227 1121 2181">
     <span class='ocr_line' id='line_1_13' title="bbox 201 1227 1121 1380; baseline -0.003 -21"><span class='ocrx_word' id='word_1_76' title='bbox 201 1316 207 1327; x_wconf 61' lang='lat'><em>⁶</em></span> <span class='ocrx_word' id='word_1_77' title='bbox 239 1227 344 1359; x_wconf 78' lang='lat' dir='ltr'><strong>pllam</strong></span> <span class='ocrx_word' id='word_1_78' title='bbox 366 1290 438 1360; x_wconf 78' lang='lat' dir='ltr'><strong>&#39;eum</strong></span> <span class='ocrx_word' id='word_1_79' title='bbox 458 1292 606 1359; x_wconf 88' lang='lat' dir='ltr'><strong>Salomon</strong></span> <span class='ocrx_word' id='word_1_80' title='bbox 618 1293 708 1360; x_wconf 88' lang='lat' dir='ltr'><strong>dieat:</strong></span> <span class='ocrx_word' id='word_1_81' title='bbox 732 1293 877 1361; x_wconf 82' lang='lat' dir='ltr'><strong>Nondum</strong></span> <span class='ocrx_word' id='word_1_82' title='bbox 899 1304 990 1359; x_wconf 68' lang='lat' dir='ltr'><strong>mont</strong></span> <span class='ocrx_word' id='word_1_83' title='bbox 1015 1290 1121 1380; x_wconf 75' lang='lat' dir='ltr'><strong>odpsri</strong></span> 
     </span>
     <span class='ocr_line' id='line_1_14' title="bbox 200 1381 1121 1469; baseline -0.003 -20"><span class='ocrx_word' id='word_1_84' title='bbox 200 1396 232 1451; x_wconf 86' lang='lat' dir='ltr'><strong>et</strong></span> <span class='ocrx_word' id='word_1_85' title='bbox 252 1403 306 1469; x_wconf 78' lang='lat' dir='ltr'><strong>ego</strong></span> <span class='ocrx_word' id='word_1_86' title='bbox 320 1385 392 1468; x_wconf 83' lang='lat' dir='ltr'><strong>jtttn</strong></span> <span class='ocrx_word' id='word_1_87' title='bbox 414 1393 559 1467; x_wconf 84' lang='lat' dir='ltr'><strong>oonoepto</strong></span> <span class='ocrx_word' id='word_1_88' title='bbox 579 1404 676 1463; x_wconf 73' lang='lat' dir='ltr'><strong>mom,</strong></span> <span class='ocrx_word' id='word_1_89' title='bbox 704 1382 863 1462; x_wconf 71' lang='lat' dir='ltr'><strong>protero,</strong></span> <span class='ocrx_word' id='word_1_90' title='bbox 895 1383 937 1465; x_wconf 83' lang='lat'><strong>8,</strong></span> <span class='ocrx_word' id='word_1_91' title='bbox 961 1381 1016 1462; x_wconf 69' lang='lat'><strong>24,</strong></span> <span class='ocrx_word' id='word_1_92' title='bbox 1047 1384 1121 1448; x_wconf 86' lang='lat' dir='ltr'><strong>satis</strong></span> 
     </span>
     <span class='ocr_line' id='line_1_15' title="bbox 199 1471 1118 1559; baseline -0.003 -21"><span class='ocrx_word' id='word_1_93' title='bbox 199 1472 332 1539; x_wconf 81' lang='lat' dir='ltr'><strong>ostendit</strong></span> <span class='ocrx_word' id='word_1_94' title='bbox 355 1475 436 1539; x_wconf 89' lang='lat' dir='ltr'><strong>hano</strong></span> <span class='ocrx_word' id='word_1_95' title='bbox 457 1473 689 1557; x_wconf 78' lang='lat' dir='ltr'><strong>generationem</strong></span> <span class='ocrx_word' id='word_1_96' title='bbox 711 1485 783 1537; x_wconf 88' lang='lat' dir='ltr'><strong>aute</strong></span> <span class='ocrx_word' id='word_1_97' title='bbox 806 1472 910 1539; x_wconf 87' lang='lat' dir='ltr'><strong>omnio</strong></span> <span class='ocrx_word' id='word_1_98' title='bbox 944 1471 1118 1559; x_wconf 85' lang='lat' dir='ltr'><strong>corporolia</strong></span> 
     </span>
     <span class='ocr_line' id='line_1_16' title="bbox 199 1558 1118 1647; baseline -0.002 -21"><span class='ocrx_word' id='word_1_99' title='bbox 199 1561 344 1627; x_wconf 83' lang='lat' dir='ltr'><strong>extitisse.</strong></span> <span class='ocrx_word' id='word_1_100' title='bbox 383 1558 469 1625; x_wconf 89' lang='lat' dir='ltr'><strong>Unde</strong></span> <span class='ocrx_word' id='word_1_101' title='bbox 489 1561 676 1647; x_wconf 82' lang='lat' dir='ltr'><strong>&#39;relinquitur</strong></span> <span class='ocrx_word' id='word_1_102' title='bbox 698 1561 781 1647; x_wconf 87' lang='lat' dir='ltr'><strong>quod</strong></span> <span class='ocrx_word' id='word_1_103' title='bbox 804 1560 899 1626; x_wconf 83' lang='lat' dir='ltr'><strong>Filios</strong></span> <span class='ocrx_word' id='word_1_104' title='bbox 934 1580 952 1627; x_wconf 86' lang='lat' dir='ltr'><strong>a</strong></span> <span class='ocrx_word' id='word_1_105' title='bbox 975 1560 1041 1625; x_wconf 86' lang='lat' dir='ltr'><strong>Deo</strong></span> <span class='ocrx_word' id='word_1_106' title='bbox 1064 1579 1118 1645; x_wconf 82' lang='lat' dir='ltr'><strong>ge-</strong></span> 
     </span>
     <span class='ocr_line' id='line_1_17' title="bbox 197 1648 1118 1735; baseline -0.003 -19"><span class='ocrx_word' id='word_1_107' title='bbox 197 1650 281 1716; x_wconf 88' lang='lat' dir='ltr'><strong>nitus</strong></span> <span class='ocrx_word' id='word_1_108' title='bbox 303 1650 424 1727; x_wconf 85' lang='lat' dir='ltr'><strong>initium</strong></span> <span class='ocrx_word' id='word_1_109' title='bbox 448 1649 603 1715; x_wconf 89' lang='lat' dir='ltr'><strong>essendia</strong></span> <span class='ocrx_word' id='word_1_110' title='bbox 627 1648 720 1715; x_wconf 81' lang='lat' dir='ltr'><strong>llaria</strong></span> <span class='ocrx_word' id='word_1_111' title='bbox 745 1667 807 1715; x_wconf 86' lang='lat' dir='ltr'><strong>uon</strong></span> <span class='ocrx_word' id='word_1_112' title='bbox 829 1651 970 1735; x_wconf 84' lang='lat' dir='ltr'><strong>sumpsit.</strong></span> <span class='ocrx_word' id='word_1_113' title='bbox 986 1648 1032 1723; x_wconf 82' lang='lat' dir='ltr'><strong>Et,</strong></span> <span class='ocrx_word' id='word_1_114' title='bbox 1047 1648 1118 1713; x_wconf 87' lang='lat' dir='ltr'><strong>lieet</strong></span> 
     </span>
     <span class='ocr_line' id='line_1_18' title="bbox 198 1732 1118 1825; baseline -0.004 -20"><span class='ocrx_word' id='word_1_115' title='bbox 198 1740 275 1807; x_wconf 81' lang='lat' dir='ltr'><strong>haee</strong></span> <span class='ocrx_word' id='word_1_116' title='bbox 297 1752 328 1803; x_wconf 90' lang='lat' dir='ltr'><strong>et</strong></span> <span class='ocrx_word' id='word_1_117' title='bbox 350 1739 409 1804; x_wconf 89' lang='lat' dir='ltr'><strong>alio</strong></span> <span class='ocrx_word' id='word_1_118' title='bbox 431 1734 542 1804; x_wconf 85' lang='lat' dir='ltr'><strong>similia</strong></span> <span class='ocrx_word' id='word_1_119' title='bbox 566 1732 738 1803; x_wconf 82' lang='lat' dir='ltr'><strong>testimonia</strong></span> <span class='ocrx_word' id='word_1_120' title='bbox 754 1738 925 1825; x_wconf 74' lang='lat' dir='ltr'><strong>depravare</strong></span> <span class='ocrx_word' id='word_1_121' title='bbox 938 1738 1039 1804; x_wconf 88' lang='lat' dir='ltr'><strong>eonati</strong></span> <span class='ocrx_word' id='word_1_122' title='bbox 1053 1736 1118 1803; x_wconf 89' lang='lat' dir='ltr'><strong>lue·</strong></span> 
     </span>
     <span class='ocr_line' id='line_1_19' title="bbox 198 1826 1117 1915; baseline -0.003 -22"><span class='ocrx_word' id='word_1_123' title='bbox 198 1830 258 1893; x_wconf 85' lang='lat' dir='ltr'><strong>rint</strong></span> <span class='ocrx_word' id='word_1_124' title='bbox 282 1840 424 1915; x_wconf 85' lang='lat' dir='ltr'><strong>perversa</strong></span> <span class='ocrx_word' id='word_1_125' title='bbox 446 1826 637 1912; x_wconf 85' lang='lat' dir='ltr'><strong>expositione</strong></span> <span class='ocrx_word' id='word_1_126' title='bbox 659 1826 796 1893; x_wconf 83' lang='lat' dir='ltr'><strong>dieentes</strong></span> <span class='ocrx_word' id='word_1_127' title='bbox 830 1826 907 1893; x_wconf 89' lang='lat' dir='ltr'><strong>haee</strong></span> <span class='ocrx_word' id='word_1_128' title='bbox 944 1826 1117 1893; x_wconf 86' lang='lat' dir='ltr'><strong>seeundum</strong></span> 
     </span>
     <span class='ocr_line' id='line_1_20' title="bbox 196 1915 1118 2005; baseline -0.003 -24"><span class='ocrx_word' id='word_1_129' title='bbox 196 1916 509 2005; x_wconf 87' lang='lat' dir='ltr'><strong>praedestinationem</strong></span> <span class='ocrx_word' id='word_1_130' title='bbox 534 1916 650 1982; x_wconf 85' lang='lat' dir='ltr'><strong>debere</strong></span> <span class='ocrx_word' id='word_1_131' title='bbox 671 1915 811 2003; x_wconf 75' lang='lat' dir='ltr'><strong>intelligi,</strong></span> <span class='ocrx_word' id='word_1_132' title='bbox 834 1916 904 2002; x_wconf 87' lang='lat' dir='ltr'><strong>quia</strong></span> <span class='ocrx_word' id='word_1_133' title='bbox 917 1916 1031 1981; x_wconf 72' lang='lat' dir='ltr'><strong>seilicet</strong></span> <span class='ocrx_word' id='word_1_134' title='bbox 1046 1927 1118 1979; x_wconf 87' lang='lat' dir='ltr'><strong>aute</strong></span> 
     </span>
     <span class='ocr_line' id='line_1_21' title="bbox 196 2003 1116 2092; baseline -0.002 -22"><span class='ocrx_word' id='word_1_135' title='bbox 196 2006 305 2071; x_wconf 91' lang='lat' dir='ltr'><strong>muudi</strong></span> <span class='ocrx_word' id='word_1_136' title='bbox 327 2005 576 2071; x_wconf 77' lang='lat' dir='ltr'><strong>constitutionem</strong></span> <span class='ocrx_word' id='word_1_137' title='bbox 600 2005 783 2092; x_wconf 90' lang='lat' dir='ltr'><strong>dispositum</strong></span> <span class='ocrx_word' id='word_1_138' title='bbox 805 2003 862 2071; x_wconf 87' lang='lat' dir='ltr'><strong>luit</strong></span> <span class='ocrx_word' id='word_1_139' title='bbox 885 2018 918 2071; x_wconf 91' lang='lat' dir='ltr'><strong>ut</strong></span> <span class='ocrx_word' id='word_1_140' title='bbox 947 2025 985 2072; x_wconf 84' lang='lat' dir='ltr'><strong>ex</strong></span> <span class='ocrx_word' id='word_1_141' title='bbox 1021 2004 1116 2069; x_wconf 82' lang='lat' dir='ltr'><strong>Maria</strong></span> 
     </span>
     <span class='ocr_line' id='line_1_22' title="bbox 196 2092 1117 2181; baseline -0.001 -22"><span class='ocrx_word' id='word_1_142' title='bbox 196 2093 321 2180; x_wconf 79' lang='lat' dir='ltr'><strong>Virgine</strong></span> <span class='ocrx_word' id='word_1_143' title='bbox 344 2095 400 2160; x_wconf 87' lang='lat' dir='ltr'><strong>Dei</strong></span> <span class='ocrx_word' id='word_1_144' title='bbox 423 2093 517 2160; x_wconf 84' lang='lat' dir='ltr'><strong>Filios</strong></span> <span class='ocrx_word' id='word_1_145' title='bbox 538 2104 729 2172; x_wconf 79' lang='lat' dir='ltr'><strong>nasceretur,</strong></span> <span class='ocrx_word' id='word_1_146' title='bbox 751 2113 814 2159; x_wconf 91' lang='lat' dir='ltr'><strong>noo</strong></span> <span class='ocrx_word' id='word_1_147' title='bbox 837 2094 920 2181; x_wconf 91' lang='lat' dir='ltr'><strong>qood</strong></span> <span class='ocrx_word' id='word_1_148' title='bbox 944 2094 1011 2178; x_wconf 84' lang='lat' dir='ltr'><strong>ejus</strong></span> <span class='ocrx_word' id='word_1_149' title='bbox 1034 2092 1117 2159; x_wconf 88' lang='lat' dir='ltr'><strong>lilios</strong></span> 
     </span>
    </p>
   </div>
   <div class='ocr_carea' id='block_1_2' title="bbox 195 2162 1241 2268">
    <p class='ocr_par' dir='ltr' id='par_1_5' title="bbox 195 2162 1241 2268">
     <span class='ocr_line' id='line_1_23' title="bbox 195 2162 1241 2268; baseline -0.005 -20"><span class='ocrx_word' id='word_1_150' title='bbox 195 2183 287 2249; x_wconf 88' lang='lat' dir='ltr'><strong>luerit</strong></span> <span class='ocrx_word' id='word_1_151' title='bbox 310 2197 381 2250; x_wconf 88' lang='lat' dir='ltr'><strong>ante</strong></span> <span class='ocrx_word' id='word_1_152' title='bbox 403 2183 567 2260; x_wconf 90' lang='lat' dir='ltr'><strong>mondum,</strong></span> <span class='ocrx_word' id='word_1_153' title='bbox 589 2202 645 2268; x_wconf 89' lang='lat' dir='ltr'><strong>per</strong></span> <span class='ocrx_word' id='word_1_154' title='bbox 666 2200 703 2246; x_wconf 88' lang='lat' dir='ltr'><strong>ea</strong></span> <span class='ocrx_word' id='word_1_155' title='bbox 726 2196 829 2247; x_wconf 83' lang='lat' dir='ltr'><strong>tameo</strong></span> <span class='ocrx_word' id='word_1_156' title='bbox 851 2200 932 2267; x_wconf 90' lang='lat' dir='ltr'><strong>quae</strong></span> <span class='ocrx_word' id='word_1_157' title='bbox 945 2192 1119 2267; x_wconf 89' lang='lat' dir='ltr'><strong>sequuntur</strong></span> <span class='ocrx_word' id='word_1_158' title='bbox 1240 2162 1241 2235; x_wconf 62' lang='lat' dir='ltr'><strong>f</strong></span> 
     </span>
    </p>
   </div>
   <div class='ocr_carea' id='block_1_3' title="bbox 192 2269 1118 2889">
    <p class='ocr_par' dir='ltr' id='par_1_6' title="bbox 192 2269 1118 2889">
     <span class='ocr_line' id='line_1_24' title="bbox 196 2269 1117 2363; baseline -0.002 -27"><span class='ocrx_word' id='word_1_159' title='bbox 196 2286 278 2358; x_wconf 89' lang='lat' dir='ltr'><strong>patet</strong></span> <span class='ocrx_word' id='word_1_160' title='bbox 300 2272 395 2363; x_wconf 91' lang='lat' dir='ltr'><strong>quod,</strong></span> <span class='ocrx_word' id='word_1_161' title='bbox 417 2290 480 2336; x_wconf 89' lang='lat' dir='ltr'><strong>nou</strong></span> <span class='ocrx_word' id='word_1_162' title='bbox 492 2269 593 2350; x_wconf 84' lang='lat' dir='ltr'><strong>solum</strong></span> <span class='ocrx_word' id='word_1_163' title='bbox 608 2269 641 2354; x_wconf 81' lang='lat' dir='ltr'><strong>iu</strong></span> <span class='ocrx_word' id='word_1_164' title='bbox 654 2269 944 2357; x_wconf 87' lang='lat' dir='ltr'><strong>praedestinatione,</strong></span> <span class='ocrx_word' id='word_1_165' title='bbox 956 2269 1011 2336; x_wconf 86' lang='lat' dir='ltr'><strong>sed</strong></span> <span class='ocrx_word' id='word_1_166' title='bbox 1022 2269 1117 2334; x_wconf 87' lang='lat' dir='ltr'><strong>etiam</strong></span> 
     </span>
     <span class='ocr_line' id='line_1_25' title="bbox 195 2358 1117 2446; baseline -0.004 -20"><span class='ocrx_word' id='word_1_167' title='bbox 195 2361 329 2439; x_wconf 88' lang='lat' dir='ltr'><strong>realiter,</strong></span> <span class='ocrx_word' id='word_1_168' title='bbox 350 2358 442 2426; x_wconf 88' lang='lat' dir='ltr'><strong>luerit</strong></span> <span class='ocrx_word' id='word_1_169' title='bbox 463 2373 534 2424; x_wconf 91' lang='lat' dir='ltr'><strong>ante</strong></span> <span class='ocrx_word' id='word_1_170' title='bbox 555 2358 693 2423; x_wconf 85' lang='lat' dir='ltr'><strong>Mariam.</strong></span> <span class='ocrx_word' id='word_1_171' title='bbox 732 2358 810 2423; x_wconf 85' lang='lat' dir='ltr'><strong>Nam</strong></span> <span class='ocrx_word' id='word_1_172' title='bbox 848 2371 916 2445; x_wconf 92' lang='lat' dir='ltr'><strong>post</strong></span> <span class='ocrx_word' id='word_1_173' title='bbox 949 2359 1117 2446; x_wconf 85' lang='lat' dir='ltr'><strong>praemisso</strong></span> 
     </span>
     <span class='ocr_line' id='line_1_26' title="bbox 194 2445 1118 2533; baseline -0.002 -20"><span class='ocrx_word' id='word_1_174' title='bbox 194 2449 288 2515; x_wconf 84' lang='lat' dir='ltr'><strong>verba</strong></span> <span class='ocrx_word' id='word_1_175' title='bbox 311 2448 483 2515; x_wconf 85' lang='lat' dir='ltr'><strong>Salomonis</strong></span> <span class='ocrx_word' id='word_1_176' title='bbox 505 2447 711 2533; x_wconf 83' lang='lat' dir='ltr'><strong>subjungitur:</strong></span> <span class='ocrx_word' id='word_1_177' title='bbox 751 2447 882 2529; x_wconf 83' lang='lat' dir='ltr'><strong>Quando</strong></span> <span class='ocrx_word' id='word_1_178' title='bbox 919 2445 1118 2533; x_wconf 76' lang='lat' dir='ltr'><strong>appendebat</strong></span> 
     </span>
     <span class='ocr_line' id='line_1_27' title="bbox 193 2537 1116 2622; baseline -0.002 -20"><span class='ocrx_word' id='word_1_179' title='bbox 193 2537 395 2621; x_wconf 69' lang='lat' dir='ltr'><strong>fondamento</strong></span> <span class='ocrx_word' id='word_1_180' title='bbox 419 2548 530 2615; x_wconf 86' lang='lat' dir='ltr'><strong>terroe,</strong></span> <span class='ocrx_word' id='word_1_181' title='bbox 553 2557 623 2602; x_wconf 81' lang='lat' dir='ltr'><strong>earn</strong></span> <span class='ocrx_word' id='word_1_182' title='bbox 644 2557 778 2602; x_wconf 87' lang='lat' dir='ltr'><strong>eoerom</strong></span> <span class='ocrx_word' id='word_1_183' title='bbox 793 2548 903 2603; x_wconf 81' lang='lat' dir='ltr'><strong>coneto</strong></span> <span class='ocrx_word' id='word_1_184' title='bbox 923 2555 1116 2622; x_wconf 79' lang='lat' dir='ltr'><strong>component,</strong></span> 
     </span>
     <span class='ocr_line' id='line_1_28' title="bbox 194 2625 1115 2713; baseline -0.001 -23"><span class='ocrx_word' id='word_1_185' title='bbox 194 2627 353 2705; x_wconf 82' lang='lat' dir='ltr'><strong>Proverb,</strong></span> <span class='ocrx_word' id='word_1_186' title='bbox 375 2627 407 2707; x_wconf 89' lang='lat'><strong>8,</strong></span> <span class='ocrx_word' id='word_1_187' title='bbox 430 2625 541 2704; x_wconf 72' lang='lat' dir='ltr'><strong>att-au</strong></span> <span class='ocrx_word' id='word_1_188' title='bbox 563 2626 588 2690; x_wconf 90' lang='lat' dir='ltr'><strong>si</strong></span> <span class='ocrx_word' id='word_1_189' title='bbox 607 2638 716 2692; x_wconf 85' lang='lat' dir='ltr'><strong>&#39;autem</strong></span> <span class='ocrx_word' id='word_1_190' title='bbox 739 2627 770 2691; x_wconf 90' lang='lat' dir='ltr'><strong>iu</strong></span> <span class='ocrx_word' id='word_1_191' title='bbox 804 2625 869 2692; x_wconf 87' lang='lat' dir='ltr'><strong>sola</strong></span> <span class='ocrx_word' id='word_1_192' title='bbox 904 2626 1115 2713; x_wconf 81' lang='lat' dir='ltr'><strong>proedestina-</strong></span> 
     </span>
     <span class='ocr_line' id='line_1_29' title="bbox 194 2713 1117 2802; baseline -0.001 -23"><span class='ocrx_word' id='word_1_193' title='bbox 194 2713 415 2794; x_wconf 82' lang='lat' dir='ltr'><strong>tione&#39;luisset,</strong></span> <span class='ocrx_word' id='word_1_194' title='bbox 436 2715 514 2780; x_wconf 84' lang='lat' dir='ltr'><strong>nihil</strong></span> <span class='ocrx_word' id='word_1_195' title='bbox 538 2733 630 2798; x_wconf 87' lang='lat' dir='ltr'><strong>ogere</strong></span> <span class='ocrx_word' id='word_1_196' title='bbox 646 2714 803 2802; x_wconf 87' lang='lat' dir='ltr'><strong>potuisset.</strong></span> <span class='ocrx_word' id='word_1_197' title='bbox 838 2713 903 2780; x_wconf 86' lang='lat' dir='ltr'><strong>lloa</strong></span> <span class='ocrx_word' id='word_1_198' title='bbox 944 2715 1038 2779; x_wconf 89' lang='lat' dir='ltr'><strong>etium</strong></span> <span class='ocrx_word' id='word_1_199' title='bbox 1076 2730 1117 2779; x_wconf 82' lang='lat' dir='ltr'><strong>ex</strong></span> 
     </span>
     <span class='ocr_line' id='line_1_30' title="bbox 192 2801 1116 2889; baseline 0.002 -25"><span class='ocrx_word' id='word_1_200' title='bbox 192 2803 292 2869; x_wconf 82' lang='lat' dir='ltr'><strong>verbis</strong></span> <span class='ocrx_word' id='word_1_201' title='bbox 314 2803 441 2869; x_wconf 81' lang='lat' dir='ltr'><strong>loannis</strong></span> <span class='ocrx_word' id='word_1_202' title='bbox 463 2801 672 2888; x_wconf 83' lang='lat' dir='ltr'><strong>Evatrgelistae</strong></span> <span class='ocrx_word' id='word_1_203' title='bbox 687 2801 828 2880; x_wconf 82' lang='lat' dir='ltr'><strong>habetur3</strong></span> <span class='ocrx_word' id='word_1_204' title='bbox 844 2820 1002 2868; x_wconf 89' lang='lat' dir='ltr'><strong>nameom</strong></span> <span class='ocrx_word' id='word_1_205' title='bbox 1026 2821 1116 2889; x_wconf 84' lang='lat' dir='ltr'><strong>prae-</strong></span> 
     </span>
    </p>
   </div>
   <div class='ocr_carea' id='block_1_4' title="bbox 98 2888 1241 3066">
    <p class='ocr_par' dir='ltr' id='par_1_7' title="bbox 98 2888 1241 3066">
     <span class='ocr_line' id='line_1_31' title="bbox 169 2888 1241 2978; baseline -0.002 -22"><span class='ocrx_word' id='word_1_206' title='bbox 169 2891 334 2956; x_wconf 84' lang='lat' dir='ltr'><strong>misisset:</strong></span> <span class='ocrx_word' id='word_1_207' title='bbox 357 2892 394 2956; x_wconf 92' lang='lat' dir='ltr'><strong>In</strong></span> <span class='ocrx_word' id='word_1_208' title='bbox 414 2891 567 2975; x_wconf 84' lang='lat' dir='ltr'><strong>prittoipio</strong></span> <span class='ocrx_word' id='word_1_209' title='bbox 590 2900 674 2968; x_wconf 77' lang='lat' dir='ltr'><strong>erot‘</strong></span> <span class='ocrx_word' id='word_1_210' title='bbox 701 2888 845 2970; x_wconf 80' lang='lat' dir='ltr'><strong>Verium,</strong></span> <span class='ocrx_word' id='word_1_211' title='bbox 883 2908 947 2978; x_wconf 88' lang='lat' dir='ltr'><strong>quo</strong></span> <span class='ocrx_word' id='word_1_212' title='bbox 975 2890 1115 2955; x_wconf 72' lang='lat' dir='ltr'><strong>‘nomine</strong></span> <span class='ocrx_word' id='word_1_213' title='bbox 1237 2918 1241 2947; x_wconf 74' lang='grc' dir='ltr'>ι</span> 
     </span>
     <span class='ocr_line' id='line_1_32' title="bbox 98 2978 1118 3066; baseline -0.002 -21"><span class='ocrx_word' id='word_1_214' title='bbox 98 2996 105 3003; x_wconf 94' lang='grc'><em>·</em></span> <span class='ocrx_word' id='word_1_215' title='bbox 191 2979 286 3045; x_wconf 82' lang='lat' dir='ltr'><strong>Filius</strong></span> <span class='ocrx_word' id='word_1_216' title='bbox 304 2980 366 3044; x_wconf 83' lang='lat' dir='ltr'><strong>&#39;Dei</strong></span> <span class='ocrx_word' id='word_1_217' title='bbox 388 2978 579 3065; x_wconf 89' lang='lat' dir='ltr'><strong>intelligitur,</strong></span> <span class='ocrx_word' id='word_1_218' title='bbox 601 2989 635 3044; x_wconf 96' lang='lat' dir='ltr'><strong>ut</strong></span> <span class='ocrx_word' id='word_1_219' title='bbox 656 2989 820 3044; x_wconf 88' lang='lat' dir='ltr'><strong>ostensum</strong></span> <span class='ocrx_word' id='word_1_220' title='bbox 832 2992 888 3059; x_wconf 82' lang='lat' dir='ltr'><strong>sat,</strong></span> <span class='ocrx_word' id='word_1_221' title='bbox 904 2999 943 3044; x_wconf 90' lang='lat' dir='ltr'><strong>ne</strong></span> <span class='ocrx_word' id='word_1_222' title='bbox 964 2980 1118 3066; x_wconf 71' lang='lat' dir='ltr'><strong>quiouoe</strong></span> 
     </span>
    </p>
   </div>
   <div class='ocr_carea' id='block_1_5' title="bbox 123 3066 1119 3598">
    <p class='ocr_par' dir='ltr' id='par_1_8' title="bbox 123 3066 1119 3400">
     <span class='ocr_line' id='line_1_33' title="bbox 190 3066 1117 3157; baseline -0.002 -25"><span class='ocrx_word' id='word_1_223' title='bbox 190 3067 361 3134; x_wconf 85' lang='lat' dir='ltr'><strong>seeundum</strong></span> <span class='ocrx_word' id='word_1_224' title='bbox 385 3067 695 3155; x_wconf 84' lang='lat' dir='ltr'><strong>praedestinationem</strong></span> <span class='ocrx_word' id='word_1_225' title='bbox 708 3067 847 3154; x_wconf 87' lang='lat' dir='ltr'><strong>aoeipere</strong></span> <span class='ocrx_word' id='word_1_226' title='bbox 860 3078 984 3157; x_wconf 90' lang='lat' dir='ltr'><strong>posset,</strong></span> <span class='ocrx_word' id='word_1_227' title='bbox 997 3066 1117 3133; x_wconf 80' lang='lat' dir='ltr'><strong>subiditr</strong></span> 
     </span>
     <span class='ocr_line' id='line_1_34' title="bbox 194 3155 1119 3242; baseline -0.001 -20"><span class='ocrx_word' id='word_1_228' title='bbox 194 3157 308 3224; x_wconf 85' lang='lat' dir='ltr'><strong>Omnia</strong></span> <span class='ocrx_word' id='word_1_229' title='bbox 328 3175 385 3242; x_wconf 85' lang='lat' dir='ltr'><strong>per</strong></span> <span class='ocrx_word' id='word_1_230' title='bbox 405 3157 507 3241; x_wconf 72' lang='lat' dir='ltr'><strong>ipsum</strong></span> <span class='ocrx_word' id='word_1_231' title='bbox 528 3156 615 3240; x_wconf 71' lang='lat' dir='ltr'><strong>forto</strong></span> <span class='ocrx_word' id='word_1_232' title='bbox 655 3166 736 3232; x_wconf 67' lang='lat' dir='ltr'><strong>tone</strong></span> <span class='ocrx_word' id='word_1_233' title='bbox 758 3167 791 3222; x_wconf 89' lang='lat' dir='ltr'><strong>et</strong></span> <span class='ocrx_word' id='word_1_234' title='bbox 809 3156 877 3222; x_wconf 83' lang='lat' dir='ltr'><strong>tine</strong></span> <span class='ocrx_word' id='word_1_235' title='bbox 896 3158 965 3242; x_wconf 80' lang='lat' dir='ltr'><strong>ipro</strong></span> <span class='ocrx_word' id='word_1_236' title='bbox 1000 3155 1119 3240; x_wconf 78' lang='lat' dir='ltr'><strong>[attunt</strong></span> 
     </span>
     <span class='ocr_line' id='line_1_35' title="bbox 190 3244 1117 3334; baseline -0.001 -24"><span class='ocrx_word' id='word_1_237' title='bbox 190 3247 348 3324; x_wconf 78' lang='lat' dir='ltr'><strong>estnihil,</strong></span> <span class='ocrx_word' id='word_1_238' title='bbox 379 3245 478 3324; x_wconf 75' lang='lat' dir='ltr'><strong>Joao,</strong></span> <span class='ocrx_word' id='word_1_239' title='bbox 514 3245 543 3325; x_wconf 90' lang='lat' dir='ltr'><strong>l,</strong></span> <span class='ocrx_word' id='word_1_240' title='bbox 566 3246 599 3323; x_wconf 75' lang='lat'><strong>53</strong></span> <span class='ocrx_word' id='word_1_241' title='bbox 620 3244 705 3330; x_wconf 84' lang='lat' dir='ltr'><strong>quod</strong></span> <span class='ocrx_word' id='word_1_242' title='bbox 720 3263 827 3311; x_wconf 79' lang='lat' dir='ltr'><strong>verum</strong></span> <span class='ocrx_word' id='word_1_243' title='bbox 839 3264 909 3314; x_wconf 81' lang='lat' dir='ltr'><strong>osse</strong></span> <span class='ocrx_word' id='word_1_244' title='bbox 924 3265 987 3312; x_wconf 90' lang='lat' dir='ltr'><strong>uon</strong></span> <span class='ocrx_word' id='word_1_245' title='bbox 1002 3257 1117 3334; x_wconf 87' lang='lat' dir='ltr'><strong>posset,</strong></span> 
     </span>
     <span class='ocr_line' id='line_1_36' title="bbox 123 3333 1056 3400; baseline -0.001 -1"><span class='ocrx_word' id='word_1_246' title='bbox 123 3373 130 3382; x_wconf 90' lang='lat'>-</span> <span class='ocrx_word' id='word_1_247' title='bbox 188 3335 248 3400; x_wconf 89' lang='lat' dir='ltr'><strong>nisi</strong></span> <span class='ocrx_word' id='word_1_248' title='bbox 271 3335 394 3400; x_wconf 86' lang='lat' dir='ltr'><strong>realiter</strong></span> <span class='ocrx_word' id='word_1_249' title='bbox 416 3345 487 3400; x_wconf 88' lang='lat' dir='ltr'><strong>anta</strong></span> <span class='ocrx_word' id='word_1_250' title='bbox 510 3333 663 3398; x_wconf 91' lang='lat' dir='ltr'><strong>mundum</strong></span> <span class='ocrx_word' id='word_1_251' title='bbox 685 3335 842 3400; x_wconf 71' lang='lat' dir='ltr'><strong>extitisset</strong></span> <span class='ocrx_word' id='word_1_252' title='bbox 1051 3374 1056 3382; x_wconf 86' lang='lat'><strong>·</strong></span> 
     </span>
    </p>

    <p class='ocr_par' dir='ltr' id='par_1_9' title="bbox 190 3421 1117 3598">
     <span class='ocr_line' id='line_1_37' title="bbox 194 3421 1117 3504; baseline -0.004 -16"><span class='ocrx_word' id='word_1_253' title='bbox 194 3431 197 3438; x_wconf 88' lang='lat'>&#39;</span> <span class='ocrx_word' id='word_1_254' title='bbox 256 3422 344 3504; x_wconf 81' lang='lat' dir='ltr'><strong>ltem,</strong></span> <span class='ocrx_word' id='word_1_255' title='bbox 365 3422 411 3488; x_wconf 86' lang='lat' dir='ltr'><strong>[le</strong></span> <span class='ocrx_word' id='word_1_256' title='bbox 434 3423 512 3488; x_wconf 83' lang='lat' dir='ltr'><strong>Filio</strong></span> <span class='ocrx_word' id='word_1_257' title='bbox 534 3421 735 3487; x_wconf 87' lang='lat' dir='ltr'><strong>Deidioitur:</strong></span> <span class='ocrx_word' id='word_1_258' title='bbox 773 3421 871 3489; x_wconf 83' lang='lat' dir='ltr'><strong>Nemo</strong></span> <span class='ocrx_word' id='word_1_259' title='bbox 908 3421 1048 3487; x_wconf 75' lang='lat' dir='ltr'><strong>moendit</strong></span> <span class='ocrx_word' id='word_1_260' title='bbox 1082 3422 1117 3484; x_wconf 84' lang='lat' dir='ltr'><strong>in</strong></span> 
     </span>
     <span class='ocr_line' id='line_1_38' title="bbox 190 3509 1115 3598; baseline -0.001 -19"><span class='ocrx_word' id='word_1_261' title='bbox 190 3511 320 3593; x_wconf 83' lang='lat' dir='ltr'><strong>roelom,</strong></span> <span class='ocrx_word' id='word_1_262' title='bbox 340 3513 402 3578; x_wconf 82' lang='lat' dir='ltr'><strong>nisi</strong></span> <span class='ocrx_word' id='word_1_263' title='bbox 423 3509 656 3598; x_wconf 71' lang='lat' dir='ltr'><strong>pot-deontia</strong></span> <span class='ocrx_word' id='word_1_264' title='bbox 676 3511 717 3577; x_wconf 83' lang='lat' dir='ltr'><strong>de</strong></span> <span class='ocrx_word' id='word_1_265' title='bbox 737 3512 834 3594; x_wconf 85' lang='lat' dir='ltr'><strong>ooolo,</strong></span> <span class='ocrx_word' id='word_1_266' title='bbox 856 3511 959 3580; x_wconf 81' lang='lat' dir='ltr'><strong>Filios</strong></span> <span class='ocrx_word' id='word_1_267' title='bbox 976 3510 1115 3578; x_wconf 77' lang='lat' dir='ltr'><strong>tonino</strong></span> 
     </span>
    </p>
   </div>
   <div class='ocr_carea' id='block_1_6' title="bbox 0 0 1246 3975">
    <p class='ocr_par' dir='ltr' id='par_1_10' title="bbox 0 0 1246 3975">
     <span class='ocr_line' id='line_1_39' title="bbox 0 0 1246 3975; baseline 0 2"><span class='ocrx_word' id='word_1_268' title='bbox 0 0 1246 3975; x_wconf 95' lang='lat' dir='ltr'><strong> </strong></span> 
     </span>
    </p>
   </div>
  </div>
 </body>
</html>
