<?xml version="1.0" encoding="UTF-8"?>
<!DOCTYPE html PUBLIC "-//W3C//DTD XHTML 1.0 Transitional//EN"
    "http://www.w3.org/TR/xhtml1/DTD/xhtml1-transitional.dtd">
<html xmlns="http://www.w3.org/1999/xhtml" xml:lang="en" lang="en">
 <head>
  <title>
</title>
<meta http-equiv="Content-Type" content="text/html;charset=utf-8" />
  <meta name='ocr-system' content='tesseract 3.04.00' />
  <meta name='ocr-capabilities' content='ocr_page ocr_carea ocr_par ocr_line ocrx_word'/>
</head>
<body>
  <div class='ocr_page' id='page_1' title='image "./sanctithomaeaqu01thomgoog_0418.png"; bbox 0 0 2484 3975; ppageno 0'>
   <div class='ocr_carea' id='block_1_1' title="bbox 447 91 453 122">
    <p class='ocr_par' dir='ltr' id='par_1_1' title="bbox 447 91 453 122">
     <span class='ocr_line' id='line_1_1' title="bbox 447 91 453 122; baseline 0 0"><span class='ocrx_word' id='word_1_1' title='bbox 447 91 453 122; x_wconf 92' lang='lat' dir='ltr'><strong>l</strong></span> 
     </span>
    </p>
   </div>
   <div class='ocr_carea' id='block_1_2' title="bbox 122 216 1234 1188">
    <p class='ocr_par' dir='ltr' id='par_1_2' title="bbox 122 216 1234 1188">
     <span class='ocr_line' id='line_1_2' title="bbox 210 216 754 283; baseline -0.007 0"><span class='ocrx_word' id='word_1_2' title='bbox 210 216 276 283; x_wconf 75' lang='lat' dir='ltr'><strong>lli</strong></span> <span class='ocrx_word' id='word_1_3' title='bbox 586 233 754 281; x_wconf 79' lang='lat' dir='ltr'><strong>muscuuuu</strong></span> 
     </span>
     <span class='ocr_line' id='line_1_3' title="bbox 206 301 1133 391; baseline -0.003 -20"><span class='ocrx_word' id='word_1_4' title='bbox 206 305 343 371; x_wconf 89' lang='lat' dir='ltr'><strong>cundum</strong></span> <span class='ocrx_word' id='word_1_5' title='bbox 367 320 458 368; x_wconf 87' lang='lat' dir='ltr'><strong>suum</strong></span> <span class='ocrx_word' id='word_1_6' title='bbox 481 321 550 367; x_wconf 78' lang='lat' dir='ltr'><strong>eote</strong></span> <span class='ocrx_word' id='word_1_7' title='bbox 570 302 712 391; x_wconf 81' lang='lat' dir='ltr'><strong>simplex:</strong></span> <span class='ocrx_word' id='word_1_8' title='bbox 739 304 826 380; x_wconf 88' lang='lat' dir='ltr'><strong>siout,</strong></span> <span class='ocrx_word' id='word_1_9' title='bbox 861 302 886 369; x_wconf 78' lang='lat' dir='ltr'><strong>ei</strong></span> <span class='ocrx_word' id='word_1_10' title='bbox 925 301 1035 389; x_wconf 83' lang='lat' dir='ltr'><strong>aliquis</strong></span> <span class='ocrx_word' id='word_1_11' title='bbox 1074 322 1133 389; x_wconf 87' lang='lat' dir='ltr'><strong>pet·</strong></span> 
     </span>
     <span class='ocr_line' id='line_1_4' title="bbox 207 391 1132 479; baseline -0.004 -20"><span class='ocrx_word' id='word_1_12' title='bbox 207 414 302 460; x_wconf 89' lang='lat' dir='ltr'><strong>uuam</strong></span> <span class='ocrx_word' id='word_1_13' title='bbox 325 393 503 479; x_wconf 72' lang='lat' dir='ltr'><strong>qualitatem</strong></span> <span class='ocrx_word' id='word_1_14' title='bbox 527 408 629 477; x_wconf 74' lang='lat' dir='ltr'><strong>posset</strong></span> <span class='ocrx_word' id='word_1_15' title='bbox 645 391 767 459; x_wconf 81' lang='lat' dir='ltr'><strong>efficere</strong></span> <span class='ocrx_word' id='word_1_16' title='bbox 779 392 973 479; x_wconf 73' lang='lat' dir='ltr'><strong>operationes</strong></span> <span class='ocrx_word' id='word_1_17' title='bbox 988 394 1132 456; x_wconf 86' lang='lat' dir='ltr'><strong>omnium</strong></span> 
     </span>
     <span class='ocr_line' id='line_1_5' title="bbox 206 480 1132 569; baseline 0 -22"><span class='ocrx_word' id='word_1_18' title='bbox 206 483 400 569; x_wconf 73' lang='lat' dir='ltr'><strong>qualitatum,</strong></span> <span class='ocrx_word' id='word_1_19' title='bbox 422 481 453 544; x_wconf 93' lang='lat' dir='ltr'><strong>in</strong></span> <span class='ocrx_word' id='word_1_20' title='bbox 477 480 528 545; x_wconf 89' lang='lat' dir='ltr'><strong>illa</strong></span> <span class='ocrx_word' id='word_1_21' title='bbox 560 500 621 545; x_wconf 83' lang='lat' dir='ltr'><strong>uun</strong></span> <span class='ocrx_word' id='word_1_22' title='bbox 645 482 790 567; x_wconf 84' lang='lat' dir='ltr'><strong>qualitate</strong></span> <span class='ocrx_word' id='word_1_23' title='bbox 823 501 932 546; x_wconf 85' lang='lat' dir='ltr'><strong>outnes</strong></span> <span class='ocrx_word' id='word_1_24' title='bbox 969 480 1132 566; x_wconf 77' lang='lat' dir='ltr'><strong>qualitates</strong></span> 
     </span>
     <span class='ocr_line' id='line_1_6' title="bbox 122 568 1234 656; baseline -0.004 -16"><span class='ocrx_word' id='word_1_25' title='bbox 122 604 126 618; x_wconf 54' lang='lat' dir='ltr'><em>s</em></span> <span class='ocrx_word' id='word_1_26' title='bbox 207 573 347 645; x_wconf 79' lang='lat' dir='ltr'><strong>lttbecet,</strong></span> <span class='ocrx_word' id='word_1_27' title='bbox 369 572 410 635; x_wconf 80' lang='lat' dir='ltr'><strong>ita</strong></span> <span class='ocrx_word' id='word_1_28' title='bbox 433 568 516 634; x_wconf 87' lang='lat' dir='ltr'><strong>Deos</strong></span> <span class='ocrx_word' id='word_1_29' title='bbox 539 568 571 634; x_wconf 90' lang='lat' dir='ltr'><strong>in</strong></span> <span class='ocrx_word' id='word_1_30' title='bbox 606 568 675 656; x_wconf 85' lang='lat' dir='ltr'><strong>ipso</strong></span> <span class='ocrx_word' id='word_1_31' title='bbox 709 590 775 637; x_wconf 81' lang='lat' dir='ltr'><strong>esce</strong></span> <span class='ocrx_word' id='word_1_32' title='bbox 802 589 859 635; x_wconf 84' lang='lat' dir='ltr'><strong>suo</strong></span> <span class='ocrx_word' id='word_1_33' title='bbox 897 589 1006 635; x_wconf 86' lang='lat' dir='ltr'><strong>omnes</strong></span> <span class='ocrx_word' id='word_1_34' title='bbox 1029 568 1131 655; x_wconf 79' lang='lat' dir='ltr'><strong>petle—</strong></span> <span class='ocrx_word' id='word_1_35' title='bbox 1233 608 1234 649; x_wconf 43' lang='lat' dir='ltr'><strong>l</strong></span> 
     </span>
     <span class='ocr_line' id='line_1_7' title="bbox 208 659 1234 727; baseline -0.009 0"><span class='ocrx_word' id='word_1_36' title='bbox 208 663 325 727; x_wconf 75' lang='lat' dir='ltr'><strong>ctioneo</strong></span> <span class='ocrx_word' id='word_1_37' title='bbox 349 659 455 725; x_wconf 79' lang='lat' dir='ltr'><strong>habet.</strong></span> <span class='ocrx_word' id='word_1_38' title='bbox 1008 676 1012 695; x_wconf 63' lang='lat'>⁸</span> <span class='ocrx_word' id='word_1_39' title='bbox 1233 674 1234 683; x_wconf 56' lang='lat'>¹</span> 
     </span>
     <span class='ocr_line' id='line_1_8' title="bbox 271 744 1132 813; baseline -0.002 0"><span class='ocrx_word' id='word_1_40' title='bbox 271 748 416 813; x_wconf 85' lang='lat' dir='ltr'><strong>Secundo</strong></span> <span class='ocrx_word' id='word_1_41' title='bbox 439 744 533 811; x_wconf 87' lang='lat' dir='ltr'><strong>modo</strong></span> <span class='ocrx_word' id='word_1_42' title='bbox 553 746 710 813; x_wconf 81' lang='lat' dir='ltr'><strong>invenitur</strong></span> <span class='ocrx_word' id='word_1_43' title='bbox 731 745 862 813; x_wconf 79' lang='lat' dir='ltr'><strong>cosentia</strong></span> <span class='ocrx_word' id='word_1_44' title='bbox 897 746 928 811; x_wconf 89' lang='lat' dir='ltr'><strong>in</strong></span> <span class='ocrx_word' id='word_1_45' title='bbox 952 746 1132 811; x_wconf 72' lang='lat' dir='ltr'><strong>substantiis</strong></span> 
     </span>
     <span class='ocr_line' id='line_1_9' title="bbox 207 835 1133 924; baseline -0.003 -20"><span class='ocrx_word' id='word_1_46' title='bbox 207 841 317 904; x_wconf 79' lang='lat' dir='ltr'><strong>creatio</strong></span> <span class='ocrx_word' id='word_1_47' title='bbox 340 835 606 915; x_wconf 74' lang='lat' dir='ltr'><strong>intellectualibus,</strong></span> <span class='ocrx_word' id='word_1_48' title='bbox 623 837 652 901; x_wconf 91' lang='lat' dir='ltr'><strong>in</strong></span> <span class='ocrx_word' id='word_1_49' title='bbox 669 836 781 924; x_wconf 71' lang='lat' dir='ltr'><strong>quibua</strong></span> <span class='ocrx_word' id='word_1_50' title='bbox 797 850 844 901; x_wconf 85' lang='lat' dir='ltr'><strong>est</strong></span> <span class='ocrx_word' id='word_1_51' title='bbox 859 835 942 900; x_wconf 90' lang='lat' dir='ltr'><strong>aliud</strong></span> <span class='ocrx_word' id='word_1_52' title='bbox 958 856 1027 901; x_wconf 80' lang='lat' dir='ltr'><strong>etee</strong></span> <span class='ocrx_word' id='word_1_53' title='bbox 1038 854 1133 920; x_wconf 90' lang='lat' dir='ltr'><strong>quatu</strong></span> 
     </span>
     <span class='ocr_line' id='line_1_10' title="bbox 207 924 1134 1013; baseline -0.006 -20"><span class='ocrx_word' id='word_1_54' title='bbox 207 928 339 993; x_wconf 79' lang='lat' dir='ltr'><strong>essentia</strong></span> <span class='ocrx_word' id='word_1_55' title='bbox 356 928 502 1013; x_wconf 81' lang='lat' dir='ltr'><strong>ipsarum,</strong></span> <span class='ocrx_word' id='word_1_56' title='bbox 524 928 665 1011; x_wconf 80' lang='lat' dir='ltr'><strong>quamvis</strong></span> <span class='ocrx_word' id='word_1_57' title='bbox 687 926 819 991; x_wconf 79' lang='lat' dir='ltr'><strong>cosentia</strong></span> <span class='ocrx_word' id='word_1_58' title='bbox 845 926 884 989; x_wconf 82' lang='lat' dir='ltr'><strong>ait</strong></span> <span class='ocrx_word' id='word_1_59' title='bbox 905 925 971 989; x_wconf 88' lang='lat' dir='ltr'><strong>sine</strong></span> <span class='ocrx_word' id='word_1_60' title='bbox 994 924 1134 1001; x_wconf 78' lang='lat' dir='ltr'><strong>materia3</strong></span> 
     </span>
     <span class='ocr_line' id='line_1_11' title="bbox 207 1012 1133 1099; baseline -0.005 -17"><span class='ocrx_word' id='word_1_61' title='bbox 207 1016 292 1082; x_wconf 86' lang='lat' dir='ltr'><strong>unde</strong></span> <span class='ocrx_word' id='word_1_62' title='bbox 314 1036 381 1081; x_wconf 84' lang='lat' dir='ltr'><strong>esee</strong></span> <span class='ocrx_word' id='word_1_63' title='bbox 403 1032 512 1079; x_wconf 82' lang='lat' dir='ltr'><strong>cacum</strong></span> <span class='ocrx_word' id='word_1_64' title='bbox 535 1034 597 1077; x_wconf 93' lang='lat' dir='ltr'><strong>oon</strong></span> <span class='ocrx_word' id='word_1_65' title='bbox 620 1028 668 1079; x_wconf 83' lang='lat' dir='ltr'><strong>est</strong></span> <span class='ocrx_word' id='word_1_66' title='bbox 690 1014 877 1091; x_wconf 86' lang='lat' dir='ltr'><strong>absolutum,</strong></span> <span class='ocrx_word' id='word_1_67' title='bbox 892 1012 946 1077; x_wconf 82' lang='lat' dir='ltr'><strong>aed</strong></span> <span class='ocrx_word' id='word_1_68' title='bbox 962 1026 1133 1099; x_wconf 85' lang='lat' dir='ltr'><strong>receptum,</strong></span> 
     </span>
     <span class='ocr_line' id='line_1_12' title="bbox 207 1102 1134 1188; baseline -0.004 -17"><span class='ocrx_word' id='word_1_69' title='bbox 207 1118 239 1171; x_wconf 85' lang='lat' dir='ltr'><strong>et</strong></span> <span class='ocrx_word' id='word_1_70' title='bbox 261 1106 332 1170; x_wconf 87' lang='lat' dir='ltr'><strong>itleo</strong></span> <span class='ocrx_word' id='word_1_71' title='bbox 355 1103 517 1169; x_wconf 87' lang='lat' dir='ltr'><strong>limitatum</strong></span> <span class='ocrx_word' id='word_1_72' title='bbox 539 1114 570 1166; x_wconf 92' lang='lat' dir='ltr'><strong>et</strong></span> <span class='ocrx_word' id='word_1_73' title='bbox 592 1102 713 1167; x_wconf 86' lang='lat' dir='ltr'><strong>linitum</strong></span> <span class='ocrx_word' id='word_1_74' title='bbox 738 1103 775 1167; x_wconf 89' lang='lat' dir='ltr'><strong>ad</strong></span> <span class='ocrx_word' id='word_1_75' title='bbox 791 1106 990 1188; x_wconf 75' lang='lat' dir='ltr'><strong>capacitatem</strong></span> <span class='ocrx_word' id='word_1_76' title='bbox 1004 1116 1134 1167; x_wconf 86' lang='lat' dir='ltr'><strong>naturae</strong></span> 
     </span>
    </p>
   </div>
   <div class='ocr_carea' id='block_1_3' title="bbox 208 1190 1235 1280">
    <p class='ocr_par' dir='ltr' id='par_1_3' title="bbox 208 1190 1235 1280">
     <span class='ocr_line' id='line_1_13' title="bbox 208 1190 1235 1280; baseline -0.005 -20"><span class='ocrx_word' id='word_1_77' title='bbox 208 1194 393 1280; x_wconf 82' lang='lat' dir='ltr'><strong>recipientis:</strong></span> <span class='ocrx_word' id='word_1_78' title='bbox 415 1190 470 1256; x_wconf 86' lang='lat' dir='ltr'><strong>sed</strong></span> <span class='ocrx_word' id='word_1_79' title='bbox 495 1203 603 1256; x_wconf 81' lang='lat' dir='ltr'><strong>natura</strong></span> <span class='ocrx_word' id='word_1_80' title='bbox 626 1192 674 1257; x_wconf 83' lang='lat' dir='ltr'><strong>tel</strong></span> <span class='ocrx_word' id='word_1_81' title='bbox 696 1192 849 1277; x_wconf 80' lang='lat' dir='ltr'><strong>quitiditas</strong></span> <span class='ocrx_word' id='word_1_82' title='bbox 872 1210 979 1255; x_wconf 82' lang='lat' dir='ltr'><strong>aarum</strong></span> <span class='ocrx_word' id='word_1_83' title='bbox 1002 1204 1062 1267; x_wconf 71' lang='lat' dir='ltr'><strong>,est</strong></span> <span class='ocrx_word' id='word_1_84' title='bbox 1080 1190 1135 1256; x_wconf 84' lang='lat' dir='ltr'><strong>ab·</strong></span> <span class='ocrx_word' id='word_1_85' title='bbox 1234 1200 1235 1203; x_wconf 76' lang='grc'>’</span> 
     </span>
    </p>
   </div>
   <div class='ocr_carea' id='block_1_4' title="bbox 208 1278 1138 2077">
    <p class='ocr_par' dir='ltr' id='par_1_4' title="bbox 208 1278 1138 2077">
     <span class='ocr_line' id='line_1_14' title="bbox 208 1278 1133 1370; baseline -0.003 -22"><span class='ocrx_word' id='word_1_86' title='bbox 208 1283 309 1348; x_wconf 81' lang='lat' dir='ltr'><strong>colata</strong></span> <span class='ocrx_word' id='word_1_87' title='bbox 332 1283 394 1370; x_wconf 92' lang='lat' dir='ltr'><strong>(l),</strong></span> <span class='ocrx_word' id='word_1_88' title='bbox 417 1300 478 1345; x_wconf 92' lang='lat' dir='ltr'><strong>non</strong></span> <span class='ocrx_word' id='word_1_89' title='bbox 502 1294 626 1366; x_wconf 79' lang='lat' dir='ltr'><strong>recepta</strong></span> <span class='ocrx_word' id='word_1_90' title='bbox 648 1282 679 1345; x_wconf 94' lang='lat' dir='ltr'><strong>in</strong></span> <span class='ocrx_word' id='word_1_91' title='bbox 703 1280 805 1367; x_wconf 87' lang='lat' dir='ltr'><strong>aliqua</strong></span> <span class='ocrx_word' id='word_1_92' title='bbox 828 1279 965 1345; x_wconf 81' lang='lat' dir='ltr'><strong>materia.</strong></span> <span class='ocrx_word' id='word_1_93' title='bbox 1003 1278 1039 1343; x_wconf 87' lang='lat' dir='ltr'><strong>Et</strong></span> <span class='ocrx_word' id='word_1_94' title='bbox 1061 1279 1133 1345; x_wconf 88' lang='lat' dir='ltr'><strong>idco</strong></span> 
     </span>
     <span class='ocr_line' id='line_1_15' title="bbox 208 1366 1134 1456; baseline -0.005 -20"><span class='ocrx_word' id='word_1_95' title='bbox 208 1371 319 1436; x_wconf 81' lang='lat' dir='ltr'><strong>dicitur</strong></span> <span class='ocrx_word' id='word_1_96' title='bbox 351 1374 382 1434; x_wconf 93' lang='lat' dir='ltr'><strong>iu</strong></span> <span class='ocrx_word' id='word_1_97' title='bbox 405 1368 485 1435; x_wconf 79' lang='lat' dir='ltr'><strong>libro</strong></span> <span class='ocrx_word' id='word_1_98' title='bbox 506 1368 547 1433; x_wconf 88' lang='lat' dir='ltr'><strong>de</strong></span> <span class='ocrx_word' id='word_1_99' title='bbox 569 1368 677 1435; x_wconf 84' lang='lat' dir='ltr'><strong>Causis</strong></span> <span class='ocrx_word' id='word_1_100' title='bbox 710 1370 793 1456; x_wconf 90' lang='lat' dir='ltr'><strong>quod</strong></span> <span class='ocrx_word' id='word_1_101' title='bbox 817 1366 1039 1453; x_wconf 79' lang='lat' dir='ltr'><strong>intelligentiae</strong></span> <span class='ocrx_word' id='word_1_102' title='bbox 1061 1380 1134 1433; x_wconf 89' lang='lat' dir='ltr'><strong>sunt</strong></span> 
     </span>
     <span class='ocr_line' id='line_1_16' title="bbox 211 1456 1134 1543; baseline -0.003 -19"><span class='ocrx_word' id='word_1_103' title='bbox 211 1460 315 1524; x_wconf 85' lang='lat' dir='ltr'><strong>linitae</strong></span> <span class='ocrx_word' id='word_1_104' title='bbox 338 1459 480 1543; x_wconf 79' lang='lat' dir='ltr'><strong>superius</strong></span> <span class='ocrx_word' id='word_1_105' title='bbox 502 1470 534 1521; x_wconf 92' lang='lat' dir='ltr'><strong>et</strong></span> <span class='ocrx_word' id='word_1_106' title='bbox 556 1458 694 1525; x_wconf 83' lang='lat' dir='ltr'><strong>inlicitae</strong></span> <span class='ocrx_word' id='word_1_107' title='bbox 717 1457 856 1524; x_wconf 87' lang='lat' dir='ltr'><strong>inletius:</strong></span> <span class='ocrx_word' id='word_1_108' title='bbox 894 1470 966 1522; x_wconf 85' lang='lat' dir='ltr'><strong>sunt</strong></span> <span class='ocrx_word' id='word_1_109' title='bbox 989 1457 1074 1521; x_wconf 88' lang='lat' dir='ltr'><strong>euim</strong></span> <span class='ocrx_word' id='word_1_110' title='bbox 1099 1456 1134 1521; x_wconf 84' lang='lat' dir='ltr'><strong>a·</strong></span> 
     </span>
     <span class='ocr_line' id='line_1_17' title="bbox 209 1545 1134 1634; baseline -0.002 -22"><span class='ocrx_word' id='word_1_111' title='bbox 209 1550 291 1613; x_wconf 85' lang='lat' dir='ltr'><strong>nltae</strong></span> <span class='ocrx_word' id='word_1_112' title='bbox 324 1561 474 1634; x_wconf 90' lang='lat' dir='ltr'><strong>quantum</strong></span> <span class='ocrx_word' id='word_1_113' title='bbox 497 1545 536 1610; x_wconf 88' lang='lat' dir='ltr'><strong>ad</strong></span> <span class='ocrx_word' id='word_1_114' title='bbox 558 1566 627 1611; x_wconf 82' lang='lat' dir='ltr'><strong>esce</strong></span> <span class='ocrx_word' id='word_1_115' title='bbox 649 1567 740 1612; x_wconf 85' lang='lat' dir='ltr'><strong>suunt</strong></span> <span class='ocrx_word' id='word_1_116' title='bbox 764 1546 847 1632; x_wconf 89' lang='lat' dir='ltr'><strong>quod</strong></span> <span class='ocrx_word' id='word_1_117' title='bbox 870 1565 887 1609; x_wconf 89' lang='lat' dir='ltr'><strong>a</strong></span> <span class='ocrx_word' id='word_1_118' title='bbox 909 1545 1061 1632; x_wconf 80' lang='lat' dir='ltr'><strong>superiori</strong></span> <span class='ocrx_word' id='word_1_119' title='bbox 1084 1564 1134 1611; x_wconf 84' lang='lat' dir='ltr'><strong>te·</strong></span> 
     </span>
     <span class='ocr_line' id='line_1_18' title="bbox 209 1634 1134 1725; baseline -0.004 -23"><span class='ocrx_word' id='word_1_120' title='bbox 209 1639 336 1725; x_wconf 84' lang='lat' dir='ltr'><strong>cipiunt3</strong></span> <span class='ocrx_word' id='word_1_121' title='bbox 360 1657 422 1700; x_wconf 93' lang='lat' dir='ltr'><strong>non</strong></span> <span class='ocrx_word' id='word_1_122' title='bbox 446 1649 549 1699; x_wconf 88' lang='lat' dir='ltr'><strong>tamen</strong></span> <span class='ocrx_word' id='word_1_123' title='bbox 572 1635 721 1701; x_wconf 80' lang='lat' dir='ltr'><strong>finiuntur</strong></span> <span class='ocrx_word' id='word_1_124' title='bbox 744 1634 882 1713; x_wconf 77' lang='lat' dir='ltr'><strong>interius,</strong></span> <span class='ocrx_word' id='word_1_125' title='bbox 919 1635 991 1720; x_wconf 92' lang='lat' dir='ltr'><strong>quia</strong></span> <span class='ocrx_word' id='word_1_126' title='bbox 1025 1653 1134 1699; x_wconf 83' lang='lat' dir='ltr'><strong>earum</strong></span> 
     </span>
     <span class='ocr_line' id='line_1_19' title="bbox 210 1722 1135 1810; baseline -0.004 -19"><span class='ocrx_word' id='word_1_127' title='bbox 210 1727 329 1792; x_wconf 83' lang='lat' dir='ltr'><strong>locmae</strong></span> <span class='ocrx_word' id='word_1_128' title='bbox 352 1746 414 1791; x_wconf 93' lang='lat' dir='ltr'><strong>oon</strong></span> <span class='ocrx_word' id='word_1_129' title='bbox 439 1724 610 1789; x_wconf 80' lang='lat' dir='ltr'><strong>limitantur</strong></span> <span class='ocrx_word' id='word_1_130' title='bbox 632 1724 670 1788; x_wconf 91' lang='lat' dir='ltr'><strong>ad</strong></span> <span class='ocrx_word' id='word_1_131' title='bbox 695 1725 893 1810; x_wconf 85' lang='lat' dir='ltr'><strong>capacitatem</strong></span> <span class='ocrx_word' id='word_1_132' title='bbox 917 1722 1046 1807; x_wconf 80' lang='lat' dir='ltr'><strong>alicujus</strong></span> <span class='ocrx_word' id='word_1_133' title='bbox 1068 1743 1135 1787; x_wconf 92' lang='lat' dir='ltr'><strong>ma·</strong></span> 
     </span>
     <span class='ocr_line' id='line_1_20' title="bbox 212 1811 1135 1901; baseline -0.004 -22"><span class='ocrx_word' id='word_1_134' title='bbox 212 1817 309 1891; x_wconf 76' lang='lat' dir='ltr'><strong>teclae</strong></span> <span class='ocrx_word' id='word_1_135' title='bbox 331 1814 507 1901; x_wconf 81' lang='lat' dir='ltr'><strong>recipientis</strong></span> <span class='ocrx_word' id='word_1_136' title='bbox 530 1833 593 1890; x_wconf 79' lang='lat' dir='ltr'><strong>eas3</strong></span> <span class='ocrx_word' id='word_1_137' title='bbox 615 1826 646 1877; x_wconf 91' lang='lat' dir='ltr'><strong>et</strong></span> <span class='ocrx_word' id='word_1_138' title='bbox 669 1813 700 1877; x_wconf 94' lang='lat' dir='ltr'><strong>in</strong></span> <span class='ocrx_word' id='word_1_139' title='bbox 724 1813 834 1879; x_wconf 87' lang='lat' dir='ltr'><strong>talibus</strong></span> <span class='ocrx_word' id='word_1_140' title='bbox 870 1811 1049 1877; x_wconf 73' lang='lat' dir='ltr'><strong>substantiis</strong></span> <span class='ocrx_word' id='word_1_141' title='bbox 1072 1832 1135 1876; x_wconf 91' lang='lat' dir='ltr'><strong>non</strong></span> 
     </span>
     <span class='ocr_line' id='line_1_21' title="bbox 210 1900 1137 1985; baseline -0.003 -17"><span class='ocrx_word' id='word_1_142' title='bbox 210 1905 365 1969; x_wconf 82' lang='lat' dir='ltr'><strong>invenitur</strong></span> <span class='ocrx_word' id='word_1_143' title='bbox 388 1900 552 1967; x_wconf 84' lang='lat' dir='ltr'><strong>multitudo</strong></span> <span class='ocrx_word' id='word_1_144' title='bbox 575 1901 804 1967; x_wconf 82' lang='lat' dir='ltr'><strong>individuorum</strong></span> <span class='ocrx_word' id='word_1_145' title='bbox 829 1901 859 1965; x_wconf 92' lang='lat' dir='ltr'><strong>in</strong></span> <span class='ocrx_word' id='word_1_146' title='bbox 884 1920 945 1965; x_wconf 88' lang='lat' dir='ltr'><strong>una</strong></span> <span class='ocrx_word' id='word_1_147' title='bbox 967 1901 1080 1985; x_wconf 86' lang='lat' dir='ltr'><strong>specie,</strong></span> <span class='ocrx_word' id='word_1_148' title='bbox 1104 1914 1137 1965; x_wconf 89' lang='lat' dir='ltr'><strong>ut</strong></span> 
     </span>
     <span class='ocr_line' id='line_1_22' title="bbox 209 1991 1138 2077; baseline -0.004 -18"><span class='ocrx_word' id='word_1_149' title='bbox 209 1993 327 2059; x_wconf 88' lang='lat' dir='ltr'><strong>dictum</strong></span> <span class='ocrx_word' id='word_1_150' title='bbox 352 2005 409 2071; x_wconf 82' lang='lat' dir='ltr'><strong>eat,</strong></span> <span class='ocrx_word' id='word_1_151' title='bbox 425 1991 483 2057; x_wconf 84' lang='lat' dir='ltr'><strong>nisi</strong></span> <span class='ocrx_word' id='word_1_152' title='bbox 506 1992 538 2056; x_wconf 88' lang='lat' dir='ltr'><strong>iu</strong></span> <span class='ocrx_word' id='word_1_153' title='bbox 561 1992 665 2056; x_wconf 89' lang='lat' dir='ltr'><strong>anima</strong></span> <span class='ocrx_word' id='word_1_154' title='bbox 692 1991 839 2069; x_wconf 87' lang='lat' dir='ltr'><strong>humana,</strong></span> <span class='ocrx_word' id='word_1_155' title='bbox 863 2004 988 2077; x_wconf 82' lang='lat' dir='ltr'><strong>propter</strong></span> <span class='ocrx_word' id='word_1_156' title='bbox 1025 2009 1138 2077; x_wconf 77' lang='lat' dir='ltr'><strong>corpus</strong></span> 
     </span>
    </p>
   </div>
   <div class='ocr_carea' id='block_1_5' title="bbox 210 2077 1237 2166">
    <p class='ocr_par' dir='ltr' id='par_1_5' title="bbox 210 2077 1237 2166">
     <span class='ocr_line' id='line_1_23' title="bbox 210 2077 1237 2166; baseline -0.003 -19"><span class='ocrx_word' id='word_1_157' title='bbox 210 2083 260 2148; x_wconf 89' lang='lat' dir='ltr'><strong>cui</strong></span> <span class='ocrx_word' id='word_1_158' title='bbox 285 2083 398 2146; x_wconf 86' lang='lat' dir='ltr'><strong>unitur.</strong></span> <span class='ocrx_word' id='word_1_159' title='bbox 413 2080 506 2144; x_wconf 80' lang='lat' dir='ltr'><strong>-llt</strong></span> <span class='ocrx_word' id='word_1_160' title='bbox 528 2079 599 2147; x_wconf 88' lang='lat' dir='ltr'><strong>licet</strong></span> <span class='ocrx_word' id='word_1_161' title='bbox 620 2079 822 2146; x_wconf 85' lang='lat' dir='ltr'><strong>individuatio</strong></span> <span class='ocrx_word' id='word_1_162' title='bbox 840 2077 912 2164; x_wconf 79' lang='lat' dir='ltr'><strong>ejus</strong></span> <span class='ocrx_word' id='word_1_163' title='bbox 935 2079 987 2166; x_wconf 63' lang='lat' dir='ltr'><strong>(l)</strong></span> <span class='ocrx_word' id='word_1_164' title='bbox 1010 2098 1048 2144; x_wconf 79' lang='lat' dir='ltr'><strong>ex</strong></span> <span class='ocrx_word' id='word_1_165' title='bbox 1070 2099 1139 2144; x_wconf 81' lang='lat' dir='ltr'><strong>cot·</strong></span> <span class='ocrx_word' id='word_1_166' title='bbox 1236 2125 1237 2130; x_wconf 18' lang='grc' dir='ltr'><strong>κ</strong></span> 
     </span>
    </p>
   </div>
   <div class='ocr_carea' id='block_1_6' title="bbox 209 2167 1237 3412">
    <p class='ocr_par' dir='ltr' id='par_1_6' title="bbox 209 2167 1237 3125">
     <span class='ocr_line' id='line_1_24' title="bbox 212 2167 1137 2258; baseline -0.002 -22"><span class='ocrx_word' id='word_1_167' title='bbox 212 2190 288 2258; x_wconf 83' lang='lat' dir='ltr'><strong>pore</strong></span> <span class='ocrx_word' id='word_1_168' title='bbox 311 2169 542 2237; x_wconf 75' lang='lat' dir='ltr'><strong>occasionaliter</strong></span> <span class='ocrx_word' id='word_1_169' title='bbox 564 2169 750 2256; x_wconf 85' lang='lat' dir='ltr'><strong>dependeat,</strong></span> <span class='ocrx_word' id='word_1_170' title='bbox 773 2182 923 2254; x_wconf 90' lang='lat' dir='ltr'><strong>qnantum</strong></span> <span class='ocrx_word' id='word_1_171' title='bbox 957 2167 996 2232; x_wconf 91' lang='lat' dir='ltr'><strong>ad</strong></span> <span class='ocrx_word' id='word_1_172' title='bbox 1020 2167 1067 2232; x_wconf 85' lang='lat' dir='ltr'><strong>sni</strong></span> <span class='ocrx_word' id='word_1_173' title='bbox 1090 2168 1137 2234; x_wconf 90' lang='lat' dir='ltr'><strong>iu·</strong></span> 
     </span>
     <span class='ocr_line' id='line_1_25' title="bbox 209 2256 1137 2344; baseline -0.005 -19"><span class='ocrx_word' id='word_1_174' title='bbox 209 2261 416 2335; x_wconf 74' lang='lat' dir='ltr'><strong>cenationem,</strong></span> <span class='ocrx_word' id='word_1_175' title='bbox 429 2259 500 2344; x_wconf 89' lang='lat' dir='ltr'><strong>quia</strong></span> <span class='ocrx_word' id='word_1_176' title='bbox 521 2277 587 2322; x_wconf 88' lang='lat' dir='ltr'><strong>noo</strong></span> <span class='ocrx_word' id='word_1_177' title='bbox 609 2258 777 2342; x_wconf 79' lang='lat' dir='ltr'><strong>acquiritur</strong></span> <span class='ocrx_word' id='word_1_178' title='bbox 799 2257 857 2322; x_wconf 84' lang='lat' dir='ltr'><strong>sibi</strong></span> <span class='ocrx_word' id='word_1_179' title='bbox 881 2275 948 2320; x_wconf 87' lang='lat' dir='ltr'><strong>csse</strong></span> <span class='ocrx_word' id='word_1_180' title='bbox 965 2256 1137 2321; x_wconf 82' lang='lat' dir='ltr'><strong>individua·</strong></span> 
     </span>
     <span class='ocr_line' id='line_1_26' title="bbox 211 2345 1136 2433; baseline -0.003 -20"><span class='ocrx_word' id='word_1_181' title='bbox 211 2363 277 2414; x_wconf 92' lang='lat' dir='ltr'><strong>tum</strong></span> <span class='ocrx_word' id='word_1_182' title='bbox 301 2349 357 2413; x_wconf 89' lang='lat' dir='ltr'><strong>nisi</strong></span> <span class='ocrx_word' id='word_1_183' title='bbox 382 2349 412 2411; x_wconf 89' lang='lat' dir='ltr'><strong>in</strong></span> <span class='ocrx_word' id='word_1_184' title='bbox 435 2365 564 2433; x_wconf 79' lang='lat' dir='ltr'><strong>corpore</strong></span> <span class='ocrx_word' id='word_1_185' title='bbox 587 2345 674 2431; x_wconf 82' lang='lat' dir='ltr'><strong>cujus</strong></span> <span class='ocrx_word' id='word_1_186' title='bbox 698 2361 744 2410; x_wconf 90' lang='lat' dir='ltr'><strong>est</strong></span> <span class='ocrx_word' id='word_1_187' title='bbox 767 2357 864 2422; x_wconf 86' lang='lat' dir='ltr'><strong>actus,</strong></span> <span class='ocrx_word' id='word_1_188' title='bbox 887 2365 948 2409; x_wconf 90' lang='lat' dir='ltr'><strong>non</strong></span> <span class='ocrx_word' id='word_1_189' title='bbox 972 2359 1074 2409; x_wconf 87' lang='lat' dir='ltr'><strong>tamen</strong></span> <span class='ocrx_word' id='word_1_190' title='bbox 1103 2366 1136 2410; x_wconf 93' lang='lat' dir='ltr'><strong>o·</strong></span> 
     </span>
     <span class='ocr_line' id='line_1_27' title="bbox 210 2433 1136 2525; baseline -0.005 -22"><span class='ocrx_word' id='word_1_191' title='bbox 210 2451 322 2525; x_wconf 79' lang='lat' dir='ltr'><strong>portet,</strong></span> <span class='ocrx_word' id='word_1_192' title='bbox 350 2449 395 2517; x_wconf 90' lang='lat' dir='ltr'><strong>ut,</strong></span> <span class='ocrx_word' id='word_1_193' title='bbox 419 2435 576 2500; x_wconf 79' lang='lat' dir='ltr'><strong>destructo</strong></span> <span class='ocrx_word' id='word_1_194' title='bbox 611 2454 753 2521; x_wconf 84' lang='lat' dir='ltr'><strong>corpote,</strong></span> <span class='ocrx_word' id='word_1_195' title='bbox 784 2433 985 2501; x_wconf 87' lang='lat' dir='ltr'><strong>individuatio</strong></span> <span class='ocrx_word' id='word_1_196' title='bbox 1020 2447 1136 2520; x_wconf 83' lang='lat' dir='ltr'><strong>percat;</strong></span> 
     </span>
     <span class='ocr_line' id='line_1_28' title="bbox 210 2521 1136 2612; baseline -0.005 -21"><span class='ocrx_word' id='word_1_197' title='bbox 210 2529 293 2612; x_wconf 92' lang='lat' dir='ltr'><strong>quia,</strong></span> <span class='ocrx_word' id='word_1_198' title='bbox 315 2546 386 2592; x_wconf 90' lang='lat' dir='ltr'><strong>cum</strong></span> <span class='ocrx_word' id='word_1_199' title='bbox 408 2523 521 2590; x_wconf 85' lang='lat' dir='ltr'><strong>habeat</strong></span> <span class='ocrx_word' id='word_1_200' title='bbox 542 2543 610 2588; x_wconf 83' lang='lat' dir='ltr'><strong>esse</strong></span> <span class='ocrx_word' id='word_1_201' title='bbox 633 2524 809 2590; x_wconf 89' lang='lat' dir='ltr'><strong>absolutum</strong></span> <span class='ocrx_word' id='word_1_202' title='bbox 832 2543 870 2589; x_wconf 81' lang='lat' dir='ltr'><strong>et</strong></span> <span class='ocrx_word' id='word_1_203' title='bbox 907 2541 970 2608; x_wconf 93' lang='lat' dir='ltr'><strong>quo</strong></span> <span class='ocrx_word' id='word_1_204' title='bbox 1007 2521 1136 2608; x_wconf 83' lang='lat' dir='ltr'><strong>acquiei·</strong></span> 
     </span>
     <span class='ocr_line' id='line_1_29' title="bbox 210 2610 1136 2698; baseline -0.003 -18"><span class='ocrx_word' id='word_1_205' title='bbox 210 2628 277 2680; x_wconf 91' lang='lat' dir='ltr'><strong>tum</strong></span> <span class='ocrx_word' id='word_1_206' title='bbox 299 2628 346 2680; x_wconf 81' lang='lat' dir='ltr'><strong>eet</strong></span> <span class='ocrx_word' id='word_1_207' title='bbox 366 2615 424 2680; x_wconf 83' lang='lat' dir='ltr'><strong>eibi</strong></span> <span class='ocrx_word' id='word_1_208' title='bbox 446 2632 515 2678; x_wconf 81' lang='lat' dir='ltr'><strong>eoae</strong></span> <span class='ocrx_word' id='word_1_209' title='bbox 536 2611 774 2690; x_wconf 83' lang='lat' dir='ltr'><strong>indiuiduatum,</strong></span> <span class='ocrx_word' id='word_1_210' title='bbox 796 2631 834 2677; x_wconf 82' lang='lat' dir='ltr'><strong>ex</strong></span> <span class='ocrx_word' id='word_1_211' title='bbox 867 2611 927 2676; x_wconf 84' lang='lat' dir='ltr'><strong>ltoc</strong></span> <span class='ocrx_word' id='word_1_212' title='bbox 949 2610 1033 2698; x_wconf 91' lang='lat' dir='ltr'><strong>quod</strong></span> <span class='ocrx_word' id='word_1_213' title='bbox 1056 2610 1136 2677; x_wconf 83' lang='lat' dir='ltr'><strong>lacta</strong></span> 
     </span>
     <span class='ocr_line' id='line_1_30' title="bbox 209 2699 1137 2788; baseline -0.005 -19"><span class='ocrx_word' id='word_1_214' title='bbox 209 2718 260 2769; x_wconf 83' lang='lat' dir='ltr'><strong>cot·</strong></span> <span class='ocrx_word' id='word_1_215' title='bbox 280 2704 378 2771; x_wconf 83' lang='lat' dir='ltr'><strong>lonma</strong></span> <span class='ocrx_word' id='word_1_216' title='bbox 401 2701 493 2788; x_wconf 81' lang='lat' dir='ltr'><strong>nujus</strong></span> <span class='ocrx_word' id='word_1_217' title='bbox 515 2702 663 2788; x_wconf 78' lang='lat' dir='ltr'><strong>corporis,</strong></span> <span class='ocrx_word' id='word_1_218' title='bbox 689 2699 766 2767; x_wconf 89' lang='lat' dir='ltr'><strong>illud</strong></span> <span class='ocrx_word' id='word_1_219' title='bbox 788 2719 857 2766; x_wconf 88' lang='lat' dir='ltr'><strong>esse</strong></span> <span class='ocrx_word' id='word_1_220' title='bbox 886 2719 1011 2788; x_wconf 81' lang='lat' dir='ltr'><strong>semper</strong></span> <span class='ocrx_word' id='word_1_221' title='bbox 1033 2720 1137 2765; x_wconf 86' lang='lat' dir='ltr'><strong>rema·</strong></span> 
     </span>
     <span class='ocr_line' id='line_1_31' title="bbox 210 2789 1138 2875; baseline -0.005 -17"><span class='ocrx_word' id='word_1_222' title='bbox 210 2805 265 2858; x_wconf 84' lang='lat' dir='ltr'><strong>net</strong></span> <span class='ocrx_word' id='word_1_223' title='bbox 286 2791 521 2867; x_wconf 82' lang='lat' dir='ltr'><strong>indiuiduatuat3</strong></span> <span class='ocrx_word' id='word_1_224' title='bbox 547 2805 578 2856; x_wconf 92' lang='lat' dir='ltr'><strong>et</strong></span> <span class='ocrx_word' id='word_1_225' title='bbox 601 2790 671 2854; x_wconf 89' lang='lat' dir='ltr'><strong>iden</strong></span> <span class='ocrx_word' id='word_1_226' title='bbox 696 2789 769 2855; x_wconf 88' lang='lat' dir='ltr'><strong>dicit</strong></span> <span class='ocrx_word' id='word_1_227' title='bbox 791 2789 946 2854; x_wconf 86' lang='lat' dir='ltr'><strong>tlticeuna</strong></span> <span class='ocrx_word' id='word_1_228' title='bbox 984 2789 1068 2875; x_wconf 91' lang='lat' dir='ltr'><strong>quod</strong></span> <span class='ocrx_word' id='word_1_229' title='bbox 1091 2789 1138 2853; x_wconf 93' lang='lat' dir='ltr'><strong>in·</strong></span> 
     </span>
     <span class='ocr_line' id='line_1_32' title="bbox 210 2876 1138 2966; baseline -0.004 -20"><span class='ocrx_word' id='word_1_230' title='bbox 210 2880 380 2946; x_wconf 80' lang='lat' dir='ltr'><strong>diuiduatio</strong></span> <span class='ocrx_word' id='word_1_231' title='bbox 402 2881 575 2944; x_wconf 83' lang='lat' dir='ltr'><strong>animatum</strong></span> <span class='ocrx_word' id='word_1_232' title='bbox 598 2893 629 2944; x_wconf 91' lang='lat' dir='ltr'><strong>et</strong></span> <span class='ocrx_word' id='word_1_233' title='bbox 666 2877 877 2966; x_wconf 88' lang='lat' dir='ltr'><strong>multiplicatio</strong></span> <span class='ocrx_word' id='word_1_234' title='bbox 898 2876 1068 2965; x_wconf 49' lang='lat' dir='ltr'><strong>¹dependet</strong></span> <span class='ocrx_word' id='word_1_235' title='bbox 1101 2897 1138 2942; x_wconf 84' lang='lat' dir='ltr'><strong>et</strong></span> 
     </span>
     <span class='ocr_line' id='line_1_33' title="bbox 211 2965 1237 3060; baseline -0.006 -24"><span class='ocrx_word' id='word_1_236' title='bbox 211 2990 355 3056; x_wconf 81' lang='lat' dir='ltr'><strong>corpore,</strong></span> <span class='ocrx_word' id='word_1_237' title='bbox 376 2983 525 3060; x_wconf 89' lang='lat' dir='ltr'><strong>quantum</strong></span> <span class='ocrx_word' id='word_1_238' title='bbox 549 2967 589 3034; x_wconf 88' lang='lat' dir='ltr'><strong>ad</strong></span> <span class='ocrx_word' id='word_1_239' title='bbox 610 2970 659 3034; x_wconf 82' lang='lat' dir='ltr'><strong>oui</strong></span> <span class='ocrx_word' id='word_1_240' title='bbox 681 2967 878 3055; x_wconf 77' lang='lat' dir='ltr'><strong>principium,</strong></span> <span class='ocrx_word' id='word_1_241' title='bbox 893 2965 948 3033; x_wconf 80' lang='lat' dir='ltr'><strong>ted</strong></span> <span class='ocrx_word' id='word_1_242' title='bbox 962 2985 1138 3053; x_wconf 90' lang='lat' dir='ltr'><strong>nunquan·</strong></span> <span class='ocrx_word' id='word_1_243' title='bbox 1236 3017 1237 3030; x_wconf 67' lang='grc'>,</span> 
     </span>
     <span class='ocr_line' id='line_1_34' title="bbox 212 3057 948 3125; baseline -0.014 0"><span class='ocrx_word' id='word_1_244' title='bbox 212 3072 280 3125; x_wconf 89' lang='lat' dir='ltr'><strong>tum</strong></span> <span class='ocrx_word' id='word_1_245' title='bbox 303 3058 412 3123; x_wconf 88' lang='lat' dir='ltr'><strong>adsui</strong></span> <span class='ocrx_word' id='word_1_246' title='bbox 435 3057 543 3124; x_wconf 81' lang='lat' dir='ltr'><strong>linem.</strong></span> <span class='ocrx_word' id='word_1_247' title='bbox 923 3087 948 3098; x_wconf 79' lang='lat'><strong>,.</strong></span> 
     </span>
    </p>

    <p class='ocr_par' dir='ltr' id='par_1_7' title="bbox 213 3141 1142 3412">
     <span class='ocr_line' id='line_1_35' title="bbox 280 3141 1140 3234; baseline -0.003 -22"><span class='ocrx_word' id='word_1_248' title='bbox 280 3148 315 3212; x_wconf 84' lang='lat' dir='ltr'><strong>Et</strong></span> <span class='ocrx_word' id='word_1_249' title='bbox 329 3147 402 3234; x_wconf 86' lang='lat' dir='ltr'><strong>quia</strong></span> <span class='ocrx_word' id='word_1_250' title='bbox 423 3146 455 3211; x_wconf 89' lang='lat' dir='ltr'><strong>in</strong></span> <span class='ocrx_word' id='word_1_251' title='bbox 478 3144 537 3211; x_wconf 83' lang='lat' dir='ltr'><strong>illis</strong></span> <span class='ocrx_word' id='word_1_252' title='bbox 551 3144 728 3211; x_wconf 79' lang='lat' dir='ltr'><strong>substantiis</strong></span> <span class='ocrx_word' id='word_1_253' title='bbox 750 3142 905 3232; x_wconf 84' lang='lat' dir='ltr'><strong>quidditae</strong></span> <span class='ocrx_word' id='word_1_254' title='bbox 922 3156 1043 3214; x_wconf 81' lang='lat' dir='ltr'><strong>non-est</strong></span> <span class='ocrx_word' id='word_1_255' title='bbox 1054 3141 1140 3210; x_wconf 84' lang='lat' dir='ltr'><strong>idem</strong></span> 
     </span>
     <span class='ocr_line' id='line_1_36' title="bbox 213 3234 1142 3324; baseline -0.006 -21"><span class='ocrx_word' id='word_1_256' title='bbox 213 3235 298 3324; x_wconf 81' lang='lat' dir='ltr'><strong>qaod</strong></span> <span class='ocrx_word' id='word_1_257' title='bbox 320 3257 399 3313; x_wconf 85' lang='lat' dir='ltr'><strong>esse,</strong></span> <span class='ocrx_word' id='word_1_258' title='bbox 423 3235 493 3300; x_wconf 89' lang='lat' dir='ltr'><strong>ideo</strong></span> <span class='ocrx_word' id='word_1_259' title='bbox 515 3247 587 3300; x_wconf 82' lang='lat' dir='ltr'><strong>etant</strong></span> <span class='ocrx_word' id='word_1_260' title='bbox 609 3234 797 3300; x_wconf 81' lang='lat' dir='ltr'><strong>ordinabilee</strong></span> <span class='ocrx_word' id='word_1_261' title='bbox 821 3235 854 3300; x_wconf 92' lang='lat' dir='ltr'><strong>in</strong></span> <span class='ocrx_word' id='word_1_262' title='bbox 877 3234 1142 3321; x_wconf 69' lang='lat' dir='ltr'><strong>praedicamentm</strong></span> 
     </span>
     <span class='ocr_line' id='line_1_37' title="bbox 213 3322 1140 3412; baseline -0.002 -22"><span class='ocrx_word' id='word_1_263' title='bbox 213 3338 248 3403; x_wconf 90' lang='lat' dir='ltr'><strong>et</strong></span> <span class='ocrx_word' id='word_1_264' title='bbox 266 3337 392 3412; x_wconf 78' lang='lat' dir='ltr'><strong>propter</strong></span> <span class='ocrx_word' id='word_1_265' title='bbox 413 3324 474 3388; x_wconf 88' lang='lat' dir='ltr'><strong>hoc</strong></span> <span class='ocrx_word' id='word_1_266' title='bbox 495 3323 650 3388; x_wconf 82' lang='lat' dir='ltr'><strong>invenitur</strong></span> <span class='ocrx_word' id='word_1_267' title='bbox 678 3322 711 3387; x_wconf 87' lang='lat' dir='ltr'><strong>ia</strong></span> <span class='ocrx_word' id='word_1_268' title='bbox 733 3323 777 3392; x_wconf 81' lang='lat' dir='ltr'><strong>eia</strong></span> <span class='ocrx_word' id='word_1_269' title='bbox 811 3342 920 3410; x_wconf 77' lang='lat' dir='ltr'><strong>genus,</strong></span> <span class='ocrx_word' id='word_1_270' title='bbox 952 3323 1071 3411; x_wconf 77' lang='lat' dir='ltr'><strong>speclea</strong></span> <span class='ocrx_word' id='word_1_271' title='bbox 1108 3337 1140 3388; x_wconf 87' lang='lat' dir='ltr'><strong>et</strong></span> 
     </span>
    </p>
   </div>
   <div class='ocr_carea' id='block_1_7' title="bbox 158 3443 685 3588">
    <p class='ocr_par' dir='ltr' id='par_1_8' title="bbox 158 3443 685 3588">
     <span class='ocr_line' id='line_1_38' title="bbox 267 3443 685 3513; baseline 0.012 -16"><span class='ocrx_word' id='word_1_272' title='bbox 267 3443 306 3513; x_wconf 79' lang='lat' dir='ltr'><strong>(l)</strong></span> <span class='ocrx_word' id='word_1_273' title='bbox 325 3444 463 3513; x_wconf 75' lang='lat' dir='ltr'><strong>Absoluta,</strong></span> <span class='ocrx_word' id='word_1_274' title='bbox 477 3445 495 3498; x_wconf 84' lang='lat' dir='ltr'><strong>i.</strong></span> <span class='ocrx_word' id='word_1_275' title='bbox 512 3459 536 3496; x_wconf 88' lang='lat' dir='ltr'><strong>e.</strong></span> <span class='ocrx_word' id='word_1_276' title='bbox 553 3449 685 3512; x_wconf 68' lang='lat' dir='ltr'><strong>seperate·</strong></span> 
     </span>
     <span class='ocr_line' id='line_1_39' title="bbox 158 3514 608 3588; baseline -0.002 -20"><span class='ocrx_word' id='word_1_277' title='bbox 158 3517 161 3524; x_wconf 87' lang='lat'>&#39;</span> <span class='ocrx_word' id='word_1_278' title='bbox 265 3514 306 3587; x_wconf 60' lang='grc' dir='ltr'><strong>(ἢ)</strong></span> <span class='ocrx_word' id='word_1_279' title='bbox 323 3514 400 3588; x_wconf 70' lang='lat' dir='ltr'><strong>Ejus,</strong></span> <span class='ocrx_word' id='word_1_280' title='bbox 418 3517 437 3570; x_wconf 91' lang='lat' dir='ltr'><strong>i.</strong></span> <span class='ocrx_word' id='word_1_281' title='bbox 455 3531 479 3570; x_wconf 81' lang='lat' dir='ltr'><strong>c.</strong></span> <span class='ocrx_word' id='word_1_282' title='bbox 496 3516 608 3568; x_wconf 76' lang='lat' dir='ltr'><strong>mimae.</strong></span> 
     </span>
    </p>
   </div>
   <div class='ocr_carea' id='block_1_8' title="bbox 0 0 1255 3975">
    <p class='ocr_par' dir='ltr' id='par_1_9' title="bbox 0 0 1255 3975">
     <span class='ocr_line' id='line_1_40' title="bbox 0 0 1255 3975; baseline 0 0"><span class='ocrx_word' id='word_1_283' title='bbox 0 0 1255 3975; x_wconf 95' lang='lat' dir='ltr'><strong> </strong></span> 
     </span>
    </p>
   </div>
  </div>
 </body>
</html>
