2484 3975
222 222 266 289 Si
510 244 576 296 um.
600 244 638 290 tv.
662 244 726 290 cir.
749 243 819 289 mu.

224 332 309 389 mus·
334 325 366 379 et
387 328 424 377 ex
448 312 514 400 ipso
538 333 650 397 graeco
672 327 799 401 apparet
820 309 906 398 quod
938 309 998 376 tos
1019 307 1153 375 deser·

225 400 320 467 tituto
344 402 451 466 latriae
475 401 709 488 intelligendum
733 416 789 476 ost,
811 420 891 487 quse
913 400 971 465 soli
1003 398 1071 465 Deo
1093 398 1154 465 de-

225 489 327 555 betur.
351 490 402 555 Est
426 491 519 575 igitur
538 490 670 579 Spiritus
692 491 822 557 Suuotus
852 509 942 556 verus
978 487 1076 567 Deus,
1096 488 1154 553 oui

225 578 314 647 latria
342 578 483 645 debetur.

231 698 249 711 ··
293 667 413 745 Adhuc,
436 666 635 733 Sanctillrum
657 667 799 733 homines
822 665 982 753 proprium
996 664 1054 730 Dei
1069 683 1154 751 opus

227 767 284 821 est:
307 755 534 821 diciturenim:
557 756 620 841 Epo
645 757 806 833 Dominus,
828 758 881 840 pui
902 755 1062 838 mortifico
1083 772 1154 831 uos,
1224 761 1225 798 t

226 840 335 919 levit,
358 844 411 922 AS,
436 844 466 911 9.
491 845 541 910 Est
563 859 667 910 sutem
694 845 825 931 Spiritus
848 844 977 909 Sanctus
999 843 1053 929 qui
1077 862 1155 908 sau·

229 933 351 1012 utillouu
374 932 446 997 dicit
469 934 553 998 enim
575 934 751 1019 Apostolus:
780 932 888 998 Atturt
925 932 1039 1009 estis...
1077 951 1154 995 ruu-

227 1022 354 1110 rtipiroti
374 1024 487 1087 ostis...
504 1023 672 1107 justificati
693 1022 777 1101 estis,
798 1022 832 1086 iu
865 1023 987 1085 uomiue
1023 1019 1156 1085 Domini

228 1112 328 1175 rostri
349 1110 421 1175 loru
446 1110 569 1189 Christi,
593 1122 621 1175 ot
642 1114 675 1175 iu
699 1110 817 1195 Spiritu
830 1110 888 1175 Dei
898 1109 1038 1187 uostri‚l
1069 1107 1157 1187 Cor„

231 1200 263 1277 6,
287 1199 347 1277 tt;.
361 1209 391 1263 et
413 1198 535 1265 dieitur:
561 1200 650 1281 Quod
673 1201 798 1285 eloporit
817 1219 872 1264 uos
888 1199 971 1263 Dour
991 1197 1154 1282 primitius

228 1288 262 1351 iu
284 1289 426 1365 sulutem,
447 1289 480 1351 iu
501 1292 743 1376 sauctifiootiotre
765 1290 895 1372 spiritur
908 1299 937 1351 ot
957 1287 992 1351 iu
1011 1286 1077 1370 side
1097 1306 1153 1351 uo-

228 1377 343 1453 ritulis,
366 1376 396 1441 A.
421 1375 573 1457 Thessal,
596 1380 629 1459 A,
654 1378 707 1445 tr.
731 1377 857 1465 Oportet
879 1378 972 1462 igitur
1001 1374 1153 1461 Spiritum

232 1462 379 1529 Sanctum
404 1464 505 1530 Deum
529 1486 607 1533 esse.

297 1553 446 1639 Amplius,
468 1554 552 1621 Siout
574 1558 635 1621 vitu
670 1567 799 1620 naturae
832 1551 973 1639 corporis
1011 1563 1057 1617 ost
1094 1570 1154 1636 per

232 1642 381 1713 unimam,
404 1642 529 1709 ituvitu
558 1642 693 1728 justitiae
732 1644 826 1731 ipsius
864 1643 986 1709 animae
1015 1652 1061 1705 ost
1093 1658 1155 1725 per

233 1728 347 1808 Deum;
371 1730 454 1796 unde
477 1730 628 1799 Dominus
650 1732 733 1798 dicit:
757 1732 843 1797 Siout
864 1731 950 1796 misit
976 1748 1026 1793 mr
1046 1728 1154 1792 rivom
1224 1763 1225 1788 t

233 1818 339 1897 Potor,
355 1830 385 1883 ot
405 1840 458 1905 epo
480 1822 548 1885 uiuo
566 1834 697 1906 propter
711 1820 891 1899 Putrem30t
909 1819 963 1904 qui
984 1817 1155 1882 munducat
1224 1863 1225 1878 2

233 1926 295 1983 mo,
317 1908 433 1992 etipse
454 1909 535 1974 uiuet
554 1922 684 1996 proptor
704 1930 763 1988 me,
785 1910 906 1990 losum,
928 1908 960 1986 6,
975 1904 1155 1991 tuttujus-

234 1996 320 2061 modi
343 2011 446 2062 sutem
469 1999 530 2062 vitu
546 2012 592 2064 est
615 1998 840 2086 perspiritum
874 2000 1032 2074 Sunutum3
1069 1996 1158 2060 uude

233 2084 384 2150 subditur:
410 2085 545 2170 Spiritus
567 2099 623 2167 est,
645 2090 698 2175 oui
730 2089 875 2175 uiuifirot,
908 2087 996 2162 thid„
1025 2081 1087 2162 ,ou
1122 2098 1155 2150 ot

234 2173 308 2238 dicit
329 2174 502 2262 Apostolus:
530 2174 564 2240 Si
585 2178 714 2261 spiritus
745 2177 830 2262 facto
861 2177 964 2242 caruit
986 2173 1156 2259 mortifico·

233 2263 350 2342 ueritis,
372 2263 490 2342 uiuitis,
513 2264 613 2345 Rom,
636 2265 671 2340 8,
696 2266 748 2331 to.
772 2265 904 2352 Spiritus
925 2282 1002 2348 ergo
1024 2261 1158 2328 Suuotus

236 2349 359 2419 diuinae
381 2366 509 2418 naturae
531 2366 587 2420 est.

301 2439 473 2520 Praetereo,
495 2441 649 2508 Dominus
670 2441 701 2508 iu
739 2454 963 2526 argumentum
994 2457 1071 2504 suso
1106 2438 1154 2506 di·

233 2525 368 2594 uinitatis
390 2542 496 2594 ouutm
518 2531 663 2610 ludaeos,
686 2532 740 2618 qui
762 2531 913 2596 sustinere
924 2549 987 2595 nou
1009 2538 1154 2614 poterunt

235 2628 270 2680 ut
291 2637 324 2682 se
347 2616 507 2704 aequalem
530 2620 598 2686 Deo
620 2619 745 2697 laceret,
768 2622 876 2684 usserit
897 2618 928 2682 in
955 2638 990 2682 se
1010 2635 1079 2681 osse
1103 2635 1154 2682 re·

239 2705 403 2770 msoitundi
436 2709 591 2788 virtutem,
624 2709 743 2774 diceus:
779 2707 863 2772 Siout
899 2706 994 2772 Pater
1024 2707 1157 2770 suscitat

237 2804 376 2858 mortuos
398 2804 428 2858 rt
446 2797 591 2884 vivificat,
612 2797 658 2862 sio
679 2807 710 2861 et
731 2797 830 2861 Filius
849 2795 1158 2882 puosoultuiuifiout,

125 2927 133 2971 5
240 2881 364 2956 losum,
387 2881 418 2961 5,
442 2884 495 2950 tt.
518 2884 620 2953 Virtus
642 2897 746 2950 sutem
769 2885 974 2950 resuscitatur
997 2884 1036 2951 ad
1058 2883 1158 2968 Spiri-

237 2983 308 3034 tum
330 2969 476 3036 Sanctum
500 2975 641 3059 pertinet;
662 2971 736 3038 dicit
764 2974 847 3038 euim
870 2971 1040 3059 Apostolus:
1065 2973 1157 3050 Quod

240 3059 270 3122 ri
291 3059 420 3143 spiritus
442 3063 506 3144 eJ‘ur
527 3063 580 3146 qui
601 3061 761 3128 suscitavit
780 3062 883 3126 iesum
905 3081 927 3125 o
947 3061 1077 3126 mortuis
1096 3060 1157 3125 lto·

232 3146 319 3212 ltitot
338 3148 372 3212 iu
393 3149 489 3228 uobis,
510 3153 563 3234 qui
576 3151 848 3218 ruroimuitierum
862 3151 1018 3215 Christum
1039 3168 1155 3215 amor·

240 3236 301 3302 tuis
323 3237 488 3326 vivificabit
502 3251 531 3303 et
552 3242 702 3306 mortalia
726 3260 857 3324 corpora
891 3250 1007 3318 veruo,
1025 3249 1157 3324 propter

238 3324 462 3392 iulrubituutem
487 3328 637 3412 Spiritum
652 3331 717 3414 ojus
737 3332 771 3392 iu
793 3329 891 3404 uoltis,
923 3327 1023 3408 llum,
1044 3327 1077 3409 8,
1100 3327 1155 3394 ll.

240 3412 373 3502 Spiritus
396 3435 470 3501 ergo
493 3417 621 3482 Surtotus
645 3430 691 3482 est
712 3417 834 3482 divinae
854 3430 993 3482 naturae.

305 3503 391 3584 ltem,
414 3505 534 3570 Creutiu
556 3504 651 3572 solius
672 3506 731 3572 Dei
753 3515 831 3592 opus
861 3519 919 3586 est,
939 3519 972 3571 ut
1005 3525 1102 3593 supru
1120 3527 1157 3574 o-
