2484 3975
383 230 421 275 ne
444 230 517 275 eura
540 230 576 274 rr
591 227 728 277 assenrut
952 212 1018 277 att

103 298 274 366 universalia
297 298 509 366 definitionem
533 320 595 365 non
620 299 755 370 nabere:
769 299 793 364 si
818 300 948 368 essentia
971 318 1018 368 est

102 388 131 453 id
159 389 241 471 quod
265 409 321 475 per
343 389 556 453 definitionem
579 386 780 472 significatur.

159 478 192 542 Et
214 478 285 543 ideo
307 478 469 543 selendum
492 491 538 543 est
560 476 645 563 quod
670 476 796 541 materia
811 497 871 541 non
885 497 1017 564 quomo·

98 565 207 632 delibet
229 580 353 651 accepta
376 581 422 631 est
445 566 629 652 principium
665 565 925 642 indiuiduationis,
962 568 1017 633 sed

97 656 190 721 solum
213 655 341 721 materia
364 656 482 741 signata
507 657 568 742 (l).
592 656 627 720 lit
650 654 719 719 dico
731 657 891 721 materiam
915 658 1016 741 aigua-

144 812 180 879 (Ι)
198 812 314 867 Materia
329 815 444 882 signato.
463 811 618 879 Huiusmodi
637 812 747 865 materia
764 826 832 879 quae
858 815 1017 885 principium

94 885 303 939 individuctionis
318 884 394 951 juxta
414 884 440 937 S.
458 882 585 937 'ihomam
604 882 730 950 habetur,
753 883 850 935 dicitnr
878 888 956 938 etiam
983 888 1018 941 alt

93 959 148 1028 ipsu
164 956 276 1009 Doctore
293 959 405 1008 materia
421 959 531 1024 propria
550 956 695 1020 individui,
725 958 837 1009 materia
867 960 1016 1027 assignato,

95 1031 204 1081 materia
221 1030 268 1080 ruit
285 1029 361 1080 cerlis
379 1025 595 1080 dimensionibus.
613 1028 689 1095 Qatnu
709 1024 802 1090 verba,
823 1029 893 1095 apud
924 1029 1018 1082 thomi·

92 1107 152 1166 stas,
169 1114 221 1150 non
238 1099 329 1152 eodem
343 1098 420 1150 modo
437 1098 628 1168 intelliguntur.
646 1097 784 1150 Sciendum
804 1105 842 1151 est
854 1100 922 1152 enim
936 1102 1016 1170 quod,

92 1188 148 1225 cum
166 1170 331 1223 individuum
350 1170 418 1222 dicat
437 1171 501 1230 duo,
520 1171 615 1223 scilieet
635 1169 849 1222 indistinctuma
879 1188 907 1223 se
933 1179 959 1225 et
978 1175 1017 1226 di-

93 1245 215 1297 slinctum
235 1243 268 1294 ab
287 1242 355 1302 aliis,
377 1241 516 1295 thomistae
532 1241 641 1311 quidam
660 1242 832 1309 tenentquod
847 1252 1016 1312 aggregatum

90 1330 121 1367 ex
139 1313 246 1365 materia
259 1321 286 1366 et
298 1316 446 1381 quantitate
463 1314 498 1365 sit
515 1313 685 1364 intrinsecum
700 1312 856 1383 principium
868 1316 1016 1369 individua·

91 1388 175 1451 tionis,
183 1385 293 1437 materia
307 1384 386 1436 darete
400 1384 717 1436 incommunicabilitatem
743 1384 798 1434 sire
813 1385 1015 1446 ¹distinelioneru

89 1457 116 1509 in
130 1473 168 1518 se,
192 1456 342 1524 quantitate
360 1471 423 1507 uero
441 1456 521 1507 dante
539 1456 731 1509 distinctionem
763 1456 797 1507 ab
816 1457 882 1523 aliis3
911 1464 937 1509 et
966 1461 1017 1513 tale

89 1537 258 1597 aggregatum
278 1528 369 1578 dicunt
387 1542 442 1579 esse
460 1528 596 1579 materiam
615 1527 753 1594 signatam.
776 1526 827 1579 Alii
855 1544 927 1595 verri,
947 1530 1016 1583 inter

86 1613 152 1671 quos
169 1594 322 1670 cajetanus,
340 1604 446 1649 cettsent
466 1598 601 1650 materiam
619 1598 748 1665 signatam
767 1597 831 1650 nihil
861 1601 931 1653 aliud
960 1617 1016 1655 esse

86 1683 166 1739 quam
186 1672 320 1721 materiam
340 1684 460 1738 capacem
480 1669 559 1736 huius
577 1668 733 1737 quantitatis
756 1668 793 1720 ita
822 1670 892 1736 quod
911 1674 1016 1724 nonsit

84 1754 168 1810 capax
185 1741 263 1793 illius.
283 1764 297 1789 a
316 1741 514 1807 imaginandum
533 1747 572 1791 est
582 1740 665 1802 enim,
686 1741 771 1807 inquil
783 1738 1014 1815 Cajetanuqquod

85 1828 167 1880 agens
185 1814 354 1882 particulare,
372 1819 436 1881 puta
455 1812 504 1864 hoc
520 1826 618 1876 semem
637 1812 758 1864 continue
789 1813 943 1882 appropriat
961 1830 1016 1867 ma·

85 1884 179 1936 teriam
198 1884 232 1935 ad
255 1884 365 1936 formam
382 1883 557 1935 inducendam
575 1881 624 1934 hoe
641 1883 718 1934 modo
736 1883 818 1953 quod.
837 1883 904 1937 sieut
927 1900 1015 1937 semen

85 1953 232 2007 humanum
251 1954 406 2026 appropriat
424 1956 559 2008 materiam
587 1954 619 2007 ad
653 1954 765 2008 animam
795 1954 947 2014 humanam.
979 1958 1015 2010 itu

83 2026 134 2079 hoe
152 2043 240 2079 semen
254 2028 287 2080 ad
307 2027 372 2078 hane
390 2028 512 2078 animam.
532 2045 545 2074 u
568 2025 600 2078 lit
616 2027 654 2078 sie
672 2028 782 2079 materia
806 2028 832 2078 in
861 2043 913 2096 qua
942 2044 1016 2098 repe·

82 2098 164 2164 titur,
183 2113 235 2150 non
254 2099 360 2168 quidem
379 2099 514 2166 quantitas
534 2098 720 2165 determinata,
739 2097 784 2150 sed
802 2113 874 2150 mera
899 2100 1014 2166 poteritis

82 2184 133 2220 seu
151 2171 281 2238 capacitas
299 2166 489 2239 appropriaudi
508 2169 569 2222 huic
586 2169 629 2220 vel
653 2169 690 2221 illi
721 2169 857 2222 individuo
886 2170 954 2222 hanc
973 2172 1015 2222 tel

81 2240 155 2292 illam
175 2243 363 2308 quantitatem.
381 2247 420 2292 est
439 2240 547 2292 materia
565 2240 678 2302 signata.
701 2259 714 2288 u
734 2241 765 2293 Et
790 2249 939 2311 propterea,
959 2257 1016 2310 per·

80 2310 121 2377 git
142 2311 295 2380 CapetanuS,
313 2313 339 2363 S.
359 2311 474 2364 'l'ltomas
493 2327 546 2363 non
564 2311 631 2362 dixit
650 2313 785 2363 materiam
814 2313 941 2378 signatam
963 2329 1016 2364 ma·

77 2381 176 2436 teriam
195 2401 252 2435 curn
264 2386 343 2436 certis
361 2381 574 2445 dimensionibus,
592 2382 637 2434 sed
657 2385 704 2434 sul
713 2384 790 2434 certis
799 2383 1014 2436 dimensionibus.

77 2452 114 2508 Et
134 2453 196 2504 alibi
214 2454 285 2507 dicit:
304 2453 412 2506 Materia
432 2455 459 2506 in
477 2454 570 2505 ordine
587 2453 621 2505 ad
642 2453 707 2505 hanc
727 2455 853 2506 velillum
880 2455 1015 2523 quantita·

77 2530 136 2575 tem
152 2523 290 2592 distinguit
308 2526 479 2578 numeraliter
497 2525 524 2576 in
542 2524 623 2576 rebus
647 2525 821 2581 naturalibus.
850 2524 923 2577 Unde
942 2531 1015 2594 patet

74 2595 154 2664 quod
173 2599 281 2650 materia
298 2599 399 2665 signata
419 2613 471 2648 non
490 2602 538 2657 est,
550 2595 621 2664 apud
641 2595 668 2648 S.
687 2593 824 2660 Thomam‚
843 2604 1013 2664 aggregatum

75 2681 112 2720 ex
132 2668 243 2719 materia
263 2675 290 2719 et
308 2669 462 2739 quantitate.
481 2666 526 2718 sed
546 2663 655 2718 materia
673 2682 755 2736 capax
776 2666 856 2734 hujus
883 2668 1015 2738 quantita·

73 2738 111 2788 tis
132 2738 169 2789 ita
189 2740 260 2807 quod
279 2755 330 2791 non
349 2739 384 2790 sit
402 2753 484 2808 capax
503 2738 572 2790 illins
590 2756 616 2788 n.

133 2809 309 2862 Suetistarum
329 2810 432 2878 positio,
451 2809 484 2861 de
501 2809 591 2869 eadem
610 2809 773 2877 quaestione,
791 2807 854 2860 haec
872 2816 919 2861 est.
940 2809 1016 2862 Prin·

72 2880 178 2948 cipium
197 2881 412 2934 indiuiduutionis
431 2896 482 2932 nou
501 2886 549 2948 eut¹
558 2880 668 2933 materia
688 2895 734 2930 nec
752 2878 835 2931 formu
855 2895 901 2932 nee
931 2897 1015 2950 quun·

74 2952 156 3013 titas,
177 2952 221 3005 scd
242 2952 389 3022 proprietas
406 2949 585 3017 individualis,
608 2952 705 3004 scilicet
734 2950 884 3004 haeeeeltas.
915 2950 1014 3008 Contra

72 3021 147 3074 hane
164 3023 272 3088 scolam,
290 3027 359 3074 inter
386 3022 513 3092 plurimas
543 3021 666 3087 rationes,
691 3021 739 3074 hoe
766 3021 841 3074 eruent
871 3021 1015 3090 (lajetanus

72 3102 275 3160 argumentum:
299 3113 312 3142 ι
330 3093 423 3146 Omnis
441 3100 514 3145 aetus
532 3094 673 3160 singularis
696 3093 840 3163 praeexigit
870 3097 1013 3163 potentiam

71 3165 241 3231 singularem
260 3180 340 3234 quam
360 3172 458 3228 actuat;
476 3164 522 3216 sed
541 3163 684 3216 haecceitas
703 3169 741 3216 est
769 3171 842 3216 aetus
860 3165 1013 3234 singularite

69 3249 142 3299 ergo
161 3237 307 3303 praeexigit
325 3237 468 3305 potentiam
485 3235 645 3302 singularem
664 3251 743 3303 quam
763 3242 860 3298 actuat3
885 3237 931 3288 sed
949 3237 1014 3290 haec

68 3306 198 3373 potentia
217 3313 257 3358 est
276 3323 291 3358 a
310 3314 407 3359 natura
424 3321 474 3358 seu
493 3307 520 3357 in
549 3313 644 3358 natura
670 3308 752 3375 ipsius
779 3307 918 3372 indiuidui3
950 3323 1014 3377 erga

69 3383 176 3428 natura
195 3377 323 3428 individui
342 3384 380 3430 est
399 3376 539 3444 singularis
548 3382 609 3429 ante
628 3377 770 3430 adventum
795 3375 968 3446 haeceeitutis3
986 3388 1015 3436 et

65 3446 109 3498 sic
130 3446 277 3500 laaeeceitas
297 3464 348 3499 non
361 3455 401 3501 est
409 3449 567 3517 principium
586 3448 838 3504 indiuiduationis·a
853 3448 1013 3520 (Commeat.

64 3517 98 3572 lu
119 3516 215 3574 Tract.
232 3520 264 3572 de
280 3517 346 3572 Bate
369 3526 394 3573 ct
412 3519 555 3589 durentia).
