2484 3975
231 235 297 302 550
605 256 774 302 orrscucurt
821 269 824 273 ²
881 265 886 278 ·

169 336 172 350 ·
228 329 311 392 laune
332 337 470 390 errorem
493 349 527 392 sc
550 328 751 413 assumpsisse
773 323 952 408 glorientur,
982 324 1044 392 ulai
1067 323 1152 390 lotte

228 416 298 500 quia
322 415 424 480 miuus
446 415 551 482 volout
573 435 645 482 cum
667 414 795 481 caeteris
818 414 1023 500 peripateticis
1061 428 1151 479 recte

226 523 335 590 sapere
356 523 449 591 quam
473 524 542 570 eum
566 504 721 570 livenhoe
743 503 898 579 aberrare,
920 504 973 589 qui
996 522 1061 568 uon
1084 517 1149 568 tam

226 592 283 658 luit
306 593 520 679 peripateticus
556 613 649 680 quam
683 591 899 680 peripateticae
932 590 1152 679 philosophiae

227 681 423 768 depravator.

293 767 423 836 Ostensa
446 769 547 856 igitur,
570 791 607 836 er
631 770 732 836 uerbis
755 768 975 836 Aristoteliam
1014 767 1151 834 aliorum

229 858 424 943 sequentium
445 859 558 945 ipsum,
580 859 663 946 quod
686 857 856 934 intellectus
869 869 914 922 est
930 856 1066 943 potentia
1082 856 1149 921 ani·

231 965 300 1012 mac
321 966 401 1034 quae
422 961 469 1014 est
491 949 630 1035 corporis
663 947 773 1024 forma,
805 948 876 1013 licet
911 945 978 1032 ipsa
1009 947 1150 1030 potentia

231 1053 311 1118 quae
333 1049 379 1100 est
401 1036 573 1105 intellectus
594 1038 720 1104 nonsit
740 1035 869 1122 alicujus
905 1034 1013 1118 organi
1051 1045 1151 1109 actos,

231 1123 302 1207 quia
324 1123 399 1190 nihil
422 1126 517 1212 ipsius
540 1125 714 1213 operationi¹
733 1124 939 1192 communicat
976 1121 1150 1208 corporalia

229 1213 375 1298 operatio,
397 1227 430 1282 ut
451 1214 628 1282 Aristoteles
650 1213 732 1292 dicit,
769 1210 985 1300 inquirendum
1010 1222 1069 1287 est,
1092 1229 1149 1296 per

228 1301 371 1376 rationes,
394 1301 467 1390 quid
490 1306 570 1370 eirca
594 1305 653 1370 laoc
674 1303 788 1370 sentire
808 1304 849 1368 sit
870 1319 1006 1366 necesse.

293 1388 327 1456 Et
342 1390 424 1476 quia,
445 1392 615 1462 secuudum
639 1392 810 1458 domrinam
833 1387 1010 1463 aristotelis,
1024 1401 1150 1473 oportet

227 1497 264 1543 ex
285 1479 403 1546 actibus
424 1481 572 1568 principia
607 1494 732 1548 actuum
765 1479 972 1555 cottsiderare,
1005 1496 1044 1540 ex
1078 1476 1150 1562 ipso
1230 1524 1231 1539 a

225 1580 294 1638 actu
315 1568 442 1655 quidem
467 1570 591 1656 proprio
616 1569 797 1650 intellectus,
816 1568 869 1654 qui
893 1581 939 1632 est
963 1564 1148 1648 intelligere,
1230 1566 1231 1573 ’

226 1657 325 1738 primo
348 1656 407 1723 hoc
425 1658 688 1726 considerandum
710 1656 841 1737 videtur,
863 1656 894 1722 iu
931 1674 994 1740 quo
1026 1652 1148 1718 nullam

227 1744 395 1812 firmiorem
418 1748 569 1812 rationem
593 1747 709 1812 habere
730 1762 895 1833 possumus
916 1763 953 1808 ea
969 1761 1064 1827 quam
1081 1740 1147 1806 Ari·

227 1833 349 1900 atotcles
373 1835 468 1921 ponit,
490 1849 520 1900 et
543 1836 587 1902 sic
608 1847 849 1919 argumentatur:
871 1833 980 1898 Anima
1003 1842 1050 1895 est
1063 1830 1148 1916 prio·

227 1923 338 2009 cipium
363 1943 424 2011 quo
447 1925 576 1991 vivimus
598 1937 629 1989 et
652 1923 860 2010 intelligimus
889 1941 966 2005 ergo
1000 1933 1030 1984 et
1066 1918 1146 1989 ratio

227 2012 378 2095 quaedam
402 2026 431 2079 et
453 2014 569 2101 specics
592 2012 911 2099 eorporiacujusdam.
929 2009 1056 2075 Etadeo
1072 2007 1146 2078 ltuic

168 2112 170 2126 ·
227 2101 336 2167 rationi
358 2102 495 2169 innititur
517 2102 599 2187 quod
621 2122 693 2167 eam
715 2102 788 2167 dicit
809 2122 877 2167 esse
906 2094 1146 2163 demonstratio·

227 2208 310 2266 uem;
333 2210 404 2255 uam
427 2192 457 2257 in
481 2191 630 2277 principio
652 2190 777 2276 capituli
801 2190 868 2275 (de
882 2187 1002 2264 duima,
1023 2186 1058 2259 2,
1073 2197 1145 2249 tert.

226 2297 340 2345 comm.
364 2276 429 2360 ll)
452 2280 496 2345 sic
518 2279 599 2344 dicit:
629 2307 645 2337 ι
666 2278 733 2345 tlon
756 2279 840 2345 cuim
861 2277 963 2344 solum
985 2272 1071 2359 quud
1088 2272 1147 2337 oli·

226 2366 299 2450 quid
323 2380 368 2433 est
405 2381 525 2455 oportet
562 2367 751 2433 delinitlvam
787 2368 935 2433 rationem
969 2361 1147 2446 ostendere,

224 2458 302 2520 sicut
324 2454 428 2542 plures
448 2456 652 2523 terminorum
663 2456 781 2533 dicunt,
791 2456 845 2521 sed
858 2469 887 2522 et
903 2473 1027 2519 eausam
1043 2452 1146 2515 inesse

224 2560 253 2607 et
275 2544 487 2613 demonstrare
509 2568 540 2624 ²3
564 2559 594 2610 et
617 2546 703 2631 ponit
725 2545 912 2631 cantuplum:
947 2570 962 2601 ι
983 2540 1070 2604 Sicut
1091 2539 1146 2603 de·

223 2646 411 2700 monstratur
432 2634 514 2721 quod
526 2648 572 2699 est
587 2634 824 2717 tetragonismus
835 2627 1144 2719 (idestquadtatum)

223 2742 278 2805 per
301 2722 506 2789 inventionem
529 2721 651 2787 mediae
665 2722 765 2789 lineae
776 2719 1010 2808 proportionalis
1032 2715 1143 2781 ».Vir·

223 2824 271 2875 tus
309 2822 412 2877 autem
447 2812 538 2897 hujus
572 2809 842 2877 demonstrationis
875 2824 905 2876 et
939 2804 1143 2872 insolubilitas

223 2912 359 2985 apparet,
382 2900 452 2986 quia
476 2900 662 2985 quicumque
684 2900 724 2965 alt
747 2900 804 2965 hac
830 2899 881 2963 uia
915 2897 1067 2963 divertere
1090 2912 1144 2957 vo-

223 2987 313 3052 lucrit
337 3008 461 3053 necesse
483 2988 576 3055 habet
592 2989 810 3053 inconveniens
820 2987 932 3053 dicere.
947 2980 1141 3049 llaoilestum

223 3087 268 3141 ast
291 3077 373 3143 cuim
397 3076 480 3162 quod
503 3077 553 3143 hic
575 3078 671 3143 homo
700 3076 863 3162 singularis
886 3072 1037 3157 intelligia
1058 3090 1141 3135 nuo·

222 3182 314 3250 quam
338 3166 420 3231 euim
444 3166 483 3231 de
522 3166 679 3231 intellectu
708 3184 948 3252 quaereremus;
968 3180 1037 3238 oce,
1068 3178 1141 3225 eum

221 3252 399 3337 quaerimus
422 3254 461 3319 de
483 3254 648 3331 intellectu,
671 3254 711 3321 de
725 3255 786 3319 alio
799 3253 950 3341 principio
961 3249 1141 3335 quaerimus

222 3362 315 3428 quam
338 3342 377 3408 de
400 3363 438 3408 eo
459 3362 521 3427 quo
544 3364 600 3409 uos
623 3343 831 3429 intelligimus
853 3340 936 3406 unde
958 3353 989 3403 et
1026 3336 1140 3399 Aristo·

221 3430 295 3496 'seles
318 3430 399 3496 dicit:
430 3430 543 3497 «Dico
566 3442 667 3497 autem
696 3430 886 3497 intellectum
909 3447 971 3514 quo
999 3423 1140 3509 iutelligit

222 3518 321 3581 anima
345 3522 375 3584 ι’.
400 3518 560 3584 Concludit
582 3536 685 3586 autem
708 3522 751 3586 sie
775 3518 959 3597 Aristoteles,
984 3511 1091 3601 quod,
1113 3512 1142 3593 ai
