2484 3975
223 211 288 279 m
421 277 424 287 ,
510 230 859 280 mmmmm

219 304 329 367 t'estum
353 311 398 365 eat
421 312 523 364 autem
548 300 631 385 quod
660 301 800 367 ciborum
835 318 908 363 usus
943 295 1137 385 corruptibib

218 390 296 455 ritae
319 388 462 453 deservit:
485 388 523 452 ad
543 390 607 453 lroe
640 390 725 455 enim
758 392 844 457 eibos
878 387 1066 451 assumimus
1101 400 1138 451 ut

217 478 373 565 corruptio
396 497 475 562 quse
498 492 599 564 posset
623 479 810 546 aecidereex
833 477 1068 561 consumptione
1081 496 1137 539 na-

219 566 324 632 taralis
348 566 465 630 humidi
490 568 629 631 evitetur.
653 566 703 631 Est
726 570 819 633 etiam
843 569 874 633 in
913 565 1070 650 praesenti
1092 565 1138 627 ei-

218 655 330 720 burum
355 675 428 719 usus
451 656 641 721 necessarius
663 655 701 719 ad
725 668 937 741 augmentum,
960 653 1044 738 quud
1066 666 1138 737 post

219 744 475 809 resurrectionem
501 746 531 809 in
555 745 732 823 horninibus
756 766 818 810 non
842 745 910 816 erit,
937 744 1009 827 quia
1034 742 1134 805 bomi-

219 852 275 897 nes
298 834 329 898 in
353 832 455 897 debita
478 834 647 917 quantitate
671 848 842 919 resurgent,
866 848 899 896 ut
921 851 958 895 er
975 830 1063 895 dietis
1080 827 1092 909 l
1109 850 1137 895 o.

220 920 293 1007 81)
316 934 407 1008 patet.
430 921 576 987 Similiter
598 924 778 987 commistio
807 922 900 987 maris
932 932 964 984 et
1001 916 1136 983 feminee

220 1010 407 1096 corruptibili
434 1012 514 1073 vitae
537 1010 679 1089 deserriq
702 1012 862 1075 ordinatur
888 1009 972 1073 enim
1008 1007 1046 1070 ad
1081 1025 1136 1092 ge·

221 1100 421 1176 mistionem,
445 1118 500 1183 per
522 1118 614 1183 quam
639 1100 723 1185 quud
748 1113 932 1186 perpetuum
959 1096 1136 1161 conseruari

221 1206 283 1252 non
311 1199 410 1273 potest
433 1188 603 1253 seeundum
628 1188 820 1253 individuum
859 1188 889 1251 in
923 1188 1026 1271 speeie
1062 1204 1138 1249 eon·

220 1286 373 1339 seruatur.
395 1272 561 1344 Ostensum
585 1290 632 1341 est
654 1290 757 1342 autem
791 1276 844 1361 (c.
876 1275 949 1355 82)
981 1272 1065 1357 quod
1088 1292 1138 1336 re·

189 1424 193 1430 .
220 1363 410 1447 surgentium
435 1363 494 1429 vita
518 1365 756 1451 incorruptibilis
778 1368 845 1430 erit.
876 1363 943 1428 Non
978 1362 1071 1446 igitur
1105 1362 1137 1425 in

220 1452 451 1535 resurgentibus
474 1452 531 1517 erit
555 1454 695 1518 ciborum
709 1474 810 1540 raeque
836 1469 1138 1519 renerenrumusus.
1238 1495 1239 1500 η

234 1592 238 1602 .
287 1540 404 1620 Adbuc,
428 1540 494 1606 Vita
519 1545 745 1625 resurgentium
770 1564 832 1608 non
870 1542 972 1605 minus
994 1538 1137 1603 ordinata
1238 1549 1239 1552 ’

220 1626 277 1692 erit
300 1649 391 1715 quam
416 1649 559 1715 praesens
584 1632 655 1704 vita,
677 1631 733 1697 sed
757 1632 865 1717 magis,
888 1631 960 1715 quia
989 1628 1028 1691 ad
1052 1625 1136 1695 illam
1238 1637 1239 1652 ¹

220 1716 315 1786 ltomo
340 1718 505 1804 perveniet,
527 1720 594 1785 solo
617 1719 687 1784 Deo
708 1733 829 1805 agente;
851 1721 1046 1784 baneautem
1060 1734 1137 1780 eon·

223 1805 370 1890 sequitur,
394 1822 579 1895 cooperante
604 1822 722 1873 natura.
746 1809 807 1874 Sed
831 1811 861 1872 in
886 1808 945 1871 bae
970 1805 1028 1867 rita
1051 1805 1137 1869 oibo-

222 1914 292 1961 rum
315 1915 388 1959 usus
411 1896 570 1962 ordinatur
592 1897 633 1964 ad
654 1896 786 1982 aliquem
800 1896 905 1973 linem3
928 1892 967 1959 ad
982 1895 1138 1957 ltoeenim

221 1982 308 2048 cibus
330 1985 495 2052 assumitur
518 1999 552 2049 ut
573 2005 629 2073 per
650 1986 854 2072 digestionem
886 1995 1082 2050 eonvertatur
1105 1983 1137 2046 in

221 2091 343 2157 eorpus.
367 2073 398 2138 Si
422 2073 515 2157 igitur
536 2087 608 2140 tune
631 2077 689 2141 erit
710 2076 851 2140 eiborum
875 2091 958 2149 usus,
981 2072 1138 2156 oportebit

221 2161 304 2247 quod
329 2161 367 2225 ad
391 2164 450 2227 boe
472 2162 511 2227 sit
533 2163 616 2248 quod
641 2177 836 2230 eonvertatur
860 2164 891 2228 in
913 2180 1035 2246 eorpus.
1059 2158 1139 2225 Cum

225 2269 299 2334 ergo
323 2272 340 2315 a
363 2271 494 2337 corpore
517 2254 593 2318 nibil
617 2253 800 2331 resolvatur,
835 2271 874 2316 eo
908 2248 992 2337 quud
1026 2269 1143 2334 eorpus

222 2339 280 2404 erit
292 2339 534 2426 incorruptibile,
550 2342 706 2428 oportebit
717 2341 820 2406 dicere
831 2339 914 2427 quod
931 2353 1028 2404 totum
1053 2337 1140 2423 quod

223 2429 409 2492 convertitur
432 2449 469 2492 er
492 2430 783 2494 alimentotranseat
810 2431 841 2493 in
853 2441 1066 2513 augmentum.
1078 2425 1139 2490 tte

222 2529 327 2601 surget
347 2530 450 2581 autem
475 2518 569 2582 bomo
593 2519 623 2583 in
661 2518 764 2583 debita
787 2519 966 2605 quantitate,
989 2528 1139 2601 utsupra

208 2608 266 2688 .(e.
290 2604 360 2691 8t)
384 2605 499 2670 dietum
524 2619 579 2672 est.
604 2607 683 2691 Ergo
705 2610 864 2694 perveniet
886 2605 925 2670 ad
950 2603 1139 2668 immodera-

224 2705 285 2757 tum
302 2694 513 2780 quantitatem;
525 2695 727 2760 immoderata
739 2709 784 2761 est
795 2695 878 2760 enim
890 2698 1042 2780 quantitas
1058 2713 1141 2779 queo

225 2779 358 2847 debitam
382 2783 582 2870 quantitatem
613 2783 741 2850 excedit.

292 2870 440 2957 Amplius,
462 2871 563 2938 llomo
586 2890 751 2956 resurgens
773 2871 805 2936 in
843 2884 1027 2959 perpetuum
1050 2867 1141 2934 viret.

226 2957 284 3023 dut
305 2961 397 3044 igitur
419 2980 541 3048 semper
563 2961 634 3026 eibo
656 2975 768 3038 utetur,
791 2975 843 3024 aut
866 2957 1141 3045 nonsemper,sed

225 3068 282 3132 per
303 3050 426 3134 aliquod
450 3049 688 3114 determinatum
711 3062 842 3134 tempus.
864 3049 896 3114 Si
932 3061 1035 3113 autem
1058 3066 1141 3112 sem·

222 3156 279 3222 per
301 3139 370 3202 eibo
394 3151 593 3212 metonomia
611 3139 699 3203 cibus
720 3138 752 3202 in
764 3156 876 3224 eorpus
899 3156 1065 3204 conversus
1089 3137 1142 3214 ait,

223 3245 241 3288 a
263 3244 325 3309 quo
348 3225 424 3290 nibil
441 3227 614 3307 resolvitur,
631 3247 758 3292 neeesse
781 3228 921 3313 estquod
935 3240 1140 3310 augmentum

221 3311 311 3379 iaciat
333 3314 504 3380 seeundum
534 3315 668 3401 aliquam
703 3313 941 3381 dimensionem.
976 3312 1141 3400 Oportebit

220 3420 295 3485 ergo
319 3402 420 3466 dicere
443 3403 525 3488 quud
549 3423 662 3490 eorpus
684 3404 818 3470 bominis
834 3407 1021 3492 resurgentis
1043 3403 1075 3465 in
1090 3400 1142 3466 in-

222 3487 341 3554 linitum
366 3506 524 3575 dagentur,
547 3493 630 3579 quod
654 3511 806 3565 essenon
843 3508 953 3580 potest,
987 3492 1059 3579 quia
1081 3509 1142 3555 au·
