2484 3975
340 234 395 277 ern.
420 232 458 277 tv.
483 231 746 277 ctn.n1xrrr.rr
771 233 816 277 xc.
977 213 1042 279 om

119 322 193 391 pore
216 302 353 387 humano
377 301 547 366 remanebit
582 299 815 385 quodammodo
850 301 953 385 ligata.
988 322 1043 382 per

120 394 262 458 virtutem
285 392 418 465 animae,
442 410 482 455 ne
506 389 599 474 possit
617 389 647 453 in
671 403 774 454 netum
788 391 912 456 ulterius
925 390 1044 455 formae

119 480 236 547 reduci.
263 479 336 554 Sed
359 479 429 565 quie
454 478 670 543 domnrtorum
694 498 823 564 norpnrn
840 478 1042 564 quantumud

121 569 238 657 aliquus
262 568 454 634 conditiones
477 587 539 631 non
557 578 647 631 erunt
660 566 782 631 nnimne
798 567 931 633 totaliter
942 566 1043 653 subje-

120 672 177 734 ctu,
195 658 367 742 affligentur
388 654 559 721 seeundum
572 674 699 719 senenm
715 657 959 723 econtrarietete
974 676 1044 721 sen·

118 746 265 819 sibilium:
290 745 465 829 affligentur
478 744 561 809 enim
584 742 625 807 nb
649 743 720 827 igne
734 765 898 831 corporeo,
914 746 1043 830 iuquon·

118 848 182 901 tum
206 833 335 920 qualitas
359 834 447 917 ignis,
472 845 597 918 propter
619 832 665 897 sui
682 833 907 908 excellentium,
922 845 1043 899 eontra·

116 924 213 990 ritum
233 922 407 1008 aequalitati
425 920 647 1005 complexionis
662 933 694 985 et
710 921 890 991 hermoniae
906 934 1044 1007 quaeest

118 1012 221 1089 rennui
246 1009 463 1084 connaturalis,
486 1009 556 1075 lieet
578 1029 648 1075 enm
684 1009 804 1075 solvere
840 1032 903 1075 non
938 1012 1043 1096 possin

118 1122 181 1166 nnn
205 1114 308 1165 tomen
333 1100 400 1165 tuiis
424 1099 546 1165 afflietio
570 1098 706 1163 animum
735 1120 752 1163 n
777 1120 907 1185 corpore
931 1100 1044 1185 poterit

117 1210 271 1275 separare,
299 1210 369 1255 eum
396 1209 508 1272 eorpus
546 1207 670 1273 semper
705 1188 763 1253 eub
797 1188 908 1253 endem
942 1188 1043 1272 forme

118 1298 245 1345 neeesse
268 1292 306 1343 su
330 1296 503 1343 remanere.

184 1367 268 1432 Sicut
291 1380 392 1433 nutem
416 1384 545 1449 corporo
569 1363 731 1430 beatorum
755 1379 879 1452 propter
917 1366 1043 1430 innom-

117 1456 234 1521 tionem
259 1455 375 1539 gloriae
398 1475 488 1540 supra
513 1452 656 1517 coelestin
680 1475 810 1540 corporo
827 1454 1042 1533 eiernbuntur,

117 1546 158 1610 ito
182 1558 213 1609 et
235 1544 320 1608 loeus
344 1544 469 1609 iniimur
491 1555 521 1605 et
547 1542 729 1608 tenebrosus
752 1556 782 1608 et
806 1544 946 1629 poenalis
972 1564 1043 1629 pro·

16 1650 20 1661 ·
117 1632 331 1719 portionuJiter
363 1631 559 1717 deputabitur
593 1632 777 1718 corporibus
812 1632 1042 1711 damnatorum

119 1720 204 1787 unde
228 1734 258 1785 et
281 1720 400 1787 dieitur:
431 1720 538 1783 Veniet
561 1740 646 1784 more
668 1741 763 1803 super
777 1721 859 1798 iiior,
874 1732 904 1783 et
916 1722 1040 1785 derceto

118 1810 201 1875 dunt
222 1811 256 1874 in
277 1810 430 1892 infernum
455 1810 600 1885 triuerttee,
626 1808 752 1888 Peuim„
775 1809 828 1887 tt,
854 1809 906 1887 163
932 1821 963 1873 et
997 1809 1043 1874 di·

118 1898 200 1963 eitur
222 1900 305 1984 quod
318 1898 472 1975 diabolus,
485 1898 536 1981 qui
555 1897 720 1963 reducebat
735 1919 796 1975 eos,
818 1899 932 1965 mitent
954 1900 1043 1963 estin

118 1999 263 2070 rtapnum
285 1991 363 2074 ionis
387 2000 416 2052 et
438 1988 609 2067 sulphuris,
631 1986 686 2053 uiri
708 2000 737 2054 et
761 1984 858 2053 beotia
880 2000 910 2052 et
948 1989 1043 2054 Pseu·

117 2077 314 2162 dopropiteta
336 2077 554 2142 cruciabuntur
577 2078 687 2142 dioec
724 2088 811 2142 nocte
848 2079 881 2141 io
918 2078 1044 2144 retentio

116 2167 325 2246 serendorum,
348 2167 453 2253 Apoe,
479 2166 535 2242 20,
549 2163 639 2230 uto.
994 2183 997 2188 ·

454 2341 715 2408 CAPUTXC.

290 2520 448 2601 Quomodo
471 2517 665 2584 substantioe
686 2521 889 2601 incorporeae

341 2611 507 2693 potiantur
528 2607 570 2673 ab
593 2609 663 2693 ipne
684 2628 843 2693 corporee.

189 2784 251 2850 Sed
276 2798 375 2870 potest
398 2786 503 2850 uenire
519 2786 550 2850 in
568 2785 698 2852 dubium
714 2786 874 2871 quomodo
898 2785 1050 2866 diabolus,

117 2873 175 2962 qui
199 2875 398 2960 incorporeus
422 2888 476 2949 est,
502 2889 531 2941 et
554 2876 677 2940 animae
714 2874 944 2952 damnatorum,
978 2888 1050 2942 rute

117 2963 394 3040 resurrectionem,
417 2963 458 3028 ub
469 2964 540 3049 igne
553 2963 705 3050 eorporoii
730 2967 847 3050 possint
863 2964 936 3051 peti,
951 2985 969 3029 n
985 2983 1049 3042 ouo

117 3053 279 3140 potientur
302 3053 332 3118 in
358 3051 479 3117 iniemo
502 3073 633 3139 corporo
657 3052 888 3128 damnatorum,
913 3053 993 3118 sieut
1019 3066 1051 3118 et

118 3140 277 3206 Dominus
301 3141 384 3206 dioit:
408 3141 563 3206 Discedite
588 3163 608 3207 o
630 3135 862 3207 me'matedicti
895 3142 927 3204 iu
949 3141 1052 3226 iprtem

117 3239 295 3302 aetornum,
318 3231 369 3314 qni
390 3242 523 3314 perotus
546 3242 592 3295 ert
614 3229 740 3294 diabolo
769 3243 801 3296 et
834 3230 952 3316 eupolis
975 3232 1051 3316 ήκω,

117 3317 242 3392 Manu,
265 3317 318 3394 25,
344 3317 398 3384 tr.
435 3335 449 3353 ¹*

192 3403 259 3470 Non
283 3407 374 3491 igitur
397 3407 441 3472 ein
465 3407 692 3472 aestimandum
714 3421 762 3472 est
785 3405 869 3492 quod
903 3406 1050 3472 substen-

114 3494 183 3562 tiue
207 3494 407 3584 incorporeae
431 3495 470 3562 ub
494 3496 565 3584 igne
588 3494 816 3586 corporeopnti
830 3494 948 3585 possint
965 3494 1049 3584 quod
