2484 3975
235 213 278 279 96
377 275 379 280 ,
492 233 908 282 uoluntariorum.

233 302 264 366 in
289 312 423 380 amunte,
445 314 475 368 et
497 325 515 368 a
538 303 640 372 Verbo
663 303 719 369 uei
743 319 774 370 et
795 324 814 369 u
836 303 902 369 Deo
924 300 1157 389 cujttsertver·

229 389 309 456 hum
332 390 486 477 procedat.
558 463 561 474 ¹
874 428 877 439 ι
1222 476 1223 481 ¹

300 479 377 545 Cum
400 493 504 546 auteur
526 493 684 548 ostensum
706 480 745 546 sit
767 481 850 566 quod
872 493 1010 547 amatum
1047 480 1080 546 in
1120 504 1154 548 a·
1222 510 1224 547 r

230 582 336 633 mente
358 587 422 634 non
445 583 491 636 est
513 569 686 635 secundum
708 570 941 636 similitudinem
963 570 1086 656 speciei,
1111 572 1153 636 si·
1222 568 1224 583 ²

217 668 282 722 'cut
305 655 493 724 intellectum
518 659 550 723 in
574 657 775 743 intelligente,
807 678 900 725 omne
922 672 1026 724 autem
1065 659 1153 745 quod

229 744 370 831 procedit
393 747 431 812 ab
456 747 552 811 altero
577 767 634 833 pro
657 747 787 813 modom
810 747 902 831 geniti
927 747 1067 832 procedit
1096 767 1151 814 se·

230 835 368 899 cundum
391 834 625 901 similitudinem
648 836 761 921 speciei
784 856 801 901 a
837 848 1016 922 generante,
1052 835 1152 908 reliu-

210 923 334 1008 'quitur
356 923 440 1008 quud
463 943 626 1010 processus
649 924 695 988 rei
716 924 756 990 ad
779 925 839 990 hoc
861 923 945 1010 quod
967 926 1006 990 sit
1027 925 1060 990 in
1093 945 1151 991 ro·

233 1009 350 1076 luntute
372 1011 451 1076 sicut
473 1024 611 1077 amatum
636 1013 668 1076 in
690 1025 812 1078 amante
835 1032 899 1078 oon
920 1012 960 1077 sit
992 1033 1046 1099 per
1079 1033 1150 1081 mo·

230 1099 306 1164 dum
329 1101 548 1184 generationis,
570 1101 648 1166 sicut
672 1121 833 1186 processus
856 1101 900 1166 rei
915 1100 959 1182 ad
981 1102 1041 1168 hoc
1063 1103 1151 1189 quod

233 1187 273 1254 sit
294 1189 326 1253 in
359 1187 514 1254 intellectu
538 1188 630 1255 habet
652 1191 802 1255 rationem
825 1190 1041 1273 generationis,
1052 1204 1086 1256 ut
1100 1212 1155 1259 su·

230 1295 287 1362 pra
314 1289 469 1342 ostensum
493 1289 548 1342 εει.
582 1278 666 1344 Deus
689 1279 780 1364 igitur
802 1277 970 1365 procedens
992 1299 1048 1364 per
1081 1300 1154 1346 ruo·

228 1365 305 1429 dum
329 1366 453 1444 amoris,
476 1385 540 1430 uon
568 1366 707 1452 procedit
730 1379 763 1432 ut
783 1370 915 1450 genitus.
934 1366 1040 1454 Neque
1056 1367 1153 1452 igitur

229 1451 311 1519 filius
333 1452 394 1518 diei
417 1467 527 1541 potest.
553 1454 626 1534 Sed,
649 1457 720 1541 quia
754 1469 904 1520 amatum.
925 1457 957 1521 in
991 1456 1151 1528 voluntate

227 1541 328 1608 existit
350 1556 384 1608 ut
407 1542 557 1609 inclinans
578 1557 609 1608 et
632 1543 865 1629 quodammodo
901 1542 1064 1631 impellens
1101 1547 1151 1612 in·

229 1630 379 1696 trinsecus
407 1645 561 1698 amantem
585 1632 615 1697 in
639 1635 737 1719 ipsum
759 1653 826 1697 rern
848 1645 993 1712 amotam,
1031 1634 1150 1720 impul·

227 1738 281 1784 sus
306 1733 409 1784 autern
433 1721 477 1785 rei
512 1721 639 1786 viventia
676 1722 716 1787 ab
754 1721 890 1786 interiori
927 1721 967 1788 ad
1002 1723 1148 1808 spiritum

226 1808 368 1894 pertinet,
391 1809 533 1875 convenil
556 1808 624 1874 Deo
647 1829 702 1894 per
723 1809 853 1877 modurn
886 1811 1000 1876 amoris
1039 1831 1150 1896 proce·

225 1895 310 1961 danti
334 1909 368 1962 ut
389 1896 518 1984 Spiritus
540 1897 669 1974 dicatur,
690 1897 758 1982 ejus
780 1899 946 1984 spiratione
958 1901 1043 1986 qusai
1067 1920 1148 1986 qua·

221 1984 297 2052 darn
320 1986 505 2073 aspiratione
530 1988 689 2052 existente.
704 1988 781 2053 llioc
803 2002 849 2053 est
875 1988 960 2074 quod
983 1990 1149 2074 Apostolus

220 2074 342 2160 spiritui
367 2089 397 2141 et
419 2076 518 2141 amori
542 2075 711 2162 impulsum
735 2076 904 2162 quemdam
927 2078 1074 2155 attribuit3
1097 2081 1148 2145 di·

221 2162 303 2230 citur
323 2164 418 2229 enim:
442 2163 629 2248 Quicumque
649 2164 762 2248 opimo
785 2165 843 2230 Dei
865 2177 999 2250 opacatur
1019 2166 1044 2230 r‘l
1072 2181 1149 2235 runt

221 2253 282 2339 fitis·
302 2251 373 2328 Det,
395 2253 495 2330 iloni,
519 2252 551 2327 8,
576 2253 628 2329 td,
652 2267 692 2318 et:
721 2254 866 2319 Claritas
906 2254 1021 2320 cunco·
1058 2270 1150 2341 torpet

220 2342 332 2417 noel
360 2340 441 2419 Cor,
464 2341 495 2421 5,
520 2340 575 2405 ll.
599 2340 679 2423 Quia
703 2362 777 2407 tero
802 2342 903 2407 amitis
929 2342 1147 2416 intellectualis

220 2446 324 2497 motus
346 2450 363 2495 a
388 2432 521 2496 termino
545 2429 775 2509 denominatur,
799 2450 888 2496 amor
910 2444 1013 2499 autem
1025 2437 1150 2518 praedi·

220 2530 287 2585 ctus
301 2562 304 2569 -
319 2532 365 2585 εει
387 2539 450 2605 quo
472 2520 557 2585 Deus
578 2519 645 2605 ipse
666 2532 798 2596 amatur,
819 2521 1037 2590 convenienter
1058 2521 1149 2593 Deus

218 2626 276 2693 per
295 2608 425 2675 modum
448 2608 562 2673 umoris
584 2608 756 2695 procedens
775 2609 887 2675 dicitur
910 2609 1044 2695 Spiritus
1063 2609 1147 2679 Sau-

217 2710 295 2765 ctus:
317 2717 353 2763 ea
377 2696 460 2761 coito
484 2717 563 2785 quae
595 2696 664 2761 Deo
698 2697 796 2764 dicato
834 2709 906 2765 suot
944 2711 1048 2767 cuncta
1081 2700 1148 2770 dici

217 2797 453 2851 consueverunt.

540 2872 571 2939 (i
579 2874 602 2939 Α
617 2870 640 2939 P
654 2871 717 2938 ttt
750 2871 816 2946 XX.

215 3046 427 3136 Derffcclilrtts
449 3049 608 3117 attributis
633 3050 765 3153 Spiritui
781 3050 896 3121 &nelo
921 3054 956 3119 t'rt
974 3030 1148 3137 Scriptffls

449 3152 589 3224 respecto
613 3150 705 3207 tottrtr
730 3153 902 3207 creaturae.
1001 3203 1004 3210 .

279 3312 408 3402 Oportet
444 3328 559 3395 auum,
581 3291 754 3385 soeurrduru
774 3284 1023 3387 conuenientiaur
1038 3338 1146 3405 ,prae-

212 3400 375 3479 dictorurn,
397 3404 594 3469 considerare
625 3404 852 3495 effectusquos
874 3408 1001 3497 Spiritui
1023 3406 1143 3483 Sancte

214 3488 307 3560 Socra
329 3492 486 3581 Scriptura
501 3493 651 3561 attribuit.
