2484 3975
385 249 422 294 nu
447 245 568 293 uuirtra
584 247 776 293 tnraaaacrus
977 228 1041 295 555

122 315 271 476 possibili,
294 316 391 404 qualia
413 331 458 382 est
480 317 634 403 copulatio
657 316 780 401 parietis
803 315 835 380 in
847 331 970 400 quaest
992 339 1044 385 co·

135 429 172 474 or
194 407 232 472 ad
256 407 367 480 visum,
390 408 421 472 in
444 427 506 491 quo
529 421 574 473 est
597 407 716 492 species
745 406 793 470 sni
815 405 939 471 eoloris.
962 405 1047 474 Sicut

122 498 216 582 igitur
238 496 338 581 paries
360 515 423 560 non
447 496 540 569 videt,
563 495 617 559 sed
642 494 763 558 uidetur
784 493 851 579 ejus
886 493 1045 572 colonita

121 599 305 671 sequeretur
328 584 410 670 quod
434 584 529 649 bomo
553 605 614 648 nan
639 582 833 666 intelligeret,
871 582 926 648 setl
963 584 1046 670 qnod

122 674 190 760 ejus
214 673 425 760 phantasmata
448 673 691 758 intelligerentur
712 672 752 736 ab
788 671 944 737 intellecta
979 694 1048 760 pos

121 762 216 829 sibili.
239 761 429 847 lmpoaaibilc
452 777 498 826 cst
520 782 594 846 ergo
616 760 727 825 aalrari
763 759 846 847 quod
869 760 920 827 bic
953 763 1048 828 bomo

122 851 287 934 intelligar,
309 851 481 916 secundnm
504 851 688 936 positionem
712 849 883 915 Arerrbois.

132 981 136 984 -
190 938 324 1022 Quidam
347 959 430 1019 vero,
455 939 591 1005 uidentes
627 937 723 1024 quod,
755 938 925 1003 monadum
966 938 1047 1005 riam

124 1028 303 1102 lucrabois,
325 1030 468 1094 sustineri
492 1050 553 1094 non
579 1042 678 1113 potest
699 1027 782 1112 quod
811 1028 861 1092 bic
884 1028 979 1094 bomo
1001 1027 1049 1093 ia·

125 1118 251 1198 telligat,
279 1117 309 1182 in
333 1117 424 1183 aliam
455 1119 608 1184 divertunt
646 1116 726 1180 viam
760 1128 790 1180 et
823 1116 929 1181 dicunt
965 1113 1049 1204 quod

65 1267 68 1272 .
125 1207 298 1272 intellectus
322 1208 425 1272 unitur
448 1206 569 1292 corpori
593 1219 626 1269 ut
649 1217 760 1280 aaaron
783 1218 813 1270 et
836 1209 889 1284 sic,
919 1207 1049 1292 inquan-

126 1311 194 1362 turn
218 1314 254 1360 ex
278 1315 409 1380 corpore
431 1311 460 1360 et
485 1294 638 1362 intellectu
663 1291 696 1357 bt
720 1314 815 1357 unum
838 1293 965 1359 sicutcx
981 1312 1048 1360 nto·

127 1397 219 1450 rente
241 1395 271 1447 et
294 1401 390 1462 nanto,
413 1384 584 1450 intellectus
607 1395 745 1466 estpars
774 1381 867 1467 bajus
905 1385 1050 1458 bominis:

128 1487 160 1538 et
182 1472 253 1537 ideo
277 1476 415 1558 operatio
440 1473 611 1538 intellectus
634 1470 809 1534 attribuitur
831 1471 902 1537 buic
933 1472 1050 1538 bomini

128 1563 206 1629 sicut
229 1563 368 1647 operatio
391 1562 482 1640 ootrli,
505 1573 641 1647 quaeest
655 1557 769 1635 ridere,
791 1559 966 1626 attribuitur
981 1561 1052 1626 lauic

129 1649 260 1717 bomini.
284 1651 504 1731 Quaerendum
527 1664 574 1715 cst
609 1662 714 1711 autera
751 1648 790 1712 ab
827 1668 866 1712 eo
901 1650 953 1733 qui
989 1650 1049 1716 boc

128 1739 227 1828 ponit,
250 1741 351 1826 primo
373 1739 446 1822 quid
470 1741 508 1806 sit
531 1739 590 1804 linc
612 1735 767 1820 singulare
796 1737 879 1822 quod
913 1752 959 1802 eat
993 1738 1050 1803 So·

125 1841 237 1896 ¹crates:
261 1842 363 1892 utrum
387 1827 527 1892 Socrates
550 1829 588 1892 sit
609 1824 693 1890 solus
724 1825 895 1891 intellectus
931 1827 983 1912 qui
1006 1841 1053 1894 cst

128 1930 242 1995 motor,
264 1930 316 1981 aut
334 1918 372 1982 sit
395 1931 512 1981 motum
536 1916 575 1981 ab
599 1914 666 2000 ipso
680 1913 764 2001 qnod
782 1930 829 1979 cat
843 1930 965 2002 corpus,
986 1915 1053 1981 aoi-

129 2021 246 2071 matum
271 2021 373 2071 tamen
398 2007 498 2071 anima
522 2005 690 2090 vegetatira
712 2016 743 2067 et
764 2006 918 2080 sensitiva,
940 2019 992 2072 sut
1014 2005 1053 2072 sit

129 2094 333 2181 compositum
357 2114 394 2159 ex
418 2108 559 2180 utroquo
582 2106 612 2159 ct
634 2104 783 2179 qnantum
822 2113 860 2157 ea
882 2114 936 2159 sua
971 2094 1053 2181 posi·

130 2185 214 2250 tione
238 2182 368 2262 uidetur,
406 2184 465 2248 boc
489 2184 611 2248 tertium
651 2179 790 2265 accipiet,
821 2182 937 2247 scilicet
970 2181 1053 2269 qnod

129 2272 271 2339 Socrates
294 2272 333 2337 sit
355 2272 467 2358 aliquid
492 2270 696 2357 compositura
721 2287 758 2338 en
781 2284 920 2355 utroque.

198 2360 406 2427 procedamus
429 2381 504 2446 crgo
527 2375 632 2425 contra
654 2377 786 2445 eos-per
817 2360 966 2424 rationem
991 2359 1055 2423 Ari·

131 2450 249 2515 stotelis
272 2448 477 2536 (llctapbys,
500 2450 547 2534 8)
569 2448 710 2514 dicentist
746 2446 931 2513 «Omnium
971 2450 1055 2513 enim

132 2557 346 2625 quaecumque
370 2538 472 2625 plures
495 2551 597 2627 partes
628 2536 753 2615 babent,
774 2548 806 2601 et
828 2537 887 2620 (in
910 2536 1056 2622 quibas)

132 2642 230 2693 totum
254 2646 318 2691 noa
341 2640 388 2691 est
420 2641 453 2692 ut
487 2648 613 2692 acervus
636 2625 691 2689 sed
726 2638 771 2690 ast
809 2639 906 2690 totum
941 2625 1056 2711 aliquid

132 2730 254 2805 praeter
276 2730 388 2802 partes,
411 2729 456 2781 est
479 2716 580 2802 aliqua
603 2734 707 2789 cauam
729 2714 918 2801 quoniamst
940 2714 1056 2779 incor-

131 2803 270 2894 poribus,
294 2804 361 2869 aliis
383 2805 507 2890 quidem
521 2817 617 2869 tactus
640 2816 789 2869 causaest
802 2823 898 2868 unum
920 2802 1052 2881 essendi,

130 2892 198 2963 aliis
221 2912 295 2958 vcra
319 2893 473 2959 viscositas
498 2908 550 2959 aut
573 2892 675 2978 aliqua
710 2892 810 2977 passio
847 2891 941 2958 altera
976 2891 1056 2958 talis.

130 2981 277 3048 Definitio
302 3002 376 3047 vero
399 2984 477 3047 ratio
489 2994 534 3046 cst
548 3002 621 3053 una,
637 3000 698 3045 non
711 2978 938 3064 conjonctione,
950 3000 1057 3065 quem·

132 3070 305 3137 admodum
318 3070 410 3147 llias,
432 3069 486 3136 sed
510 3090 564 3156 per
587 3074 680 3133 unius
701 3090 769 3134 esso
785 3068 845 3155 (l).
868 3069 950 3151 Quid
964 3068 1057 3153 igitur

131 3174 188 3313 52²,
202 3156 1057 3333 ulltltluldtlnlnnlrd‘delituit

128 3337 159 3403 si
181 3351 238 3414 cst,
261 3350 294 3401 ut
314 3337 401 3422 ajuart
423 3335 559 3422 quidam,
583 3337 683 3422 ipsum
718 3334 842 3420 aliquod
876 3334 991 3399 animal
1025 3347 1057 3399 et

187 3526 470 3599 lupercaliorum,
489 3527 546 3583 i.e.
565 3542 612 3599 per
640 3507 675 3578 ro'
691 3542 747 3582 csse
763 3542 797 3581 ex
823 3542 877 3582 uon
893 3527 1056 3600 proveniens.
