2484 3975
209 215 275 280 teu
583 219 757 279 oruseut'utt

208 303 401 368 terminatam
442 299 573 366 sormam
595 318 709 377 meren
733 306 773 366 ita
812 301 915 379 etiam,
949 321 1020 366 num
1051 301 1138 366 'sim-

207 392 326 477 pliciter
349 392 388 456 sit
409 411 475 467 ens,
497 403 528 454 et
551 410 607 478 per
629 411 663 456 se
686 406 717 456 et
740 410 802 455 non
833 409 887 476 per
925 390 1079 466 accidens,
1103 412 1140 455 o-

206 495 307 567 portet
329 481 412 544 buue
436 479 579 544 elleetum
603 479 708 546 reduci
733 479 764 544 in
789 478 994 544 universalem
1011 478 1141 544 essendi

207 589 344 634 eausam:
367 569 427 632 boo
447 583 551 632 autem
575 583 621 632 est
659 569 792 654 primum
834 566 1029 654 principium,
1052 569 1142 652 quud

205 658 291 722 'lions
313 670 370 721 est.
394 656 519 720 Praeter
542 657 634 740 igitur
657 657 744 722 illum
777 658 904 720 modum
943 655 1141 741 producendi

208 747 262 832 qui
285 760 332 811 est
355 745 637 832 permutationem
661 746 708 810 vel
733 759 850 810 motum
874 757 920 808 est
953 744 1030 810 alius
1070 765 1142 812 mo·

207 834 265 900 dus
289 855 351 922 qun
375 854 425 899 res
449 833 665 919 producuntur
685 835 716 898 in
740 853 807 898 esse
831 833 961 919 aprimo
985 834 1142 919 principio

208 943 271 988 uon
295 922 501 988 mediantibus
525 923 626 988 tausis
648 921 804 999 secundis,
826 922 881 987 sed
905 941 943 985 eo
960 921 1143 1006 productio·

208 1012 257 1077 nin
280 1010 375 1076 modu
407 1011 460 1096 qui
485 1010 519 1076 lit
541 1011 660 1097 absque
683 1025 779 1088 motu,
800 1011 854 1096 qui
889 1010 1002 1075 creatio
1036 1010 1142 1075 nomi·

209 1115 310 1178 natur,
333 1100 437 1185 etqui
461 1099 492 1163 in
515 1099 617 1164 solum
641 1100 742 1164 Deum
767 1099 898 1181 relertur
921 1112 955 1162 ut
976 1100 1008 1162 in
1031 1111 1143 1164 auoto-

209 1208 288 1254 rem.
310 1187 384 1253 Solo
406 1203 510 1252 autem
533 1187 595 1252 ltoe
617 1188 711 1254 modo
735 1187 862 1274 produci
876 1199 1003 1274 possunt
1020 1187 1051 1251 in
1067 1207 1141 1252 esse

210 1277 429 1343 immateriales
462 1277 651 1342 substantiae
682 1292 720 1342 et
756 1276 897 1342 eoelestia
937 1295 1066 1360 corpora
1105 1289 1141 1342 et

208 1384 373 1452 eorporum
396 1385 665 1450 quorumcumque
688 1365 813 1431 materia
838 1366 889 1448 (l)
912 1379 982 1428 ante
999 1363 1139 1430 sormam

209 1473 278 1520 esse
300 1475 362 1518 non
386 1455 494 1540 potuit,
517 1454 594 1519 sieut
616 1455 733 1520 dietum
756 1467 802 1518 est
826 1453 865 1520 de
900 1453 1028 1518 materia
1067 1473 1142 1520 eae-

209 1541 331 1608 lertium
366 1562 532 1629 torporum
570 1563 650 1628 quae
684 1563 747 1608 non
770 1557 816 1607 est
854 1544 884 1607 in
923 1542 1057 1626 potentia
1097 1543 1139 1608 ad
1233 1603 1234 1606 ,

190 1631 304 1696 ιΙιιω
343 1630 496 1696 lormam.
535 1631 728 1718 Relinquitur
780 1632 871 1716 igitur
907 1629 991 1715 quod
1027 1650 1140 1696 omnes

210 1720 427 1784 immateriales
449 1721 636 1786 substantiae
660 1735 689 1785 et
712 1720 853 1784 caelestia
895 1737 1036 1804 corpora,
1058 1739 1143 1804 quae

211 1823 406 1895 permotum
431 1808 557 1894 produci
597 1829 670 1873 non
695 1823 821 1895 possunt
859 1807 890 1871 in
925 1827 1002 1884 este,
1036 1807 1140 1872 solum

210 1897 314 1961 Deum
337 1898 385 1962 sui
419 1917 487 1962 esse
520 1897 654 1962 babeant
689 1912 856 1964 auctorem.
895 1894 962 1960 Non
997 1913 1072 1977 ergo
1108 1896 1141 1960 id

211 1986 295 2072 quod
310 1999 357 2051 est
371 1989 456 2072 prius
478 1988 509 2051 iu
534 1988 578 2051 eis
596 2002 642 2053 est
658 1986 878 2073 posterioribus
889 2006 986 2051 „eausa
1003 1984 1139 2049 essendi.

278 2076 397 2152 bdbue,
409 2075 534 2157 Quanto
557 2077 658 2161 aliqua
684 2090 845 2141 causaest
883 2074 1035 2159 superior,
1052 2087 1139 2138 tanto
1233 2070 1234 2103 ³

214 2176 260 2229 est
284 2164 486 2229 universalior
508 2178 539 2227 et
563 2166 658 2229 virtus
680 2165 801 2248 eiusad
827 2163 914 2250 plura
927 2184 972 2231 ,se
989 2161 1137 2227 extendit.

211 2252 267 2317 sed
291 2252 321 2317 id
345 2253 427 2338 quod
452 2251 587 2337 primurn
610 2255 764 2317 invenitur
787 2253 817 2317 in
842 2270 1029 2336 unoquoque
1053 2265 1140 2329 ente,

211 2341 346 2406 maxime
367 2356 413 2406 est
435 2360 602 2406 commune
627 2342 781 2416 omnibus;
812 2359 1027 2427 quaecumque
1050 2339 1137 2405 etaim

213 2429 468 2517 superadduntur
490 2431 675 2495 eontraltunt
699 2430 729 2494 id
753 2432 836 2516 qnod
862 2428 945 2516 prius
969 2426 1144 2506 inueniunt;

214 2539 289 2586 nam
313 2518 396 2603 quud
420 2518 571 2604 posterius
598 2518 630 2583 in
654 2540 687 2583 re
726 2518 903 2604 intelligitur
942 2529 1142 2603 eomparatur

213 2607 254 2674 ad
278 2610 362 2694 prius
387 2620 419 2671 ut
442 2619 527 2674 aetus
550 2607 589 2673 ad
612 2610 791 2694 potentiam3
814 2628 870 2695 per
892 2618 994 2672 aetum
1034 2618 1141 2669 autern

213 2696 350 2783 potentia
373 2696 605 2762 determinatur.
630 2696 686 2761 Sin
704 2697 795 2780 igitur
818 2708 939 2782 oportet
962 2708 994 2759 ut
1006 2692 1036 2757 id
1054 2693 1142 2778 quod

215 2786 352 2871 primum
375 2783 511 2849 subsistit
534 2785 564 2848 in
588 2805 776 2870 unoquoque
799 2788 837 2848 sit
871 2784 996 2851 elleetus
1030 2802 1142 2867 supre·
1233 2808 1234 2869 ι

214 2892 284 2938 mae
309 2873 437 2947 uirtutis3
459 2886 576 2958 quanto
598 2877 713 2955 {autem
748 2872 871 2959 aliquod
910 2886 956 2937 est
979 2871 1145 2956 posterius,
1233 2882 1234 2887 ’

185 2973 297 3034 ,tanto
333 2962 498 3027 reducatur
520 2961 569 3047 (ι)
594 2962 633 3025 atl
657 2959 807 3027 inferioris
835 2981 945 3027 causae
984 2962 1143 3025 virtutem.

214 3048 348 3136 Oportet
384 3050 476 3133 igitur
508 3050 590 3134 quod
615 3050 645 3113 id
669 3049 752 3135 quod
776 3052 910 3137 primunr
948 3048 1085 3113 subsistit
1107 3048 1142 3115 in

215 3158 417 3224 unoquoque,
441 3138 519 3203 sieut
542 3138 808 3225 incorporalibus
832 3137 959 3202 materia
983 3150 1013 3201 ιι
1035 3137 1065 3199 in
1082 3137 1143 3199 im·

268 3290 308 3363 ll)
326 3292 359 3345 Ει
377 3310 513 3361 corporum
530 3308 745 3363 quorumcumque
762 3295 883 3347 moderin.
906 3293 922 3347 ι.
941 3306 965 3345 ι.
977 3297 1003 3343 ιι
1026 3303 1139 3359 corporo

212 3378 392 3434 quaecumque
410 3380 523 3433 quorum
542 3366 679 3419 materia...

262 3433 303 3501 (ι)
325 3433 408 3485 Toeto
425 3436 611 3499 reducatur...,
632 3432 649 3487 i.
668 3448 694 3488 e.
713 3440 817 3504 eportet
835 3442 865 3488 ut
883 3433 1026 3487 reducatur
1044 3429 1145 3484 adstr-

214 3510 297 3557 tutem
314 3518 407 3557 enuere
425 3511 500 3558 tanto
517 3505 649 3561 inlerioris
667 3514 806 3576 quantun..
