2484 3975
199 208 265 277 268
531 228 587 273 crs.
612 225 650 272 rr.
674 224 738 272 cte.
762 222 839 269 nrm.
1178 278 1187 293 ·

200 300 294 366 habet
316 294 509 361 immobilem
532 297 720 363 voluntatem
744 290 1124 375 inmaio‚t1tnnnpossit

202 407 258 475 per
280 386 415 451 divinam
439 386 569 468 gratiam
593 384 705 451 reverti
728 381 768 447 ad
792 383 920 448 bonum.

248 474 396 560 Amplius,
412 473 605 541 Manifestum
619 486 667 539 est
681 472 766 560 quod
781 492 798 536 a
811 473 1026 560 peccatisquae
1041 474 1126 562 quis,

200 580 273 630 ante
290 564 419 649 gratiam
433 574 608 649 perceptam
627 565 657 627 in
671 564 881 636 sacramentis,
892 564 1056 642 commisit,
1067 582 1127 649 per

201 665 469 719 sacramentorum
490 652 619 735 gratiam
640 651 797 728 liberatum
813 649 885 715 dicit
901 650 983 716 enim
997 654 1129 739 Aposto-

200 742 261 809 lus:
278 742 381 825 Nepae
395 740 567 825 fornicarii,
582 760 679 823 neque
690 740 784 803 idolis
813 740 990 817 servientes,
1027 762 1126 826 nepus

202 831 383 895 adulteri...
398 850 526 911 reputem
556 830 615 893 Dei
626 827 839 913 possidebunt.
856 828 895 893 Et
911 830 987 894 hoec
999 831 1129 914 quidem

203 920 319 1005 suistim
334 919 388 983 seri
404 917 665 997 chanetencurt
679 917 864 1003 sanctificati
880 920 964 996 estis,
974 920 1129 1004 sedjusti·

201 1010 287 1097 ficati
310 1009 394 1083 estis,
415 1007 448 1070 in
472 1009 593 1071 nomine
626 1006 750 1096 Domim'
770 1009 871 1071 noctu
891 1008 964 1073 lesu
998 1009 1126 1084 Christi,

201 1109 232 1163 et
252 1100 286 1162 iu
312 1096 430 1180 Spiritu
445 1096 501 1160 Dei
515 1096 655 1172 nostrai
677 1094 757 1171 Cor,
770 1094 801 1173 6,
813 1096 903 1162 9-tt.
928 1096 1124 1164 Manifestum

202 1201 247 1252 est
270 1187 360 1251 etiam
385 1184 469 1270 quod
492 1185 588 1269 gratia
613 1185 643 1248 in
658 1185 977 1252 sacramentiscoiiatu
994 1201 1126 1253 naturae

203 1276 318 1342 bonum
344 1294 405 1337 non
431 1273 551 1347 minuit,
573 1274 628 1338 scd
651 1285 754 1357 auget.
778 1273 913 1340 Pertinet
935 1288 1039 1339 autem
1063 1275 1127 1341 hoo

202 1364 241 1429 ad
265 1364 380 1429 bonum
406 1374 534 1427 naturae
556 1362 681 1447 quoda
720 1377 845 1447 peccato
883 1362 1059 1429 reducibiiis
1084 1365 1126 1431 sit

90 1474 93 1479 ·
202 1454 234 1518 in
258 1466 370 1517 statum
385 1448 529 1534 justitiam
546 1471 618 1516 nam
636 1450 771 1536 potentia
784 1451 823 1516 ad
837 1451 954 1517 bouum
966 1452 1127 1539 quoddam

203 1541 319 1607 bonum
343 1553 398 1603 est.
423 1539 527 1621 igitur,
549 1541 574 1605 si
598 1538 756 1622 contingat
771 1560 900 1625 peccare
914 1543 1127 1627 postgratiam

203 1646 392 1718 perceptam,
415 1628 517 1693 adhuc
541 1628 637 1694 homo
659 1626 837 1695 reducibiiis
859 1629 917 1695 erit
950 1631 989 1697 cd
1011 1643 1128 1699 statum

218 1734 347 1789 ustttrac.

202 1740 214 1805 l
269 1808 386 1883 Antioc,
409 1805 440 1871 Si
466 1818 627 1891 peccantes
651 1819 718 1891 post
742 1807 928 1893 baptismum
942 1807 981 1873 ad
995 1808 1127 1893 gratiam

202 1896 304 1962 redire
326 1916 388 1959 non
414 1907 550 1982 possunt,
574 1894 691 1960 totlitur
712 1897 766 1962 eis*
780 1917 850 1983 spes
872 1896 987 1963 salutis.
1010 1896 1128 1984 Despe-

202 1986 279 2051 ratio
304 1999 405 2050 autem
430 1998 476 2049 est
499 1984 545 2048 via
570 1983 609 2049 ad
638 1982 736 2052 iibere
772 1984 975 2071 peccandum
1015 1985 1129 2053 dicitur

202 2076 284 2140 enim
308 2074 347 2138 de
372 2071 556 2159 quibusdam
592 2073 676 2158 quod
712 2076 913 2159 desperantes
946 2076 1128 2162 sernetipaus

202 2163 400 2228 tradiderunt
423 2162 646 2244 impudicitiae,
668 2163 701 2226 iu
723 2165 936 2246 operationem
959 2165 1128 2229 immundi·

202 2254 263 2316 tiae
285 2252 386 2316 oannis
408 2252 440 2314 iu
463 2250 643 2330 auaritiam,
666 2251 787 2337 Epiros..
817 2253 848 2329 4,
885 2253 936 2319 19.
970 2253 1128 2319 Periculo-

200 2341 318 2406 sissima
343 2355 387 2404 est
412 2340 503 2422 igitur
527 2339 603 2404 haec
627 2342 747 2425 positio,
770 2361 850 2427 quae
873 2343 1032 2408 intentam
1055 2362 1126 2408 sen·
1237 2374 1238 2393 t

201 2431 297 2496 tinam
321 2431 462 2493 vitiorum
487 2427 631 2492 homines
653 2430 780 2494 inducit.

265 2518 439 2592 Praeterea,
465 2514 632 2582 Ostensum
655 2533 702 2583 cst
724 2539 819 2604 supra
855 2517 909 2603 (c.
933 2519 1004 2600 70)
1038 2519 1125 2605 quod

200 2608 296 2691 gratia
322 2609 351 2671 in
376 2606 575 2670 sacramentis
598 2619 742 2693 percepta
766 2627 827 2672 non
843 2609 999 2673 constitnit
1021 2607 1126 2674 homi·

200 2717 272 2760 uem
298 2694 538 2779 impeccabilem.
563 2693 594 2759 Si
619 2694 711 2779 igitur
735 2709 802 2782 post
826 2699 956 2781 gratiam
969 2698 1002 2760 in
1023 2717 1130 2763 sacras

86 2825 94 2854 .
200 2786 311 2848 mentis
335 2796 509 2868 perceptam
535 2803 665 2867 peccans
687 2783 727 2848 ad
749 2797 862 2850 statum
872 2784 1008 2871 justitiae
1022 2786 1127 2851 redire
1235 2842 1236 2867 ᾗ

200 2893 261 2936 non
286 2883 398 2957 posset,
422 2870 629 2955 periculosum
653 2886 733 2937 esset
748 2875 1127 2961 sacramentapereipere;

200 2960 283 3046 quod
308 2972 389 3046 patet
405 2979 473 3024 esse
487 2959 716 3026 inconveniens.
733 2960 800 3026 Non
818 2964 911 3047 igitur
927 2962 1129 3049 peccantibus

199 3063 268 3135 post
291 3060 482 3114 sacramenta
507 3061 651 3134 percepta
676 3050 793 3115 reditus
815 3051 855 3116 ad
883 3051 1034 3137 justitiam
1072 3051 1130 3118 tie·

201 3156 240 3204 ne
263 3151 340 3202 atur.
912 3179 915 3189 ·
1054 3182 1061 3202 .

242 3159 329 3291 giloc
351 3225 444 3290 etiam
472 3225 653 3290 auctoritate
678 3229 792 3294 Sacrae
814 3226 991 3314 Scripturae
1013 3227 1129 3294 contir-

200 3328 312 3380 mntur.
336 3315 455 3378 Dicitur
477 3315 572 3378 enim:
597 3313 705 3379 Fiticli
727 3318 798 3395 mei,
829 3318 904 3382 hece
926 3315 1128 3382 sembouobis

198 3413 232 3466 ut
255 3423 315 3466 con
337 3407 477 3485 peccetis.
497 3401 600 3466 Sedet
614 3403 916 3489 siqttispeccuverit,
939 3407 1128 3471 advocatum

198 3490 348 3556 habemus
371 3492 458 3574 opud
481 3490 618 3569 Putrem
639 3493 745 3557 lesum
770 3493 929 3560 Christum
941 3496 1074 3580 justum
1096 3502 1130 3560 ct
