<?xml version="1.0" encoding="UTF-8"?>
<!DOCTYPE html PUBLIC "-//W3C//DTD XHTML 1.0 Transitional//EN"
    "http://www.w3.org/TR/xhtml1/DTD/xhtml1-transitional.dtd">
<html xmlns="http://www.w3.org/1999/xhtml" xml:lang="en" lang="en">
 <head>
  <title>
</title>
<meta http-equiv="Content-Type" content="text/html;charset=utf-8" />
  <meta name='ocr-system' content='tesseract 3.04.00' />
  <meta name='ocr-capabilities' content='ocr_page ocr_carea ocr_par ocr_line ocrx_word'/>
</head>
<body>
  <div class='ocr_page' id='page_1' title='image "./sanctithomaeaqu01thomgoog_0148.png"; bbox 0 0 2484 3975; ppageno 0'>
   <div class='ocr_carea' id='block_1_1' title="bbox 210 211 1154 1546">
    <p class='ocr_par' dir='ltr' id='par_1_1' title="bbox 230 211 949 280">
     <span class='ocr_line' id='line_1_1' title="bbox 230 211 949 280; baseline -0.001 -1"><span class='ocrx_word' id='word_1_1' title='bbox 230 211 293 279; x_wconf 84' lang='lat' dir='ltr'><strong>tlt</strong></span> <span class='ocrx_word' id='word_1_2' title='bbox 437 235 493 279; x_wconf 84' lang='lat' dir='ltr'><strong>trs.</strong></span> <span class='ocrx_word' id='word_1_3' title='bbox 518 234 557 280; x_wconf 86' lang='grc' dir='ltr'><strong>ιιι.</strong></span> <span class='ocrx_word' id='word_1_4' title='bbox 581 233 645 280; x_wconf 75' lang='lat' dir='ltr'><strong>oar.</strong></span> <span class='ocrx_word' id='word_1_5' title='bbox 668 233 769 280; x_wconf 80' lang='lat' dir='ltr'><strong>nutri.</strong></span> <span class='ocrx_word' id='word_1_6' title='bbox 793 233 828 277; x_wconf 85' lang='lat' dir='ltr'><strong>ur</strong></span> <span class='ocrx_word' id='word_1_7' title='bbox 851 232 949 279; x_wconf 77' lang='lat' dir='ltr'><strong>xxxiv.</strong></span> 
     </span>
    </p>

    <p class='ocr_par' dir='ltr' id='par_1_2' title="bbox 213 301 1154 1100">
     <span class='ocr_line' id='line_1_2' title="bbox 226 301 1154 370; baseline 0.004 -4"><span class='ocrx_word' id='word_1_8' title='bbox 226 303 364 368; x_wconf 83' lang='lat' dir='ltr'>Verbum</span> <span class='ocrx_word' id='word_1_9' title='bbox 387 301 482 370; x_wconf 89' lang='lat' dir='ltr'><strong>homo</strong></span> <span class='ocrx_word' id='word_1_10' title='bbox 506 303 619 370; x_wconf 84' lang='lat' dir='ltr'><strong>lactum</strong></span> <span class='ocrx_word' id='word_1_11' title='bbox 643 318 699 368; x_wconf 89' lang='lat' dir='ltr'><strong>est.</strong></span> <span class='ocrx_word' id='word_1_12' title='bbox 723 303 800 368; x_wconf 81' lang='lat' dir='ltr'><strong>Nam</strong></span> <span class='ocrx_word' id='word_1_13' title='bbox 823 316 854 366; x_wconf 90' lang='lat' dir='ltr'><strong>et</strong></span> <span class='ocrx_word' id='word_1_14' title='bbox 877 305 1014 369; x_wconf 87' lang='lat' dir='ltr'><strong>animam</strong></span> <span class='ocrx_word' id='word_1_15' title='bbox 1052 301 1154 370; x_wconf 86' lang='lat' dir='ltr'><strong>inter·</strong></span> 
     </span>
     <span class='ocr_line' id='line_1_3' title="bbox 225 392 1152 479; baseline 0.003 -22"><span class='ocrx_word' id='word_1_16' title='bbox 225 392 301 457; x_wconf 89' lang='lat' dir='ltr'><strong>dum</strong></span> <span class='ocrx_word' id='word_1_17' title='bbox 325 392 449 478; x_wconf 88' lang='lat' dir='ltr'><strong>ponitur</strong></span> <span class='ocrx_word' id='word_1_18' title='bbox 472 412 527 478; x_wconf 91' lang='lat' dir='ltr'><strong>pro</strong></span> <span class='ocrx_word' id='word_1_19' title='bbox 551 393 678 458; x_wconf 89' lang='lat' dir='ltr'><strong>homine</strong></span> <span class='ocrx_word' id='word_1_20' title='bbox 702 392 734 458; x_wconf 89' lang='lat' dir='ltr'><strong>in</strong></span> <span class='ocrx_word' id='word_1_21' title='bbox 757 392 924 479; x_wconf 63' lang='lat' dir='ltr'><strong>Scriptum</strong></span> <span class='ocrx_word' id='word_1_22' title='bbox 938 393 1048 458; x_wconf 86' lang='lat' dir='ltr'><strong>dicitur</strong></span> <span class='ocrx_word' id='word_1_23' title='bbox 1063 396 1152 460; x_wconf 89' lang='lat' dir='ltr'><strong>enim</strong></span> 
     </span>
     <span class='ocr_line' id='line_1_4' title="bbox 225 479 1152 567; baseline 0 -21"><span class='ocrx_word' id='word_1_24' title='bbox 225 479 326 546; x_wconf 70' lang='lat' dir='ltr'><strong>lirum</strong></span> <span class='ocrx_word' id='word_1_25' title='bbox 346 501 452 546; x_wconf 82' lang='lat' dir='ltr'><strong>omues</strong></span> <span class='ocrx_word' id='word_1_26' title='bbox 474 482 599 547; x_wconf 82' lang='lat' dir='ltr'><strong>ultimos</strong></span> <span class='ocrx_word' id='word_1_27' title='bbox 621 501 728 546; x_wconf 85' lang='lat' dir='ltr'><strong>corum</strong></span> <span class='ocrx_word' id='word_1_28' title='bbox 749 481 931 565; x_wconf 80' lang='lat' dir='ltr'><strong>quicpresti</strong></span> <span class='ocrx_word' id='word_1_29' title='bbox 952 492 1023 546; x_wconf 84' lang='lat' dir='ltr'><strong>suot</strong></span> <span class='ocrx_word' id='word_1_30' title='bbox 1043 482 1084 546; x_wconf 85' lang='lat' dir='ltr'><strong>de</strong></span> <span class='ocrx_word' id='word_1_31' title='bbox 1107 484 1152 567; x_wconf 76' lang='lat' dir='ltr'><strong>sc·</strong></span> 
     </span>
     <span class='ocr_line' id='line_1_5' title="bbox 224 569 1154 656; baseline 0.003 -22"><span class='ocrx_word' id='word_1_32' title='bbox 224 590 311 634; x_wconf 85' lang='lat' dir='ltr'><strong>more</strong></span> <span class='ocrx_word' id='word_1_33' title='bbox 332 570 440 648; x_wconf 80' lang='lat' dir='ltr'><strong>Jacob,</strong></span> <span class='ocrx_word' id='word_1_34' title='bbox 462 569 669 656; x_wconf 78' lang='lat' dir='ltr'><strong>sepluopirtto,</strong></span> <span class='ocrx_word' id='word_1_35' title='bbox 693 569 797 648; x_wconf 70' lang='lat' dir='ltr'><strong>Exod„</strong></span> <span class='ocrx_word' id='word_1_36' title='bbox 816 570 846 648; x_wconf 83' lang='lat' dir='ltr'><strong>l,</strong></span> <span class='ocrx_word' id='word_1_37' title='bbox 858 569 889 647; x_wconf 84' lang='lat' dir='ltr'><strong>tt;</strong></span> <span class='ocrx_word' id='word_1_38' title='bbox 902 571 1041 635; x_wconf 87' lang='lat' dir='ltr'><strong>similiter</strong></span> <span class='ocrx_word' id='word_1_39' title='bbox 1056 572 1154 637; x_wconf 85' lang='lat' dir='ltr'><strong>etiam</strong></span> 
     </span>
     <span class='ocr_line' id='line_1_6' title="bbox 213 658 1153 747; baseline 0.001 -24"><span class='ocrx_word' id='word_1_40' title='bbox 213 671 255 723; x_wconf 48' lang='lat' dir='ltr'><strong>¹ct</strong></span> <span class='ocrx_word' id='word_1_41' title='bbox 277 679 349 724; x_wconf 81' lang='lat' dir='ltr'><strong>caro</strong></span> <span class='ocrx_word' id='word_1_42' title='bbox 373 681 429 747; x_wconf 94' lang='lat' dir='ltr'><strong>pro</strong></span> <span class='ocrx_word' id='word_1_43' title='bbox 454 672 518 724; x_wconf 87' lang='lat' dir='ltr'><strong>toto</strong></span> <span class='ocrx_word' id='word_1_44' title='bbox 543 659 671 724; x_wconf 88' lang='lat' dir='ltr'><strong>homine</strong></span> <span class='ocrx_word' id='word_1_45' title='bbox 694 658 830 746; x_wconf 87' lang='lat' dir='ltr'><strong>ponitur;</strong></span> <span class='ocrx_word' id='word_1_46' title='bbox 854 659 965 723; x_wconf 89' lang='lat' dir='ltr'><strong>dicitur</strong></span> <span class='ocrx_word' id='word_1_47' title='bbox 986 659 1081 722; x_wconf 89' lang='lat' dir='ltr'><strong>enim:</strong></span> <span class='ocrx_word' id='word_1_48' title='bbox 1102 660 1153 724; x_wconf 87' lang='lat' dir='ltr'><strong>l&#39;i-</strong></span> 
     </span>
     <span class='ocr_line' id='line_1_7' title="bbox 223 746 1154 833; baseline 0.001 -21"><span class='ocrx_word' id='word_1_49' title='bbox 223 746 310 813; x_wconf 84' lang='lat' dir='ltr'><strong>dchit</strong></span> <span class='ocrx_word' id='word_1_50' title='bbox 331 749 430 813; x_wconf 76' lang='lat' dir='ltr'><strong>omnis</strong></span> <span class='ocrx_word' id='word_1_51' title='bbox 452 768 527 814; x_wconf 89' lang='lat' dir='ltr'><strong>coro</strong></span> <span class='ocrx_word' id='word_1_52' title='bbox 546 750 669 831; x_wconf 82' lang='lat' dir='ltr'><strong>pariter</strong></span> <span class='ocrx_word' id='word_1_53' title='bbox 690 749 773 833; x_wconf 82' lang='lat' dir='ltr'><strong>quod</strong></span> <span class='ocrx_word' id='word_1_54' title='bbox 795 768 830 812; x_wconf 79' lang='lat' dir='ltr'><strong>os</strong></span> <span class='ocrx_word' id='word_1_55' title='bbox 854 747 980 812; x_wconf 80' lang='lat' dir='ltr'><strong><em>Domini</em></strong></span> <span class='ocrx_word' id='word_1_56' title='bbox 1014 747 1154 815; x_wconf 85' lang='lat' dir='ltr'><strong>loctttum</strong></span> 
     </span>
     <span class='ocr_line' id='line_1_8' title="bbox 224 835 1152 922; baseline 0.003 -23"><span class='ocrx_word' id='word_1_57' title='bbox 224 847 280 915; x_wconf 83' lang='lat' dir='ltr'><strong>est,</strong></span> <span class='ocrx_word' id='word_1_58' title='bbox 304 835 381 915; x_wconf 88' lang='lat' dir='ltr'><strong>lsai,</strong></span> <span class='ocrx_word' id='word_1_59' title='bbox 406 838 459 915; x_wconf 82' lang='lat' dir='ltr'><strong>to,</strong></span> <span class='ocrx_word' id='word_1_60' title='bbox 484 837 515 902; x_wconf 79' lang='grc'><strong>5.</strong></span> <span class='ocrx_word' id='word_1_61' title='bbox 538 836 589 902; x_wconf 90' lang='lat' dir='ltr'><strong>Sic</strong></span> <span class='ocrx_word' id='word_1_62' title='bbox 612 837 705 921; x_wconf 78' lang='lat' dir='ltr'><strong>igitur</strong></span> <span class='ocrx_word' id='word_1_63' title='bbox 731 851 762 904; x_wconf 87' lang='lat' dir='ltr'><strong>ct</strong></span> <span class='ocrx_word' id='word_1_64' title='bbox 797 837 847 902; x_wconf 88' lang='lat' dir='ltr'><strong>hic</strong></span> <span class='ocrx_word' id='word_1_65' title='bbox 881 857 954 902; x_wconf 85' lang='lat' dir='ltr'><strong>caro</strong></span> <span class='ocrx_word' id='word_1_66' title='bbox 987 855 1045 922; x_wconf 89' lang='lat' dir='ltr'><strong>pro</strong></span> <span class='ocrx_word' id='word_1_67' title='bbox 1084 851 1152 902; x_wconf 90' lang='lat' dir='ltr'><strong>toto</strong></span> 
     </span>
     <span class='ocr_line' id='line_1_9' title="bbox 225 925 1152 1013; baseline 0.001 -23"><span class='ocrx_word' id='word_1_68' title='bbox 225 925 351 990; x_wconf 87' lang='lat' dir='ltr'><strong>homine</strong></span> <span class='ocrx_word' id='word_1_69' title='bbox 375 927 499 1012; x_wconf 82' lang='lat' dir='ltr'><strong>portitor</strong></span> <span class='ocrx_word' id='word_1_70' title='bbox 521 925 560 991; x_wconf 91' lang='lat' dir='ltr'><strong>ad</strong></span> <span class='ocrx_word' id='word_1_71' title='bbox 583 926 816 1013; x_wconf 84' lang='lat' dir='ltr'><strong>exprimendam</strong></span> <span class='ocrx_word' id='word_1_72' title='bbox 840 925 997 990; x_wconf 79' lang='lat' dir='ltr'><strong>humanae</strong></span> <span class='ocrx_word' id='word_1_73' title='bbox 1018 937 1152 991; x_wconf 88' lang='lat' dir='ltr'><strong>naturae</strong></span> 
     </span>
     <span class='ocr_line' id='line_1_10' title="bbox 224 1013 1034 1100; baseline 0 -22"><span class='ocrx_word' id='word_1_74' title='bbox 224 1013 445 1093; x_wconf 84' lang='lat' dir='ltr'><strong>infirmitatem,</strong></span> <span class='ocrx_word' id='word_1_75' title='bbox 468 1034 562 1100; x_wconf 87' lang='lat' dir='ltr'><strong>quam</strong></span> <span class='ocrx_word' id='word_1_76' title='bbox 584 1014 723 1080; x_wconf 82' lang='lat' dir='ltr'>Verbum</span> <span class='ocrx_word' id='word_1_77' title='bbox 745 1015 919 1100; x_wconf 71' lang='lat' dir='ltr'><strong>assumpsit.</strong></span> <span class='ocrx_word' id='word_1_78' title='bbox 1030 1084 1034 1092; x_wconf 56' lang='grc'><strong>,</strong></span> 
     </span>
    </p>

    <p class='ocr_par' dir='ltr' id='par_1_3' title="bbox 210 1101 1151 1546">
     <span class='ocr_line' id='line_1_11' title="bbox 234 1101 1151 1169; baseline 0.003 -3"><span class='ocrx_word' id='word_1_79' title='bbox 234 1145 238 1150; x_wconf 92' lang='grc'><strong>-</strong></span> <span class='ocrx_word' id='word_1_80' title='bbox 291 1101 323 1167; x_wconf 91' lang='lat' dir='ltr'><strong>Si</strong></span> <span class='ocrx_word' id='word_1_81' title='bbox 347 1117 451 1168; x_wconf 85' lang='lat' dir='ltr'><strong>autem</strong></span> <span class='ocrx_word' id='word_1_82' title='bbox 477 1104 616 1169; x_wconf 83' lang='lat' dir='ltr'><strong>Christus</strong></span> <span class='ocrx_word' id='word_1_83' title='bbox 641 1105 812 1169; x_wconf 86' lang='lat' dir='ltr'><strong>humanam</strong></span> <span class='ocrx_word' id='word_1_84' title='bbox 834 1122 961 1168; x_wconf 87' lang='lat' dir='ltr'><strong>carnem</strong></span> <span class='ocrx_word' id='word_1_85' title='bbox 984 1115 1015 1166; x_wconf 87' lang='lat' dir='ltr'><strong>et</strong></span> <span class='ocrx_word' id='word_1_86' title='bbox 1037 1101 1151 1169; x_wconf 92' lang='lat' dir='ltr'><strong>huma·</strong></span> 
     </span>
     <span class='ocr_line' id='line_1_12' title="bbox 210 1189 1148 1271; baseline -0.002 -11"><span class='ocrx_word' id='word_1_87' title='bbox 210 1209 297 1260; x_wconf 75' lang='lat' dir='ltr'><strong>mam</strong></span> <span class='ocrx_word' id='word_1_88' title='bbox 320 1191 455 1256; x_wconf 87' lang='lat' dir='ltr'><strong>animam</strong></span> <span class='ocrx_word' id='word_1_89' title='bbox 480 1192 597 1271; x_wconf 90' lang='lat' dir='ltr'><strong>habuit,</strong></span> <span class='ocrx_word' id='word_1_90' title='bbox 621 1204 654 1259; x_wconf 93' lang='lat' dir='ltr'><strong>ut</strong></span> <span class='ocrx_word' id='word_1_91' title='bbox 677 1205 838 1258; x_wconf 89' lang='lat' dir='ltr'><strong>ostensum</strong></span> <span class='ocrx_word' id='word_1_92' title='bbox 858 1194 918 1268; x_wconf 77' lang='lat' dir='ltr'><strong>est,</strong></span> <span class='ocrx_word' id='word_1_93' title='bbox 946 1189 1148 1258; x_wconf 84' lang='lat' dir='ltr'><strong>manifestum</strong></span> 
     </span>
     <span class='ocr_line' id='line_1_13' title="bbox 225 1279 1150 1366; baseline 0.002 -22"><span class='ocrx_word' id='word_1_94' title='bbox 225 1293 271 1360; x_wconf 89' lang='lat' dir='ltr'><strong>est</strong></span> <span class='ocrx_word' id='word_1_95' title='bbox 294 1279 432 1346; x_wconf 78' lang='lat' dir='ltr'><strong>animam</strong></span> <span class='ocrx_word' id='word_1_96' title='bbox 456 1279 567 1348; x_wconf 89' lang='lat' dir='ltr'><strong>Christi</strong></span> <span class='ocrx_word' id='word_1_97' title='bbox 590 1302 656 1346; x_wconf 87' lang='lat' dir='ltr'><strong>nou</strong></span> <span class='ocrx_word' id='word_1_98' title='bbox 678 1280 772 1346; x_wconf 91' lang='lat' dir='ltr'><strong>luisse</strong></span> <span class='ocrx_word' id='word_1_99' title='bbox 795 1293 867 1344; x_wconf 88' lang='lat' dir='ltr'><strong>ante</strong></span> <span class='ocrx_word' id='word_1_100' title='bbox 905 1280 1043 1366; x_wconf 87' lang='lat' dir='ltr'><strong>corporis</strong></span> <span class='ocrx_word' id='word_1_101' title='bbox 1079 1281 1150 1365; x_wconf 83' lang='lat' dir='ltr'><strong>ejus</strong></span> 
     </span>
     <span class='ocr_line' id='line_1_14' title="bbox 225 1367 1151 1456; baseline 0.001 -23"><span class='ocrx_word' id='word_1_102' title='bbox 225 1370 471 1454; x_wconf 68' lang='lat' dir='ltr'>conceptionem.</span> <span class='ocrx_word' id='word_1_103' title='bbox 495 1367 663 1436; x_wconf 88' lang='lat' dir='ltr'><strong>Ostensum</strong></span> <span class='ocrx_word' id='word_1_104' title='bbox 685 1383 733 1436; x_wconf 86' lang='lat' dir='ltr'><strong>est</strong></span> <span class='ocrx_word' id='word_1_105' title='bbox 751 1370 835 1437; x_wconf 89' lang='lat' dir='ltr'><strong>euim</strong></span> <span class='ocrx_word' id='word_1_106' title='bbox 851 1368 887 1454; x_wconf 83' lang='lat' dir='ltr'><strong>(l.</strong></span> <span class='ocrx_word' id='word_1_107' title='bbox 904 1368 935 1447; x_wconf 65' lang='lat'><strong>2,</strong></span> <span class='ocrx_word' id='word_1_108' title='bbox 950 1388 977 1432; x_wconf 89' lang='lat' dir='ltr'><strong>c.</strong></span> <span class='ocrx_word' id='word_1_109' title='bbox 991 1367 1049 1454; x_wconf 77' lang='lat'><strong>85)</strong></span> <span class='ocrx_word' id='word_1_110' title='bbox 1062 1373 1151 1456; x_wconf 85' lang='lat' dir='ltr'><strong>quod</strong></span> 
     </span>
     <span class='ocr_line' id='line_1_15' title="bbox 225 1457 1149 1546; baseline 0.002 -24"><span class='ocrx_word' id='word_1_111' title='bbox 225 1457 382 1524; x_wconf 79' lang='lat' dir='ltr'><strong>humanae</strong></span> <span class='ocrx_word' id='word_1_112' title='bbox 406 1460 529 1524; x_wconf 88' lang='lat' dir='ltr'><strong>animae</strong></span> <span class='ocrx_word' id='word_1_113' title='bbox 553 1459 685 1546; x_wconf 87' lang='lat' dir='ltr'><strong>propriis</strong></span> <span class='ocrx_word' id='word_1_114' title='bbox 707 1478 761 1524; x_wconf 90' lang='lat' dir='ltr'><strong>cor</strong></span> <span class='ocrx_word' id='word_1_115' title='bbox 784 1459 890 1522; x_wconf 91' lang='lat' dir='ltr'><strong>oribus</strong></span> <span class='ocrx_word' id='word_1_116' title='bbox 921 1476 983 1520; x_wconf 91' lang='lat' dir='ltr'><strong>nou</strong></span> <span class='ocrx_word' id='word_1_117' title='bbox 1007 1463 1149 1541; x_wconf 79' lang='lat' dir='ltr'><strong>praeexi-</strong></span> 
     </span>
    </p>
   </div>
   <div class='ocr_carea' id='block_1_2' title="bbox 105 1479 1220 1991">
    <p class='ocr_par' dir='ltr' id='par_1_4' title="bbox 105 1479 1220 1991">
     <span class='ocr_line' id='line_1_16' title="bbox 222 1479 1220 1633; baseline 0.002 -22"><span class='ocrx_word' id='word_1_118' title='bbox 222 1558 314 1612; x_wconf 84' lang='lat' dir='ltr'><strong>stunt.</strong></span> <span class='ocrx_word' id='word_1_119' title='bbox 338 1545 425 1611; x_wconf 84' lang='lat' dir='ltr'><strong>Unde</strong></span> <span class='ocrx_word' id='word_1_120' title='bbox 441 1558 523 1633; x_wconf 91' lang='lat' dir='ltr'><strong>patet</strong></span> <span class='ocrx_word' id='word_1_121' title='bbox 540 1547 652 1613; x_wconf 87' lang='lat' dir='ltr'><strong>ialsum</strong></span> <span class='ocrx_word' id='word_1_122' title='bbox 676 1567 743 1613; x_wconf 86' lang='lat' dir='ltr'><strong>esse</strong></span> <span class='ocrx_word' id='word_1_123' title='bbox 756 1479 899 1630; x_wconf 59' lang='lat' dir='ltr'><strong>hugonis</strong></span> <span class='ocrx_word' id='word_1_124' title='bbox 912 1544 1026 1630; x_wconf 77' lang='lat' dir='ltr'><strong>dogma</strong></span> <span class='ocrx_word' id='word_1_125' title='bbox 1042 1545 1151 1613; x_wconf 87' lang='lat' dir='ltr'><strong>dicen·</strong></span> <span class='ocrx_word' id='word_1_126' title='bbox 1219 1558 1220 1563; x_wconf 77' lang='grc'>’</span> 
     </span>
     <span class='ocr_line' id='line_1_17' title="bbox 221 1635 1150 1721; baseline 0.004 -23"><span class='ocrx_word' id='word_1_127' title='bbox 221 1635 259 1699; x_wconf 92' lang='lat' dir='ltr'><strong>tis</strong></span> <span class='ocrx_word' id='word_1_128' title='bbox 282 1635 418 1700; x_wconf 82' lang='lat' dir='ltr'><strong>enimam</strong></span> <span class='ocrx_word' id='word_1_129' title='bbox 442 1635 552 1701; x_wconf 79' lang='lat' dir='ltr'><strong>Christi</strong></span> <span class='ocrx_word' id='word_1_130' title='bbox 576 1637 615 1701; x_wconf 87' lang='lat' dir='ltr'><strong>ab</strong></span> <span class='ocrx_word' id='word_1_131' title='bbox 640 1637 715 1700; x_wconf 87' lang='lat' dir='ltr'><strong>intio</strong></span> <span class='ocrx_word' id='word_1_132' title='bbox 738 1648 791 1702; x_wconf 87' lang='lat' dir='ltr'><strong>aut</strong></span> <span class='ocrx_word' id='word_1_133' title='bbox 812 1635 989 1721; x_wconf 80' lang='lat' dir='ltr'><strong>corporales</strong></span> <span class='ocrx_word' id='word_1_134' title='bbox 1026 1651 1150 1702; x_wconf 87' lang='lat' dir='ltr'><strong>creatu·</strong></span> 
     </span>
     <span class='ocr_line' id='line_1_18' title="bbox 105 1717 1148 1811; baseline 0.003 -24"><span class='ocrx_word' id='word_1_135' title='bbox 105 1717 115 1728; x_wconf 74' lang='grc'><em>”</em></span> <span class='ocrx_word' id='word_1_136' title='bbox 221 1743 271 1788; x_wconf 90' lang='lat' dir='ltr'><strong>ras</strong></span> <span class='ocrx_word' id='word_1_137' title='bbox 283 1743 354 1788; x_wconf 89' lang='lat' dir='ltr'><strong>cum</strong></span> <span class='ocrx_word' id='word_1_138' title='bbox 368 1726 513 1792; x_wconf 91' lang='lat' dir='ltr'><strong>omnibus</strong></span> <span class='ocrx_word' id='word_1_139' title='bbox 528 1725 594 1790; x_wconf 89' lang='lat' dir='ltr'><strong>aliis</strong></span> <span class='ocrx_word' id='word_1_140' title='bbox 608 1724 817 1811; x_wconf 76' lang='lat' dir='ltr'><strong>spiritualibus</strong></span> <span class='ocrx_word' id='word_1_141' title='bbox 832 1723 982 1790; x_wconf 80' lang='lat' dir='ltr'><strong>creaturis</strong></span> <span class='ocrx_word' id='word_1_142' title='bbox 997 1739 1148 1804; x_wconf 88' lang='lat' dir='ltr'><strong>creatam,</strong></span> 
     </span>
     <span class='ocr_line' id='line_1_19' title="bbox 221 1811 1145 1900; baseline 0.004 -25"><span class='ocrx_word' id='word_1_143' title='bbox 221 1824 253 1876; x_wconf 90' lang='lat' dir='ltr'><strong>et</strong></span> <span class='ocrx_word' id='word_1_144' title='bbox 276 1831 293 1875; x_wconf 90' lang='lat' dir='ltr'><strong>a</strong></span> <span class='ocrx_word' id='word_1_145' title='bbox 317 1811 418 1878; x_wconf 84' lang='lat' dir='ltr'><strong>Verbo</strong></span> <span class='ocrx_word' id='word_1_146' title='bbox 441 1814 498 1878; x_wconf 88' lang='lat' dir='ltr'><strong>Dei</strong></span> <span class='ocrx_word' id='word_1_147' title='bbox 523 1828 713 1900; x_wconf 87' lang='lat' dir='ltr'><strong>assumptam</strong></span> <span class='ocrx_word' id='word_1_148' title='bbox 736 1825 767 1877; x_wconf 88' lang='lat' dir='ltr'><strong>et</strong></span> <span class='ocrx_word' id='word_1_149' title='bbox 789 1812 918 1877; x_wconf 89' lang='lat' dir='ltr'><strong>demum</strong></span> <span class='ocrx_word' id='word_1_150' title='bbox 939 1811 1021 1876; x_wconf 86' lang='lat' dir='ltr'><strong>circa</strong></span> <span class='ocrx_word' id='word_1_151' title='bbox 1045 1812 1145 1879; x_wconf 87' lang='lat' dir='ltr'><strong>linem</strong></span> 
     </span>
     <span class='ocr_line' id='line_1_20' title="bbox 220 1899 1146 1991; baseline 0.004 -26"><span class='ocrx_word' id='word_1_152' title='bbox 220 1899 413 1968; x_wconf 86' lang='lat' dir='ltr'><strong>sacculorum</strong></span> <span class='ocrx_word' id='word_1_153' title='bbox 422 1903 583 1991; x_wconf 89' lang='lat' dir='ltr'><strong>prosalute</strong></span> <span class='ocrx_word' id='word_1_154' title='bbox 596 1903 760 1968; x_wconf 89' lang='lat' dir='ltr'><strong>hominum</strong></span> <span class='ocrx_word' id='word_1_155' title='bbox 776 1921 869 1966; x_wconf 87' lang='lat' dir='ltr'><strong>carue</strong></span> <span class='ocrx_word' id='word_1_156' title='bbox 885 1900 979 1967; x_wconf 86' lang='lat' dir='ltr'><strong>fuisse</strong></span> <span class='ocrx_word' id='word_1_157' title='bbox 991 1900 1146 1969; x_wconf 85' lang='lat' dir='ltr'><strong>indutam.</strong></span> 
     </span>
    </p>
   </div>
   <div class='ocr_carea' id='block_1_3' title="bbox 507 2078 855 2149">
    <p class='ocr_par' dir='ltr' id='par_1_5' title="bbox 507 2078 855 2149">
     <span class='ocr_line' id='line_1_21' title="bbox 507 2078 855 2149; baseline -0.006 -3"><span class='ocrx_word' id='word_1_158' title='bbox 507 2079 688 2147; x_wconf 82' lang='lat' dir='ltr'><strong>CAPUT</strong></span> <span class='ocrx_word' id='word_1_159' title='bbox 721 2078 855 2149; x_wconf 81' lang='lat' dir='ltr'>XXXIV.</span> 
     </span>
    </p>
   </div>
   <div class='ocr_carea' id='block_1_4' title="bbox 255 2254 1109 2413">
    <p class='ocr_par' dir='ltr' id='par_1_6' title="bbox 255 2254 1109 2413">
     <span class='ocr_line' id='line_1_22' title="bbox 255 2254 1109 2341; baseline 0.004 -16"><span class='ocrx_word' id='word_1_160' title='bbox 255 2254 304 2325; x_wconf 84' lang='lat' dir='ltr'><strong>De</strong></span> <span class='ocrx_word' id='word_1_161' title='bbox 326 2277 431 2323; x_wconf 74' lang='lat' dir='ltr'><strong>errore</strong></span> <span class='ocrx_word' id='word_1_162' title='bbox 459 2257 612 2323; x_wconf 84' lang='lat' dir='ltr'><strong>Theodori</strong></span> <span class='ocrx_word' id='word_1_163' title='bbox 634 2257 841 2341; x_wconf 83' lang='lat' dir='ltr'><strong>Mopsuestcrti</strong></span> <span class='ocrx_word' id='word_1_164' title='bbox 861 2259 945 2325; x_wconf 87' lang='lat' dir='ltr'><strong>circo</strong></span> <span class='ocrx_word' id='word_1_165' title='bbox 965 2260 1109 2328; x_wconf 71' lang='lat' dir='ltr'><strong>amonem</strong></span> 
     </span>
     <span class='ocr_line' id='line_1_23' title="bbox 442 2347 855 2413; baseline 0.002 -1"><span class='ocrx_word' id='word_1_166' title='bbox 442 2366 444 2370; x_wconf 84' lang='lat'>·</span> <span class='ocrx_word' id='word_1_167' title='bbox 516 2347 605 2413; x_wconf 81' lang='lat' dir='ltr'><strong>Verbi</strong></span> <span class='ocrx_word' id='word_1_168' title='bbox 627 2348 671 2413; x_wconf 80' lang='lat' dir='ltr'><strong>ud</strong></span> <span class='ocrx_word' id='word_1_169' title='bbox 691 2347 855 2413; x_wconf 82' lang='lat' dir='ltr'><strong>hominem.</strong></span> 
     </span>
    </p>
   </div>
   <div class='ocr_carea' id='block_1_5' title="bbox 214 2522 1148 2875">
    <p class='ocr_par' dir='ltr' id='par_1_7' title="bbox 214 2522 1148 2875">
     <span class='ocr_line' id='line_1_24' title="bbox 283 2522 1147 2610; baseline 0.001 -21"><span class='ocrx_word' id='word_1_170' title='bbox 283 2522 326 2591; x_wconf 83' lang='lat' dir='ltr'><strong>Ex</strong></span> <span class='ocrx_word' id='word_1_171' title='bbox 349 2522 527 2610; x_wconf 84' lang='lat' dir='ltr'><strong>praemissis</strong></span> <span class='ocrx_word' id='word_1_172' title='bbox 550 2524 643 2609; x_wconf 73' lang='lat' dir='ltr'><strong>igitur</strong></span> <span class='ocrx_word' id='word_1_173' title='bbox 665 2537 793 2609; x_wconf 87' lang='lat' dir='ltr'><strong>apparet</strong></span> <span class='ocrx_word' id='word_1_174' title='bbox 816 2522 901 2609; x_wconf 88' lang='lat' dir='ltr'><strong>quod</strong></span> <span class='ocrx_word' id='word_1_175' title='bbox 924 2522 1046 2589; x_wconf 88' lang='lat' dir='ltr'><strong>Christo</strong></span> <span class='ocrx_word' id='word_1_176' title='bbox 1085 2544 1147 2591; x_wconf 88' lang='lat' dir='ltr'><strong>nec</strong></span> 
     </span>
     <span class='ocr_line' id='line_1_25' title="bbox 214 2610 1147 2691; baseline 0.003 -16"><span class='ocrx_word' id='word_1_177' title='bbox 214 2610 320 2679; x_wconf 76' lang='lat' dir='ltr'><strong>diviua</strong></span> <span class='ocrx_word' id='word_1_178' title='bbox 334 2627 453 2678; x_wconf 34' lang='lat' dir='ltr'><strong>&lt;natura</strong></span> <span class='ocrx_word' id='word_1_179' title='bbox 477 2612 586 2688; x_wconf 72' lang='lat' dir='ltr'><strong>deluit,</strong></span> <span class='ocrx_word' id='word_1_180' title='bbox 608 2626 643 2677; x_wconf 89' lang='grc' dir='ltr'><strong>ιιι</strong></span> <span class='ocrx_word' id='word_1_181' title='bbox 665 2612 774 2691; x_wconf 84' lang='lat' dir='ltr'><strong>Ebion,</strong></span> <span class='ocrx_word' id='word_1_182' title='bbox 797 2611 960 2679; x_wconf 75' lang='lat' dir='ltr'><strong>cerinthus</strong></span> <span class='ocrx_word' id='word_1_183' title='bbox 982 2627 1013 2678; x_wconf 92' lang='lat' dir='ltr'><strong>et</strong></span> <span class='ocrx_word' id='word_1_184' title='bbox 1035 2612 1147 2678; x_wconf 85' lang='lat' dir='ltr'><strong>Photi-</strong></span> 
     </span>
     <span class='ocr_line' id='line_1_26' title="bbox 214 2701 1146 2789; baseline -0.003 -22"><span class='ocrx_word' id='word_1_185' title='bbox 214 2718 274 2767; x_wconf 84' lang='lat' dir='ltr'><strong>nus</strong></span> <span class='ocrx_word' id='word_1_186' title='bbox 297 2701 451 2779; x_wconf 82' lang='lat' dir='ltr'><strong>dixerunt,</strong></span> <span class='ocrx_word' id='word_1_187' title='bbox 475 2721 532 2769; x_wconf 89' lang='lat' dir='ltr'><strong>nec</strong></span> <span class='ocrx_word' id='word_1_188' title='bbox 555 2720 664 2767; x_wconf 82' lang='lat' dir='ltr'><strong>uerum</strong></span> <span class='ocrx_word' id='word_1_189' title='bbox 687 2721 800 2789; x_wconf 87' lang='lat' dir='ltr'><strong>eorpus</strong></span> <span class='ocrx_word' id='word_1_190' title='bbox 823 2702 1146 2779; x_wconf 75' lang='lat' dir='ltr'><strong>humanumsecun-</strong></span> 
     </span>
     <span class='ocr_line' id='line_1_27' title="bbox 216 2787 1148 2875; baseline 0.005 -24"><span class='ocrx_word' id='word_1_191' title='bbox 216 2787 292 2855; x_wconf 89' lang='lat' dir='ltr'><strong>dum</strong></span> <span class='ocrx_word' id='word_1_192' title='bbox 315 2809 453 2855; x_wconf 85' lang='lat' dir='ltr'><strong>errorem</strong></span> <span class='ocrx_word' id='word_1_193' title='bbox 477 2790 646 2857; x_wconf 82' lang='lat' dir='ltr'><strong>Manichaei</strong></span> <span class='ocrx_word' id='word_1_194' title='bbox 671 2802 764 2875; x_wconf 86' lang='lat' dir='ltr'><strong>atque</strong></span> <span class='ocrx_word' id='word_1_195' title='bbox 792 2788 954 2868; x_wconf 85' lang='lat' dir='ltr'><strong>Valentini,</strong></span> <span class='ocrx_word' id='word_1_196' title='bbox 973 2809 1033 2855; x_wconf 86' lang='lat' dir='ltr'><strong>nec</strong></span> <span class='ocrx_word' id='word_1_197' title='bbox 1047 2792 1148 2856; x_wconf 86' lang='lat' dir='ltr'><strong>etiam</strong></span> 
     </span>
    </p>
   </div>
   <div class='ocr_carea' id='block_1_6' title="bbox 214 2876 1218 3052">
    <p class='ocr_par' dir='ltr' id='par_1_8' title="bbox 214 2876 1218 3052">
     <span class='ocr_line' id='line_1_28' title="bbox 215 2876 1217 2965; baseline 0.004 -24"><span class='ocrx_word' id='word_1_198' title='bbox 215 2876 352 2942; x_wconf 87' lang='lat' dir='ltr'><strong>humana</strong></span> <span class='ocrx_word' id='word_1_199' title='bbox 377 2879 582 2957; x_wconf 68' lang='lat' dir='ltr'><strong>animas-iem</strong></span> <span class='ocrx_word' id='word_1_200' title='bbox 605 2878 876 2965; x_wconf 80' lang='lat' dir='ltr'><strong>posuerunthrius</strong></span> <span class='ocrx_word' id='word_1_201' title='bbox 900 2891 931 2943; x_wconf 85' lang='lat' dir='ltr'><strong>et</strong></span> <span class='ocrx_word' id='word_1_202' title='bbox 946 2878 1146 2965; x_wconf 75' lang='lat' dir='ltr'><strong>Apollinaris.</strong></span> <span class='ocrx_word' id='word_1_203' title='bbox 1216 2889 1217 2900; x_wconf 59' lang='lat'>¹</span> 
     </span>
     <span class='ocr_line' id='line_1_29' title="bbox 214 2964 1218 3052; baseline 0.003 -21"><span class='ocrx_word' id='word_1_204' title='bbox 214 2964 268 3031; x_wconf 81' lang='lat' dir='ltr'><strong>liis</strong></span> <span class='ocrx_word' id='word_1_205' title='bbox 291 2967 384 3052; x_wconf 75' lang='lat' dir='ltr'><strong>igitur</strong></span> <span class='ocrx_word' id='word_1_206' title='bbox 400 2968 504 3033; x_wconf 82' lang='lat' dir='ltr'><strong>trihus</strong></span> <span class='ocrx_word' id='word_1_207' title='bbox 527 2966 705 3036; x_wconf 87' lang='lat' dir='ltr'><strong>substantiis</strong></span> <span class='ocrx_word' id='word_1_208' title='bbox 727 2966 761 3031; x_wconf 87' lang='lat' dir='ltr'><strong>iu</strong></span> <span class='ocrx_word' id='word_1_209' title='bbox 787 2964 908 3034; x_wconf 83' lang='lat' dir='ltr'><strong>Christo</strong></span> <span class='ocrx_word' id='word_1_210' title='bbox 929 2969 1146 3035; x_wconf 85' lang='lat' dir='ltr'><strong>convenienti·</strong></span> <span class='ocrx_word' id='word_1_211' title='bbox 1216 2979 1218 3012; x_wconf 75' lang='lat'><em>¹</em></span> 
     </span>
    </p>
   </div>
   <div class='ocr_carea' id='block_1_7' title="bbox 213 3054 1148 3589">
    <p class='ocr_par' dir='ltr' id='par_1_9' title="bbox 213 3054 1148 3397">
     <span class='ocr_line' id='line_1_30' title="bbox 214 3054 1145 3135; baseline 0.006 -16"><span class='ocrx_word' id='word_1_212' title='bbox 214 3054 284 3131; x_wconf 84' lang='lat' dir='ltr'><strong>bus,</strong></span> <span class='ocrx_word' id='word_1_213' title='bbox 305 3057 422 3121; x_wconf 85' lang='lat' dir='ltr'><strong>scilicet</strong></span> <span class='ocrx_word' id='word_1_214' title='bbox 445 3056 614 3135; x_wconf 83' lang='lat' dir='ltr'><strong>divinitate,</strong></span> <span class='ocrx_word' id='word_1_215' title='bbox 637 3056 741 3130; x_wconf 80' lang='lat' dir='ltr'><strong>anima</strong></span> <span class='ocrx_word' id='word_1_216' title='bbox 764 3055 904 3131; x_wconf 82' lang='lat' dir='ltr'><strong>humana</strong></span> <span class='ocrx_word' id='word_1_217' title='bbox 926 3070 959 3124; x_wconf 85' lang='lat' dir='ltr'><strong>et</strong></span> <span class='ocrx_word' id='word_1_218' title='bbox 985 3077 1059 3123; x_wconf 80' lang='lat' dir='ltr'><strong>sero</strong></span> <span class='ocrx_word' id='word_1_219' title='bbox 1083 3058 1145 3125; x_wconf 93' lang='lat' dir='ltr'><strong>hu·</strong></span> 
     </span>
     <span class='ocr_line' id='line_1_31' title="bbox 217 3144 1148 3231; baseline 0.004 -24"><span class='ocrx_word' id='word_1_220' title='bbox 217 3162 311 3209; x_wconf 87' lang='lat' dir='ltr'><strong>mano</strong></span> <span class='ocrx_word' id='word_1_221' title='bbox 335 3165 477 3230; x_wconf 90' lang='lat' dir='ltr'><strong>corpore,</strong></span> <span class='ocrx_word' id='word_1_222' title='bbox 499 3144 580 3211; x_wconf 89' lang='lat' dir='ltr'><strong>circa</strong></span> <span class='ocrx_word' id='word_1_223' title='bbox 602 3148 715 3212; x_wconf 86' lang='lat' dir='ltr'><strong>borum</strong></span> <span class='ocrx_word' id='word_1_224' title='bbox 738 3144 887 3214; x_wconf 82' lang='lat' dir='ltr'><strong>ttuiooom</strong></span> <span class='ocrx_word' id='word_1_225' title='bbox 910 3146 984 3231; x_wconf 89' lang='lat' dir='ltr'><strong>quid</strong></span> <span class='ocrx_word' id='word_1_226' title='bbox 1005 3148 1148 3211; x_wconf 88' lang='lat' dir='ltr'><strong>sentien-</strong></span> 
     </span>
     <span class='ocr_line' id='line_1_32' title="bbox 214 3231 1145 3322; baseline 0.004 -25"><span class='ocrx_word' id='word_1_227' title='bbox 214 3231 291 3299; x_wconf 86' lang='lat' dir='ltr'><strong>dum</strong></span> <span class='ocrx_word' id='word_1_228' title='bbox 312 3234 361 3313; x_wconf 85' lang='lat' dir='ltr'><strong>sit,</strong></span> <span class='ocrx_word' id='word_1_229' title='bbox 384 3234 556 3301; x_wconf 90' lang='lat' dir='ltr'><strong>secundum</strong></span> <span class='ocrx_word' id='word_1_230' title='bbox 573 3234 808 3321; x_wconf 86' lang='lat' dir='ltr'><strong>Scriptumrum</strong></span> <span class='ocrx_word' id='word_1_231' title='bbox 823 3236 1023 3314; x_wconf 83' lang='lat' dir='ltr'><strong>documenta,</strong></span> <span class='ocrx_word' id='word_1_232' title='bbox 1037 3236 1145 3322; x_wconf 91' lang='lat' dir='ltr'><strong>inqui·</strong></span> 
     </span>
     <span class='ocr_line' id='line_1_33' title="bbox 213 3320 742 3397; baseline 0.023 -12"><span class='ocrx_word' id='word_1_233' title='bbox 213 3320 346 3387; x_wconf 88' lang='lat' dir='ltr'><strong>rendum</strong></span> <span class='ocrx_word' id='word_1_234' title='bbox 373 3335 479 3389; x_wconf 88' lang='lat' dir='ltr'><strong>restat.</strong></span> <span class='ocrx_word' id='word_1_235' title='bbox 738 3388 742 3397; x_wconf 89' lang='lat'>.</span> 
     </span>
    </p>

    <p class='ocr_par' dir='ltr' id='par_1_10' title="bbox 213 3408 1147 3589">
     <span class='ocr_line' id='line_1_34' title="bbox 279 3408 1141 3499; baseline 0.005 -24"><span class='ocrx_word' id='word_1_236' title='bbox 279 3408 464 3479; x_wconf 79' lang='lat' dir='ltr'><strong>Theodorus</strong></span> <span class='ocrx_word' id='word_1_237' title='bbox 485 3412 582 3496; x_wconf 77' lang='lat' dir='ltr'><strong>igitur</strong></span> <span class='ocrx_word' id='word_1_238' title='bbox 604 3412 887 3499; x_wconf 71' lang='lat' dir='ltr'><strong>llopsuestenusct</strong></span> <span class='ocrx_word' id='word_1_239' title='bbox 899 3410 1057 3479; x_wconf 86' lang='lat' dir='ltr'><strong>Nestorius</strong></span> <span class='ocrx_word' id='word_1_240' title='bbox 1067 3412 1141 3497; x_wconf 82' lang='lat' dir='ltr'><strong>ejus</strong></span> 
     </span>
     <span class='ocr_line' id='line_1_35' title="bbox 213 3499 1147 3589; baseline 0.002 -24"><span class='ocrx_word' id='word_1_241' title='bbox 213 3511 347 3587; x_wconf 85' lang='lat' dir='ltr'><strong>sectator</strong></span> <span class='ocrx_word' id='word_1_242' title='bbox 368 3499 462 3568; x_wconf 84' lang='lat' dir='ltr'><strong>talem</strong></span> <span class='ocrx_word' id='word_1_243' title='bbox 485 3502 674 3585; x_wconf 81' lang='lat' dir='ltr'><strong>senteutiam</strong></span> <span class='ocrx_word' id='word_1_244' title='bbox 696 3499 737 3567; x_wconf 87' lang='lat' dir='ltr'><strong>de</strong></span> <span class='ocrx_word' id='word_1_245' title='bbox 759 3499 917 3588; x_wconf 81' lang='lat' dir='ltr'><strong>praedicta</strong></span> <span class='ocrx_word' id='word_1_246' title='bbox 940 3502 1147 3589; x_wconf 78' lang='lat' dir='ltr'><strong>uniompro-</strong></span> 
     </span>
    </p>
   </div>
   <div class='ocr_carea' id='block_1_8' title="bbox 0 0 1246 3975">
    <p class='ocr_par' dir='ltr' id='par_1_11' title="bbox 0 0 1246 3975">
     <span class='ocr_line' id='line_1_36' title="bbox 0 0 1246 3975; baseline 0 1"><span class='ocrx_word' id='word_1_247' title='bbox 0 0 1246 3975; x_wconf 95' lang='lat' dir='ltr'><strong> </strong></span> 
     </span>
    </p>
   </div>
  </div>
 </body>
</html>
