2484 3975
208 181 278 249 bid
463 208 465 211 ·
587 198 760 262 oroscucurt
877 203 881 210 ·

210 269 294 337 aliod
318 275 355 335 eit
378 267 505 334 materia
528 279 559 332 et
582 266 680 334 iorma
703 263 920 352 compositum.
943 261 1138 353 Relinquitur

209 361 314 446 igitur,
336 356 508 424 secundum
543 357 746 422 intentionem
781 354 968 442 Scriptum,
1003 356 1138 440 Angelos

208 447 428 514 immateriales
450 466 526 510 csse.
551 481 594 494 -
618 447 789 530 Utrumque
811 461 915 510 autem
949 445 1065 510 borum
1087 463 1138 510 ex·

208 558 318 622 presse
341 535 479 620 Dionysii
503 533 604 598 verbis
627 533 804 610 adstruitur,
841 534 905 621 qui,
939 532 979 598 de
1014 533 1138 618 Angelis

209 626 350 711 loquens,
372 624 447 689 dicit
469 622 553 708 quod
583 649 598 679 ι
620 622 846 688 intellectuales
884 621 1076 688 substantiae
1098 622 1137 690 ab

210 715 365 787 uniuersass
387 712 595 797 corruptione,
634 723 733 776 morta
762 724 793 776 ct
826 709 954 778 materia
1003 710 1139 778 mundae

209 802 354 880 esistunt,
375 801 505 867 et.sicnt
528 799 737 886 incorporales
759 813 790 864 ct
813 799 1137 867 immaterialesintel·

210 891 351 976 ligrmtur
372 889 438 975 (de
460 889 561 953 Dicin.
584 888 728 964 Nomin.‚
751 909 778 954 c.
802 888 849 970 l)
873 917 911 966 ις
948 889 1042 954 etium
1066 889 1140 955 dicit

210 979 294 1066 quod
324 1008 339 1038 ι
361 979 464 1044 divina
500 977 662 1060 dispositio
696 978 914 1044 immateriales
948 977 1139 1062 Angelorum

211 1069 399 1134 hierarchias
437 1066 645 1132 materialibus
679 1066 786 1152 liguris
820 1068 925 1133 uariis·
947 1067 1074 1132 tradidit
1118 1091 1132 1128 s

210 1156 367 1238 (Caelest.
392 1156 494 1232 Hier..
516 1176 542 1220 c.
573 1155 639 1238 l)·‚
672 1170 703 1220 et
740 1156 860 1241 quaerh
897 1173 993 1242 quare
1023 1154 1139 1222 r'sacri

210 1246 371 1324 Duriores,
393 1245 432 1310 ad
455 1243 878 1329 corporalemlornationcm
896 1245 1138 1330 incorporalium

210 1334 357 1419 (scilicet
379 1333 595 1419 Angelorum]
627 1335 794 1414 venientes,
829 1355 891 1400 non
925 1333 1140 1418 figuraverunt
1222 1411 1223 1422 χ

211 1423 252 1488 de
275 1423 502 1509 pretiosissimis
526 1422 642 1507 figuris,
654 1423 708 1488 sed
725 1422 980 1490 immaterialibus
993 1423 1141 1488 substan·
1222 1425 1223 1430 ’

213 1513 263 1578 tiis
284 1526 316 1578 et
335 1511 540 1579 deilormibus
562 1511 807 1598 simplicitatibus
844 1525 983 1576 terrenas
1005 1511 1141 1596 ¹ligurus

212 1603 463 1688 imposuerunt»
494 1599 598 1685 (lbid.
655 1621 721 1686 cap.
745 1601 802 1684 D).
835 1601 875 1666 Er
910 1600 1021 1686 quibus
1059 1613 1142 1687 patet

213 1690 358 1759 omuibus
380 1691 460 1754 hanc
485 1688 578 1754 luisse
599 1688 739 1774 Dionysii
762 1688 946 1754 sententiam
969 1689 1055 1774 duod
1080 1690 1142 1754 llu-

213 1778 273 1863 geli
296 1793 368 1844 sunt
381 1778 600 1842 immateriales
615 1792 647 1842 et
662 1777 818 1863 simplices
833 1777 1030 1844 substantiae.
1049 1777 1140 1860 Qrsod

212 1870 307 1932 etiam
332 1888 368 1933 er
393 1867 452 1931 boc
475 1879 557 1950 patet
579 1865 663 1952 quod
699 1865 876 1952 frequenter
912 1887 966 1932 eos
1000 1867 1141 1932 nominat

215 1955 365 2022 caelestes
388 1955 560 2021 intellectus
582 1977 638 2023 seu
662 1955 779 2021 divinas
801 1967 930 2023 mentes.
965 1955 1141 2022 intellectus

213 2060 319 2112 sutem
342 2059 372 2111 et
394 2066 484 2108 mens
506 2045 622 2133 aliquid
647 2047 861 2131 incorporeum
884 2058 915 2110 et
938 2044 1142 2111 immateriale

213 2148 271 2214 eal,
295 2150 327 2200 ut
351 2134 555 2219 Philosophus
578 2136 688 2222 probat
710 2134 780 2206 (de
803 2134 922 2213 Anima,
946 2134 1003 2220 3).
1039 2136 1142 2218 Augu·

214 2226 313 2291 uinus
335 2226 428 2289 etiam
451 2223 523 2288 dicit
546 2224 631 2309 qood
661 2250 675 2287 s
699 2223 874 2309 primodie
897 2243 959 2309 qtto
984 2225 1035 2288 lux
1065 2221 1142 2289 lacta

214 2329 273 2393 cst,
301 2314 436 2380 conditio
469 2315 634 2395 spiritualis
669 2326 699 2377 et
732 2312 944 2377 intellectualis
980 2326 1143 2378 creaturas

215 2403 292 2470 lucis
316 2402 520 2490 appellatione
543 2402 711 2475 intimatur,
745 2400 776 2466 in
801 2421 861 2487 qttu
900 2412 1008 2466 natura
1032 2401 1145 2467 intelli·

214 2506 333 2575 guntor
354 2512 464 2557 omnes
486 2492 581 2556 sancti
598 2490 706 2575 hngcli
729 2489 990 2576 asqoevtrtotas»
1013 2490 1146 2577 (Super

141 2611 143 2617 ·
218 2578 296 2647 Gen.
319 2581 358 2646 ad
383 2579 463 2657 litt,
485 2601 512 2646 c.
539 2580 574 2645 ll
596 2581 618 2662 ).
634 2580 843 2645 Damasccnus
867 2578 959 2644 etiam
974 2576 1145 2666 dicitquod

216 2670 350 2755 Angelus
373 2683 419 2733 cst
448 2670 654 2733 «substantia
677 2668 891 2733 intellectualis
928 2680 959 2731 et
998 2668 1143 2752 incorpo-

216 2778 269 2823 rea
291 2781 324 2835 »3
346 2757 401 2822 sed
417 2756 554 2823 dubium
579 2756 648 2821 iacit
671 2755 753 2842 quod
779 2770 883 2841 postea
912 2755 1023 2821 subdit:
1057 2756 1144 2821 «lu-
1222 2764 1223 2801 l

216 2866 384 2933 corporeus
407 2861 510 2911 autem
533 2859 564 2911 et
598 2843 811 2911 immaterialis
845 2844 957 2910 dicitnr
994 2859 1146 2929 quantum

216 2935 263 3002 sd>
281 2956 347 3011 aos;
369 2955 465 3000 omne
487 2936 583 3011 enim,
604 2948 817 3019 comparatum
842 2933 881 2998 ad
900 2932 1016 3008 Deum,
1055 2954 1144 3018 gros-

216 3045 287 3089 sum
311 3039 341 3088 et
366 3023 524 3088 materiale
549 3024 707 3089 inuenitur¹
724 3044 757 3097 »ς
779 3022 863 3107 quod
887 3021 925 3086 ad
962 3022 1019 3087 hoc
1056 3023 1146 3087 indu·

218 3112 298 3179 citor
321 3128 354 3177 ut
376 3133 439 3177 non
463 3112 642 3177 aestimetur
664 3110 810 3195 Angelus,
832 3122 958 3198 propter
987 3130 1076 3175 suam
1100 3113 1146 3176 in-

218 3202 455 3288 corporeitatem
478 3215 509 3266 et
532 3200 833 3269 immaterialitatem,
857 3198 992 3264 divinant
1029 3199 1147 3286 simpli·

218 3290 342 3357 citatem
366 3310 510 3374 aestuare.
534 3288 715 3376 Corporales
730 3310 803 3355 tero
818 3287 934 3373 ugerae
951 3308 1011 3353 seu
1025 3285 1145 3354 iormac

219 3399 299 3463 quae
324 3382 354 3443 in
378 3378 535 3464 Scriptura
558 3399 646 3444 sacru
670 3376 960 3461 interdttmdngelis
975 3376 1147 3443 attribuun-
1222 3378 1223 3455 Ῠ

218 3479 280 3553 ιιιτΙ
293 3486 349 3553 per
370 3469 540 3555 qnamdam
570 3466 805 3535 similitudinem
822 3479 894 3535 sunt
917 3464 1145 3553 intelligendam
1222 3466 1223 3487 ²
