2484 3975
300 257 338 302 nu
360 255 544 304 suasrttrrus
566 259 719 305 secuntus
904 237 969 308 dli

72 325 91 387 is
113 323 177 388 eliis
199 327 357 402 creaturis,
379 326 530 392 subditur:
548 328 631 408 Quia
653 327 845 414 ipocrisis,
868 339 899 393 et
919 329 968 412 s·

72 423 102 477 to
124 425 202 489 tuntr
224 414 295 498 Ipse
315 415 486 499 mandauit,
510 428 540 481 et
561 429 749 483 eructarunt
771 416 888 498 (ibid,
911 418 970 501 d).

72 501 181 568 -Sed
204 515 235 566 et
257 503 527 590 Dionysiusbaue
550 507 701 592 originem
736 505 888 572 subtiliter
919 525 972 572 et·

75 592 154 667 licat,
177 591 294 657 dicens:
324 592 499 658 «Primum
535 595 611 660 illud
646 595 750 660 dicere
784 611 891 660 rerum
924 608 971 659 est

73 679 134 744 uod
158 678 293 746 bonitate
315 680 479 747 universali
516 684 780 769 superessentialis
818 681 970 766 divinitas,

72 787 157 834 orum
180 788 260 854 quae
280 785 352 834 sunt
374 770 522 836 essentias
548 773 747 850 substituens,
769 771 808 837 ad
824 791 891 838 esse
914 771 970 838 sd·

72 858 173 922 inxit»
202 857 358 938 (Caelest.
382 858 475 937 ilion,
498 880 524 925 c.
548 862 608 948 d).
627 861 661 927 Et
684 877 751 946 post
774 881 870 946 pauca
896 862 970 927 sub·

75 947 95 1010 it
116 945 198 1031 quod
229 948 344 1033 «ipsae
366 948 515 1013 caelestes
549 951 739 1015 substantiae
762 962 834 1014 sunt
869 951 969 1036 primu

72 1049 81 1099 t
104 1034 311 1121 multiplieiter
334 1037 365 1101 in
389 1037 621 1125 participatione
632 1039 690 1105 Dei
704 1039 801 1104 iactae
815 1059 847 1115 »3
869 1051 900 1103 et
923 1039 969 1103 di·

72 1124 91 1187 it
112 1123 194 1209 quod
225 1139 376 1210 :propter
398 1125 519 1191 divinoe
542 1127 686 1194 bonitatis
724 1127 837 1201 radios,
859 1127 969 1193 substi-

72 1226 151 1278 rrunt
173 1213 378 1298 intelligibiles
388 1228 419 1279 et
430 1215 650 1282 intellectuales
661 1237 769 1282 omnes
781 1217 969 1283 substantiae

72 1316 81 1367 t
106 1302 231 1368 virtutes
253 1317 284 1366 et
306 1304 511 1388 operationes.
527 1305 657 1389 Propter
678 1307 752 1370 istos
775 1320 847 1372 sunt
870 1319 900 1370 et
924 1309 969 1370 vi-

72 1404 122 1454 unt
144 1404 175 1453 et
196 1391 289 1457 vitam
329 1393 443 1458 babent
480 1394 737 1460 indeficientem»
779 1395 844 1479 (de
868 1395 969 1460 Diviu.

75 1479 180 1557 emin„
201 1500 230 1546 c.
254 1482 315 1562 lt).
332 1481 424 1563 Quod
448 1494 585 1548 autema
609 1483 675 1548 Deo
703 1483 882 1548 immediate
898 1505 970 1570 pro·

71 1582 158 1633 uctae
178 1570 239 1635 sint
260 1590 369 1636 omnes
392 1571 566 1656 spirituales
605 1573 817 1646 substantiae,
855 1586 885 1638 et
909 1595 971 1639 nun

72 1657 147 1721 ›lum
170 1678 345 1744 supremae,
355 1662 504 1745 expressit
514 1664 567 1725 sic:
590 1662 846 1737 «Sanctissimae,
864 1663 973 1748 inquit,

72 1747 383 1832 tprovidentissimae
405 1750 530 1812 virtutes
564 1753 731 1815 existentes
764 1763 795 1814 et
829 1749 908 1814 sieut
942 1751 973 1816 in

72 1836 206 1902 estibulis
225 1857 320 1923 super
331 1837 539 1904 substantialis
552 1838 711 1904 Trinitatis
727 1838 910 1918 collocatae,
934 1841 974 1905 ab

72 1943 113 1989 rsa
126 1925 192 1990 etin
204 1926 269 2007 ipsa
281 1940 312 1991 et
322 1945 391 1992 esse
401 1940 432 1991 et
443 1925 634 1994 deiformiter
645 1948 712 1994 esse
725 1927 849 2005 babent3
862 1941 892 1993 et
907 1942 976 2016 post
995 2004 996 2009 ἵ

72 2013 114 2077 las
136 2015 294 2100 subjectae
317 2015 373 2097 (id
387 2029 433 2081 est
447 2015 609 2083 inferiores
633 2018 803 2109 supremis)
836 2017 975 2105 subjecta

73 2102 104 2166 id
127 2118 173 2167 cst
197 2104 332 2170 inferiori
355 2104 476 2189 modo)
498 2126 565 2171 esse
588 2106 703 2171 babent
725 2107 834 2183 nDeo;
861 2120 891 2171 et
925 2126 976 2172 et-

73 2212 166 2257 emae
190 2194 249 2277 (id
275 2209 322 2259 est
347 2194 495 2282 infimae)
534 2208 672 2261 extreme
704 2196 829 2279 (idest
865 2195 973 2263 infimo

73 2280 173 2368 todo)
196 2285 275 2348 sieut
296 2283 335 2347 td
358 2283 502 2367 Angelos,
524 2284 602 2349 sieut
640 2284 677 2348 ad
714 2306 770 2351 nos
794 2300 897 2350 autem
920 2304 972 2350 stt·

73 2372 263 2437 ermundane
284 2372 354 2458 (de
366 2372 465 2436 Diviu.
483 2372 618 2449 Nomin.‚
641 2394 668 2438 c.
693 2373 737 2460 5)
754 2402 785 2439 ι.
803 2374 861 2440 Per
884 2373 969 2459 quod

73 2472 99 2522 st
121 2460 293 2544 intelligere
315 2460 399 2547 quod
421 2481 530 2526 omncs
550 2462 754 2547 spiritualium
785 2463 970 2527 substantia·
1052 2529 1055 2538 ,

73 2567 117 2611 tm
143 2549 429 2616 ordineserdivina
453 2549 651 2635 dispositione
673 2550 882 2629 instituuntur,
904 2570 968 2617 nou

73 2659 83 2699 t
107 2636 168 2701 hoe
190 2638 274 2722 qttod
297 2660 358 2704 una
381 2658 488 2703 earum
511 2653 654 2703 causetur
687 2640 726 2703 ab
760 2640 828 2705 alia.
853 2639 887 2705 Et
909 2640 970 2706 hoc

73 2729 236 2811 tpressius:
266 2728 374 2793 «Sane
395 2740 452 2805 est,
486 2726 595 2810 iuquit,
618 2728 758 2792 omnium
791 2748 903 2793 unusne
942 2741 973 2793 et

73 2834 145 2899 iper
166 2816 272 2880 omnia
297 2814 440 2897 bonitatis
473 2818 632 2902 proprium
656 2816 695 2880 ad
718 2818 973 2883 commuirionem

73 2922 138 2967 ram
162 2924 199 2968 aa
223 2926 302 2991 quae
324 2917 396 2970 attnt
417 2923 538 2979 vocarer
561 2905 639 2969 sieut
677 2906 842 2992 unicuique
865 2926 975 2973 eorum
1066 2967 1072 2974 f

74 3012 130 3056 uae
153 3008 227 3057 sunt
249 3014 285 3058 eu
309 2992 432 3080 propria
448 2992 757 3079 delinituranalogia;
774 3015 978 3081 unamquam-

74 3099 111 3145 ue
135 3087 221 3146 enim
244 3102 309 3147 rem
334 3083 490 3148 cottstituit
527 3083 558 3146 in
597 3082 708 3146 ordine
740 3083 790 3170 qui
832 3084 980 3171 competit

74 3190 126 3234 tae
149 3184 305 3237 naturae»
334 3171 490 3259 (Caelest.
515 3170 609 3249 llice,
633 3190 659 3237 e.
684 3171 743 3255 l).

116 3257 268 3326 Similiter
305 3263 398 3326 etiam
432 3258 619 3325 christianae
653 3259 794 3345 religioni
830 3272 981 3346 repugnat

74 3346 136 3412 uod
160 3350 335 3435 spirituales
357 3348 546 3414 substantiae
568 3349 608 3413 ab
632 3350 806 3415 slioetalio
830 3350 980 3436 principio

74 3436 190 3501 abeant
213 3439 381 3503 bonitatem
405 3451 434 3504 et
458 3458 526 3502 esse
549 3451 579 3503 et
602 3437 694 3503 vitam
729 3452 759 3503 et
792 3439 850 3504 alia
874 3438 979 3521 hujus·

74 3526 137 3593 todi
162 3547 244 3615 quae
266 3530 422 3615 pertinent
442 3526 483 3594 ad
505 3548 613 3593 earum
637 3526 866 3615 perlectionem.
900 3524 977 3605 Nam
