2484 3975
195 213 259 278 &Sd
569 233 738 280 oruscttuat

262 301 303 368 Er
327 300 505 388 praemissis
522 321 596 388 ergo
613 304 782 368 tenendum
804 315 851 368 est
873 301 967 388 quod,
990 303 1121 390 proprie

193 390 360 477 loquendo,
382 391 512 456 verbum
547 411 671 478 semper
704 392 815 457 dicitur
848 391 1050 478 personaliter
1085 394 1117 456 in

193 479 314 556 divinis,
336 499 409 545 cum
433 499 494 544 non
519 480 665 564 importet
689 480 746 546 nisi
769 479 843 566 quid
873 499 1053 564 expressum
1075 478 1117 544 ab

194 568 393 653 intelligente.
417 567 502 632 Patet
536 571 631 634 etiam
663 567 748 655 quod
786 567 915 633 verbum
939 570 969 632 in
1003 567 1117 633 divinis
1223 566 1224 577 ’

193 672 238 722 nst
261 655 431 722 similitudo
455 654 522 741 ejus
544 679 560 722 c
585 677 648 744 quo
663 655 814 744 procedit,
828 656 1013 744 etquodest
1027 677 1117 722 cuae·
1224 672 1225 717 i

193 759 315 811 ternum
340 747 408 812 cia
443 765 505 832 quo
530 744 678 832 procedit,
713 765 785 812 cum
807 765 870 812 non
905 744 997 810 luerit
1031 746 1118 832 prius

192 833 355 900 formabile
377 853 472 921 quarn
504 832 682 913 formatum,
719 833 774 900 sed
812 854 936 920 semper
970 834 1002 899 iu
1036 846 1120 911 actu,
1225 838 1227 913 i

190 935 223 986 et
245 922 328 1008 quod
352 922 390 988 sit
417 923 545 1009 aequate
581 923 675 1001 Petri,
710 943 782 988 cutu
818 923 858 990 sit
892 921 1063 1009 perlectum
1087 936 1119 986 et

192 1012 284 1078 totius
307 1032 374 1078 esse
397 1009 494 1076 Patris
517 1013 737 1098 expressivum,
760 1023 791 1078 et
814 1011 898 1098 quod
920 1013 957 1076 sit
972 1031 1117 1076 coessen-
1227 1046 1228 1053 κ

192 1101 262 1164 tiele
286 1116 316 1168 et
339 1100 597 1166 consubstantiale
621 1100 808 1180 Petrinum
831 1100 870 1166 sit
892 1100 1061 1170 subsistens
1085 1100 1117 1166 in

192 1203 299 1254 natura
323 1188 400 1274 ejus.
424 1189 510 1255 Patet
546 1190 641 1255 etiarn
673 1189 769 1275 quod,
804 1209 877 1256 cum
911 1189 941 1254 in
979 1188 1118 1274 qualibet

194 1293 302 1342 natura
327 1277 357 1342 ld
381 1277 464 1362 quod
491 1277 630 1364 procedit
664 1277 783 1344 habens
820 1277 1053 1344 similitudinem
1087 1290 1119 1342 et

193 1381 334 1430 naturam
357 1364 424 1451 ejus
446 1387 463 1432 a
487 1387 549 1452 quo
573 1366 712 1453 procedit
734 1381 860 1433 vocetur
890 1366 982 1443 filius,
1004 1379 1035 1432 et
1058 1365 1120 1432 hoc

193 1453 226 1518 lit
249 1455 280 1520 ‘m
305 1452 406 1520 Verbo
430 1455 514 1542 quod
537 1456 568 1521 in
586 1455 653 1522 Deo
668 1455 787 1522 dicatur
799 1455 893 1522 Filius
907 1469 939 1522 et
954 1454 1121 1542 productio
1231 1478 1233 1559 ’Χ

193 1541 259 1630 ejus
282 1542 393 1610 dicitur
414 1545 583 1630 generatio.
