2484 3975
137 312 141 321 Ι
414 257 470 302 aru.
496 258 532 302 rr.
557 256 762 303 saeuum.
985 234 1050 306 509

134 336 293 409 gmentum
316 337 364 390 est
386 340 488 391 motus
512 327 668 398 naturalis:
680 324 807 391 intentio
830 337 933 391 autem
957 328 1051 395 virtu·

132 415 172 479 tis
196 413 340 479 naturalis
364 416 514 479 moventis
552 436 710 501 nunquam
746 429 792 480 est
814 415 852 479 ad
887 414 1051 497 inlinitum,

132 503 187 567 sed
211 524 335 586 semper
357 516 404 567 est
427 504 465 569 ad
489 504 604 589 aliquid
626 518 756 579 certum,
778 504 860 588 quia,
884 516 918 569 ut
941 504 1051 570 dicitur

132 592 165 656 iu
188 592 325 657 secundo
348 591 387 655 de
411 592 518 657 Anima
543 594 640 676 (text.
663 612 778 656 comm.
813 591 848 656 ll
866 592 892 676 ),
914 597 1051 658 omnium

130 692 247 747 acturo
270 683 474 745 coustantium
498 684 645 746 termines
659 692 706 745 cst
719 682 942 766 magnitudinis
956 693 986 745 ct
996 702 1054 747 eo·

130 772 255 855 ymenti.
290 766 323 834 ¹Si
348 785 450 835 autem
476 791 537 835 uon
569 780 692 856 semper
715 769 785 834 cibo
820 782 921 834 utetur
955 770 1050 837 bunio

131 878 309 943 resurgens,
332 879 455 943 semper
478 872 580 924 autem
606 860 695 936 viret,
708 858 767 923 erit
788 857 912 943 aliquod
929 872 1050 943 tempus

129 946 209 1011 'dare
233 948 262 1012 in
287 968 349 1033 quo
372 948 440 1012 cibo
466 969 527 1013 noo
541 962 652 1025 utetur;
675 967 771 1032 quare
794 948 853 1013 boc
870 947 1050 1034 aprincipio

131 1034 307 1101 laciendum
321 1051 375 1101 est.
390 1035 457 1101 Non
470 1037 560 1121 igitur
573 1038 668 1101 bomo
679 1056 843 1119 resurgens
856 1036 925 1101 cibo
938 1050 1049 1101 utetur.

200 1123 231 1188 Si
256 1138 358 1189 autem
380 1144 443 1189 nou
468 1139 569 1189 utetur
592 1126 672 1203 cibo,
687 1125 826 1211 sequitur
848 1123 930 1211 quod
948 1144 1049 1210 neque

132 1232 336 1277 venerearum
361 1233 450 1279 usum
476 1214 610 1290 babebit,
635 1214 672 1278 ad
696 1234 789 1299 quern
813 1214 979 1299 requiritur
992 1214 1048 1278 ds·

131 1300 209 1365 cisio
231 1302 366 1366 seminis.
391 1303 412 1366 Α
438 1322 567 1388 corpore
590 1316 691 1366 autern
730 1303 917 1385 resurgentis
940 1320 1048 1367 semen

134 1388 236 1455 decidi
259 1410 321 1454 nou
346 1391 457 1476 poterit
480 1410 581 1475 neque
604 1410 642 1456 er
679 1390 847 1455 substantia
876 1390 953 1476 ejus:
984 1405 1050 1457 tum

132 1478 205 1563 quia
229 1479 287 1543 boc
311 1493 358 1544 est
380 1493 486 1544 eontra
511 1480 661 1544 rationem
701 1480 838 1557 seminis3
862 1492 943 1544 essct
965 1480 1050 1546 enim

129 1585 239 1631 semen
263 1568 293 1630 iu
317 1568 473 1653 corrumpi
499 1568 549 1651 (l)
579 1582 648 1633 eta
683 1581 791 1631 natura
828 1568 987 1645 recedens,
1022 1582 1053 1633 ct

130 1653 176 1719 sic
199 1674 259 1719 nou
284 1670 386 1741 posset
410 1676 481 1721 esse
506 1656 651 1721 naturalis
668 1656 795 1720 actionis
807 1657 1003 1742 principium,
1018 1672 1052 1722 ut

129 1755 214 1829 patet
238 1764 292 1828 per
315 1744 537 1831 Philosophum
568 1745 638 1828 (de
662 1743 805 1809 Generat.
823 1744 965 1820 Animal,
987 1745 1007 1809 l.
1025 1747 1054 1826 l,

131 1850 160 1895 c.
186 1830 267 1915 l8):
291 1846 354 1896 tum
380 1834 473 1897 etiarn
498 1833 569 1919 quia
596 1854 611 1897 a
636 1834 807 1898 substantia¹
844 1832 966 1898 illorum
990 1854 1070 1900 cor·

129 1930 242 2006 porum
267 1921 544 2008 incorruptibilium
561 1924 755 1988 existentium
780 1920 855 1986 nibil
881 1922 1057 2010 resolripo-

82 2073 93 2092 f
130 2009 214 2084 terit;
239 2030 295 2074 uec
320 2012 410 2076 etiam
436 2029 543 2076 semen
561 2031 629 2076 esse
653 2013 765 2096 poterit
787 2009 981 2096 superfluum
998 2012 1053 2078 ali·

130 2097 241 2173 meriti,
261 2099 284 2162 si
297 2113 493 2188 resurgentes
515 2100 590 2164 cibis
604 2114 667 2164 nou
691 2112 828 2176 utuntur,
841 2114 872 2164 ut
896 2114 1053 2166 ostensum

131 2199 190 2252 est.
207 2185 273 2252 Non
287 2188 378 2272 igitur
391 2189 420 2252 in
434 2188 665 2272 resurgentibus
680 2189 737 2252 erit
750 2207 958 2268 uenereorum,
968 2209 1051 2255 usus.

200 2275 286 2352 bem,
309 2276 519 2341 l'enereorurn
545 2297 616 2340 usus
641 2277 679 2340 ad
711 2278 941 2360 generationem
965 2277 1049 2343 ordi·

129 2375 232 2428 natur.
256 2364 287 2428 Si
311 2365 403 2448 igitur
419 2378 486 2450 post
503 2366 758 2430 resurrectionem
771 2368 828 2429 erit
844 2384 1047 2432 venerearum

73 2535 75 2540 ι
127 2471 215 2530 usus,
239 2454 296 2518 uisi
320 2455 356 2517 sit
380 2453 501 2530 lrustra,
525 2455 663 2540 sequitur
700 2454 782 2539 quod
806 2469 882 2519 tune
901 2455 994 2520 etiam
1016 2475 1048 2520 e·

127 2540 170 2605 rit
192 2540 353 2606 bominum
376 2543 545 2625 generatio,
568 2543 644 2606 sieut
668 2557 698 2606 et
721 2562 812 2608 nuuc.
847 2543 930 2607 llulti
955 2543 1048 2628 igitur

127 2627 272 2694 homines
308 2644 398 2694 erunt
427 2643 495 2714 post
531 2632 785 2696 resurrectionem
821 2633 966 2717 quiante
1000 2652 1048 2702 re·

124 2719 351 2792 surrectionem
381 2739 444 2782 nou
479 2718 610 2784 luerunt.
645 2720 767 2784 Frustra
805 2723 896 2805 igitur
929 2734 1048 2790 tautum

127 2803 271 2870 dillertur
303 2806 486 2872 resurreetio
520 2822 725 2885 mortuorum,
748 2820 781 2872 ut
803 2826 925 2875 ‘ornnes
957 2811 1076 2877 simul'

126 2893 222 2959 vitam
248 2896 397 2981 accipiant
420 2897 471 2981 qui
496 2897 638 2962 eamdem
664 2897 779 2961 babent
807 2911 961 2965 astruam.

198 2983 347 3066 Amplius,
370 2984 400 3048 Si
425 2999 494 3068 post
515 2987 776 3050 resurrectionem
810 2987 867 3050 crit
891 2988 1053 3054 bominum

128 3073 301 3154 generatio,
326 3087 378 3136 aut
401 3073 494 3156 igitur
516 3075 560 3138 illi
584 3074 636 3159 qui
675 3074 908 3154 generabuntur
941 3077 1054 3142 iterum

129 3175 380 3245 corrumpentur,
403 3176 455 3226 eut
478 3160 724 3246 incorruptibiles
747 3176 837 3227 erunt
860 3178 902 3229 ‘et
926 3165 1054 3230 immor·

126 3246 217 3313 tales.
234 3249 320 3314 -Si
346 3263 448 3315 autern
474 3263 563 3315 erunt
588 3250 836 3334 incorruptibiles
859 3265 890 3314 et
928 3254 1054 3319 immor-

128 3334 217 3414 tales,
242 3338 337 3404 multa
362 3339 605 3403 inconvenientia
642 3352 822 3423 sequuntur.
860 3341 965 3406 Primo
988 3342 1054 3426 qui-

126 3423 307 3511 demanio
332 3425 483 3512 oportebit
508 3445 625 3512 ponere
647 3427 729 3513 quod
756 3427 797 3491 illi
822 3429 963 3494 homiues
985 3431 1052 3495 sine

181 3528 308 3603 lllsssret
321 3549 407 3587 rouen
416 3533 593 3604 incorrumpr',
607 3531 624 3586 i.
634 3549 657 3587 e.
670 3540 739 3587 esset
750 3534 778 3587 iu
792 3533 833 3592 ria
851 3536 1036 3607 corruptionis
