2484 3975
416 244 471 290 tra.
495 244 531 289 ru.
562 244 624 289 aar.
650 244 756 291 nrxrn.
974 227 1040 294 tot

13 293 16 306 ¹
123 310 246 391 riantur,
269 324 321 376 aut
344 312 455 379 iterum
481 315 519 379 ab
542 312 593 377 itta
618 329 718 378 morte
741 319 851 379 iterato
878 332 1038 400 resurgent

122 416 264 467 autnon.
288 402 318 465 Si
343 423 405 467 non
438 416 610 484 resurgent,
648 403 854 468 remanebunt
888 414 1038 491 perpetuo

121 492 238 556 animae
262 504 431 577 separatae,
453 491 537 576 quod
566 504 613 555 est
635 491 865 569 inconveniens,
888 510 920 555 ut
943 514 1038 579 supra

119 579 231 645 dietum
252 596 310 655 est,
332 578 371 644 ad
396 580 481 666 quod
505 576 683 643 evitandum
708 594 865 664 ponuntur
895 595 963 668 post
986 602 1037 647 re·

117 684 252 752 surgere3
275 666 333 746 uei,
358 669 383 732 si
407 681 476 754 post
498 667 667 733 secundam
691 681 823 733 mortem
848 690 909 734 non
933 689 1035 735 resur·

117 771 198 836 gent,
221 754 303 822 nulla
327 758 384 821 erit
406 777 497 821 eausa
521 776 617 842 quare
636 769 704 842 post
717 757 846 842 primam
864 772 1035 842 resurgant.

115 840 146 906 Si
168 856 272 909 antem
296 858 365 930 post
386 845 553 910 secundam
576 859 709 909 mortem
739 844 846 910 iterato
863 861 1035 931 resurgent,

9 978 10 983 η
116 945 166 995 aut
190 946 351 1017 resurgent
374 933 485 997 iterum
509 934 651 999 morituri
674 945 822 999 autnon.
844 932 875 997 Si
900 955 962 1000 non
980 937 1035 1000 ite„

8 1032 11 1073 ι
115 1036 183 1084 runt
207 1022 358 1099 morituri,
380 1022 489 1087 eadent
513 1023 632 1087 ratione
668 1023 728 1087 hoe
760 1023 819 1087 erit
854 1024 1034 1108 ponendum

8 1148 9 1165 2
114 1123 143 1173 et
164 1110 197 1173 in
221 1110 319 1195 prima
343 1112 581 1175 resurrectione.
602 1108 634 1173 Si
656 1130 729 1175 aero
753 1111 863 1176 iterum
879 1111 1034 1189 morituri,

113 1200 257 1282 praemiet
281 1199 311 1261 in
335 1198 487 1263 insanitum
511 1198 677 1263 alternatio
700 1199 807 1264 mortis
843 1212 875 1265 et
897 1201 977 1265 uitae
999 1202 1033 1265 iu

112 1288 222 1351 eodem
246 1285 398 1372 subjecto,
421 1288 502 1372 quod
534 1286 657 1353 ‘videtur
669 1287 898 1365 inconveniens
908 1303 1032 1375 oportet

111 1375 193 1439 enim
217 1376 299 1461 quod
324 1376 452 1440 intentio
477 1376 533 1440 Dei
555 1376 729 1441 suscitantis
762 1376 801 1440 ad
836 1376 952 1463 aliquid
975 1378 1031 1443 de·

110 1464 305 1529 terminatum
328 1462 455 1528 feratur:
477 1466 541 1551 ipsa
565 1478 668 1528 autem
692 1464 800 1532 mortis
822 1479 853 1530 et
883 1468 962 1531 uitae
985 1466 1029 1531 ai-

108 1554 239 1616 ternatio
261 1553 432 1617 successiva
457 1568 503 1618 est
525 1552 613 1638 quasi
637 1553 790 1639 quaedam
815 1557 1029 1621 transmutatio

109 1658 188 1725 quae
212 1642 279 1705 finis
302 1661 369 1705 esse
393 1662 454 1707 non
479 1654 592 1729 potsse
611 1656 658 1705 eat
680 1641 764 1711 enim
797 1654 905 1707 eontra
939 1644 1030 1708 ratio-

109 1747 181 1792 nem
206 1744 308 1793 motus
332 1729 414 1815 quod
437 1732 475 1797 ait
497 1730 577 1806 finis,
615 1748 687 1795 eum
722 1733 824 1795 omnia
856 1742 958 1797 motus
996 1735 1029 1797 iu

107 1816 191 1882 aiiud
215 1816 328 1883 tendat.

175 1906 348 1984 Praeterea,
373 1906 502 1971 intentio
525 1905 679 1971 inferioris
702 1919 830 1971 naturae
851 1904 883 1972 in
905 1907 1027 1992 agendo

107 1993 146 2060 ad
171 1997 405 2082 perpetuitatem
429 1995 537 2072 fertum
560 1997 661 2060 omnis
683 1996 768 2060 enim
801 2009 929 2060 naturae
951 1997 1028 2062 inie-

106 2086 196 2148 rioris
219 2087 297 2151 aetio
310 2085 348 2150 ad
360 2085 592 2169 generationem
617 2085 786 2164 ordinetur,
801 2085 1026 2170 uniusquidem

106 2171 176 2236 finis
199 2187 246 2238 est
268 2187 302 2238 ut
316 2188 514 2240 conservetur
526 2193 593 2238 esse
609 2188 792 2260 perpetuum
803 2175 931 2260 speeiei3
943 2178 1026 2240 unde

105 2275 214 2325 natura
239 2281 301 2326 raon
325 2262 456 2328 intendit
480 2263 539 2328 hoo
563 2263 753 2327 individuum
777 2263 1026 2328 sieut'uitimunr

104 2348 210 2428 tinem,
234 2352 288 2415 sed
312 2351 425 2438 speciei
448 2352 717 2416 conservationem
752 2352 783 2414 in
807 2351 884 2437 ipso.
908 2352 942 2416 Et
965 2354 1026 2416 hoe

105 2438 198 2503 habet
222 2453 329 2504 natura
355 2440 536 2526 inquantum
560 2440 623 2522 agit
643 2439 677 2503 in
701 2439 810 2503 uirtute
838 2438 907 2516 Dei,
945 2459 1025 2524 quae

103 2523 272 2612 est'prima
297 2527 383 2594 radia
408 2531 631 2614 perpetuitatis3
654 2526 736 2592 uude
758 2527 849 2592 etiam
876 2528 947 2600 tinia
968 2548 1024 2611 ge·

102 2615 270 2681 uenationis
294 2637 360 2682 esse
383 2619 546 2703 punitura
571 2615 760 2701 enitosoptio
783 2615 853 2700 (de
878 2616 1021 2681 Generat.

101 2716 132 2766 et
156 2702 254 2781 Corn,
278 2720 348 2770 text.
371 2725 485 2769 eomrn.
510 2704 582 2790 59)
618 2720 654 2768 ut
672 2719 817 2788 generata
841 2705 1022 2790 participent

10 2809 13 2816 ⁴
104 2811 174 2856 esse
188 2792 333 2858 annnam
356 2793 525 2858 seeundum
551 2794 796 2879 perpetuitatem.
819 2792 914 2858 Multo
930 2795 1022 2877 igitur

104 2881 203 2964 tnagis
225 2884 305 2947 actio
327 2883 422 2968 ipsius
445 2883 502 2946 Dei
523 2885 562 2946 ad
586 2882 701 2966 atiquid
719 2896 902 2968 perpetuum
914 2881 1020 2948 tendit.

103 2966 298 3034 Resurrectio
321 2985 423 3038 autem
447 2991 509 3036 uon
532 2969 692 3035 ordinatur
714 2970 754 3033 ad
784 2973 1021 3056 perpetuitatem

100 3060 230 3142 apaeiei3
250 3061 327 3124 haee
349 3061 432 3124 euim
458 3080 512 3144 per
535 3063 765 3143 generationem
794 3073 911 3144 poterat
944 3079 1019 3125 ton-

99 3149 227 3211 aervari.
251 3146 381 3234 Oportet
404 3150 496 3232 igitur
518 3147 602 3233 quod
626 3149 794 3212 ordinetur.
808 3146 848 3211 ati
863 3151 1019 3234 perpetui-

100 3247 194 3298 tatem
218 3236 378 3301 indiuidui.
402 3236 468 3300 Non
492 3250 595 3300 autem
618 3238 937 3302 seeundumanimam
951 3250 1018 3300 tea-

98 3337 177 3401 tum;
201 3324 260 3390 hoe
282 3327 364 3390 enim
385 3324 449 3410 jam
474 3325 576 3388 anima
610 3323 744 3388 hahebat
776 3338 848 3388 ante
872 3344 1017 3390 resurre-

96 3412 242 3478 etionem.
267 3413 346 3498 Ergo
369 3413 539 3479 seeundum
562 3413 777 3499 compositum,
802 3410 901 3479 Homo
924 3415 1016 3498 igitur

96 3502 261 3585 resurgens
284 3517 433 3588 perpetuo
456 3503 544 3566 uiuet.
773 3558 789 3568 ,,
904 3563 907 3568 ,
958 3535 963 3550 1
1013 3556 1017 3564 ,

144 3587 174 3652 S.
212 3590 266 3655 tt.
292 3589 436 3654 Summae
460 3591 539 3654 t’tnt.
567 3589 599 3656 V.
626 3589 655 3654 5.
926 3591 969 3655 ⁹20

117 3773 130 3806 Ι
