2484 3975
203 183 270 249 leti
417 146 420 151 .
480 203 484 208 ·
577 204 750 251 oroseonen

203 270 304 357 primo
326 286 358 337 et
378 270 503 338 'nummo
525 293 631 338 rerum
670 272 830 360 principio,
867 290 959 359 qoem
994 270 1134 338 dieimne

202 361 315 440 Deum,
338 381 401 426 non
433 374 537 427 temen
560 363 738 429 immediate
760 361 825 440 sed,
850 361 957 427 ordine
981 359 1135 447 quodem.

202 447 285 516 Cum·
314 451 398 516 enirn
429 451 577 538 primurn.
597 471 702 518 rerum
725 449 908 538 principium
932 451 970 515 eit
1004 450 1129 534 penitus

202 559 300 604 unum
322 553 353 603 et
385 540 527 626 simplex,
562 561 626 606 non
648 541 898 606 existimauerunt
920 538 1005 624 qnod
1027 537 1068 602 eb
1091 558 1134 604 eo
1226 601 1227 614 2

201 627 384 714 procederet
413 628 470 693 nisi
506 649 614 706 unnm3
647 627 732 716 qued
754 627 892 715 quidem,
925 627 981 692 etei
998 627 1134 692 oeeterie
1226 703 1227 710 p

201 717 296 782 rebus
318 715 516 782 inferioribus
536 718 705 807 simplicius
721 717 760 782 sit
783 731 813 782 et
829 717 927 801 megie
942 736 1051 790 unum,
1073 714 1133 780 de·

202 804 265 870 lieit
287 818 390 870 temen
414 807 545 891 oprimi
569 805 776 894 simplieitnte‘
797 806 829 871 in
852 819 1001 891 quantum
1024 805 1133 890 ipsnrn

201 913 263 959 non
286 908 333 960 ent
355 912 446 960 suum
470 915 547 974 eene,
568 897 624 960 eetl
647 911 695 962 eet
715 895 883 960 substantie
906 894 1024 959 hebens
1046 913 1135 971 essee

200 995 231 1046 et
254 984 335 1048 hene
358 984 516 1050 nominent
530 984 763 1071 intelligentiam
788 984 930 1070 primum,
954 1003 1044 1068 eque
1058 982 1132 1066 qui-

203 1071 275 1136 dem
296 1072 361 1157 jem
384 1073 491 1138 dieunt
512 1073 600 1160 plote
632 1094 722 1158 poese
746 1073 923 1159 procedere.
960 1071 1048 1150 Nem,
1078 1091 1131 1136 se*-

201 1161 338 1226 eundum
367 1160 451 1245 qnod
474 1163 664 1228 convertitur
686 1163 724 1228 nd
764 1159 996 1246 intelligendum
1035 1179 1132 1226 suum

202 1249 332 1335 simplex
355 1263 386 1314 et
409 1252 544 1336 primurn
568 1253 765 1340 principium,
788 1250 893 1316 dieunt
916 1248 999 1335 quod
1023 1249 1063 1313 eb
1091 1269 1130 1314 ee

203 1337 342 1424 procedit
365 1338 565 1424 intelligentie
587 1341 735 1416 eeeundn3
758 1354 848 1426 prout
882 1359 955 1404 vero
993 1338 1131 1425 seipsum

201 1425 344 1512 intelligit
366 1428 538 1495 seeundum
561 1429 592 1494 tt
614 1429 699 1515 quod
721 1443 768 1494 est
802 1425 1072 1493 intelleetnelitetis
1096 1427 1130 1492 in

202 1535 250 1593 en,
274 1516 415 1601 prodoeit
437 1518 573 1583 animem
597 1519 687 1604 primi
711 1517 805 1594 orbis3
829 1529 920 1602 prout
943 1535 1019 1580 vero
1040 1514 1134 1580 intel-

202 1604 269 1688 ligit
283 1606 417 1691 eeipeetn
441 1621 589 1693 quentum
613 1605 652 1672 ed
676 1606 706 1672 id
730 1605 812 1694 qnod
836 1607 936 1671 estin
960 1625 995 1669 ee
1013 1603 1052 1667 de
1077 1623 1132 1690 po·

204 1693 310 1772 tentie,
333 1693 472 1780 procedit
492 1695 533 1760 eb
554 1715 593 1760 eo
615 1714 728 1783 eorpus
751 1696 897 1780 primum;
935 1706 967 1758 et
1004 1693 1049 1758 eie
1073 1711 1134 1778 per

202 1781 344 1848 ordinem
376 1803 474 1869 usque
504 1783 543 1848 nd
566 1784 674 1850 ultime
711 1802 877 1867 coeperunt
900 1782 983 1849 lrune
1006 1801 1132 1868 proeee-

201 1888 270 1936 eum
295 1872 430 1956 epritno
457 1873 609 1960 prineipio
647 1872 864 1939 determinent.
903 1871 938 1937 Et
972 1871 1049 1935 lteee
1084 1879 1133 1936 est

181 1958 314 2049 'positio
337 1961 524 2039 Avieennee,
548 1981 630 2049 qnee
653 1961 746 2029 etiem
776 1961 904 2029 rideeur
926 1957 1058 2048 supponi
1098 1959 1130 2025 in
1228 1982 1229 2005 t

201 2047 284 2114 libro
307 2049 347 2114 de
369 2048 486 2117 Ceueie.
1228 2128 1229 2137 ἵ

269 2138 351 2203 lleee
374 2152 478 2205 entem
501 2140 612 2229 positio
634 2142 727 2205 etiem
753 2140 853 2226 primo
876 2150 1000 2225 espeetu
1022 2156 1131 2223 repro·

203 2225 314 2293 hebilie
344 2227 473 2297 videtne.

268 2316 390 2382 Bonum
413 2317 497 2384 enim
520 2316 654 2383 universi
679 2316 779 2404 potius
804 2335 871 2383 este
894 2334 987 2403 quern
1011 2314 1132 2381 bonnm

204 2403 353 2491 cujusque
377 2406 566 2493 particularis
582 2420 710 2472 neturne
732 2407 896 2472 inuenitur.
919 2402 1056 2469 Destruit
1072 2422 1135 2467 ett-

206 2506 268 2559 tem
293 2494 445 2561 rationem
470 2494 543 2561 boni
567 2496 597 2559 in
623 2494 857 2582 particularibus
879 2493 1036 2559 edentibus
1072 2510 1132 2557 ne·

204 2599 291 2649 tnree
313 2585 362 2650 vel
385 2583 468 2663 ertis,
491 2586 516 2649 si
540 2584 608 2672 quis
643 2582 863 2671 perfectionem
902 2582 1026 2647 elieetus
1064 2599 1131 2647 non

203 2670 346 2738 attribuet
369 2672 531 2739 intentioni
556 2672 685 2757 egentis,
709 2692 781 2737 oum
805 2670 968 2735 eedemeit
982 2670 1058 2735 retio
1074 2669 1133 2734 bo·

202 2760 235 2826 ni
258 2778 289 2825 et
318 2760 400 2838 ente
421 2774 452 2828 et
474 2762 545 2827 ideo
569 2760 746 2827 Aristoteles
769 2759 945 2844 reprobarit
984 2760 1130 2844 entique·

148 2875 150 2878 ·
202 2871 273 2915 rum
287 2848 509 2916 netureliumo
532 2851 680 2928 inionem,
697 2849 748 2935 qui
767 2860 937 2935 posuerunt
951 2845 1065 2913 formes
1080 2865 1133 2911 re·

203 2958 273 3003 rurn
295 2957 376 3024 qeee
399 2872 578 3004 naturaliter
600 2952 790 3025 generentur
813 2950 843 3002 et
881 2935 941 3001 elie
978 2933 1131 3000 netnrelie

203 3026 285 3108 bone
309 3046 372 3093 non
396 3046 464 3091 esee
486 3028 602 3091 intente
628 3048 644 3091 e
667 3040 789 3105 nature,
815 3024 870 3091 sed
906 3025 1067 3111 provenire
1090 3042 1131 3090 ex
1228 3050 1229 3093 4

202 3117 386 3182 nenessitete
406 3116 565 3184 meteriee.
579 3114 674 3200 linito
687 3116 779 3201 igitur
794 3114 893 3201 megin
908 3112 1130 3181 inconveniens

202 3218 249 3269 est
271 3219 304 3269 ut
327 3204 445 3270 bonnm
470 3205 603 3284 universi
629 3224 692 3269 non
723 3206 883 3289 proveniet
918 3222 956 3267 ex
985 3200 1130 3267 intentio·
1228 3272 1229 3287 χ

202 3312 244 3357 ne
267 3292 450 3357 universalis
473 3292 602 3377 egentis,
625 3292 680 3357 sed
704 3292 838 3377 quedem
854 3290 1032 3357 necessitate
1043 3288 1129 3353 ordi·
1228 3300 1229 3305 ’

201 3380 251 3444 nie
274 3398 392 3445 rernm.
416 3379 447 3443 st
471 3394 574 3445 eutern
599 3381 717 3445 bonum
743 3381 888 3458 universi,
910 3378 993 3463 quod
1009 3378 1041 3443 in
1063 3376 1126 3441 die·

203 3466 353 3564 tinctione
377 3480 408 3532 et
429 3466 540 3534 ordine
561 3469 700 3533 consistit
723 3468 869 3556 partium,
891 3485 928 3533 en
958 3466 1131 3533 intentione
