<?xml version="1.0" encoding="UTF-8"?>
<!DOCTYPE html PUBLIC "-//W3C//DTD XHTML 1.0 Transitional//EN"
    "http://www.w3.org/TR/xhtml1/DTD/xhtml1-transitional.dtd">
<html xmlns="http://www.w3.org/1999/xhtml" xml:lang="en" lang="en">
 <head>
  <title>
</title>
<meta http-equiv="Content-Type" content="text/html;charset=utf-8" />
  <meta name='ocr-system' content='tesseract 3.04.00' />
  <meta name='ocr-capabilities' content='ocr_page ocr_carea ocr_par ocr_line ocrx_word'/>
</head>
<body>
  <div class='ocr_page' id='page_1' title='image "./sanctithomaeaqu01thomgoog_0590.png"; bbox 0 0 2484 3975; ppageno 0'>
   <div class='ocr_carea' id='block_1_1' title="bbox 191 205 1129 2419">
    <p class='ocr_par' dir='ltr' id='par_1_1' title="bbox 198 205 750 270">
     <span class='ocr_line' id='line_1_1' title="bbox 198 205 750 270; baseline 0 -1"><span class='ocrx_word' id='word_1_1' title='bbox 198 205 263 270; x_wconf 71' lang='lat'><strong>57⁰</strong></span> <span class='ocrx_word' id='word_1_2' title='bbox 578 223 750 270; x_wconf 84' lang='lat' dir='ltr'><strong>oruscututt</strong></span> 
     </span>
    </p>

    <p class='ocr_par' dir='ltr' id='par_1_2' title="bbox 194 290 1129 1002">
     <span class='ocr_line' id='line_1_2' title="bbox 196 290 1126 380; baseline 0.002 -22"><span class='ocrx_word' id='word_1_3' title='bbox 196 291 356 371; x_wconf 86' lang='lat' dir='ltr'><strong>materiae,</strong></span> <span class='ocrx_word' id='word_1_4' title='bbox 364 291 413 357; x_wconf 91' lang='lat' dir='ltr'><strong>illa</strong></span> <span class='ocrx_word' id='word_1_5' title='bbox 422 303 521 379; x_wconf 90' lang='lat' dir='ltr'><strong>potest</strong></span> <span class='ocrx_word' id='word_1_6' title='bbox 532 292 714 359; x_wconf 84' lang='lat' dir='ltr'><strong>individuari</strong></span> <span class='ocrx_word' id='word_1_7' title='bbox 728 306 759 359; x_wconf 88' lang='lat' dir='ltr'><strong>et</strong></span> <span class='ocrx_word' id='word_1_8' title='bbox 770 290 964 380; x_wconf 90' lang='lat' dir='ltr'><strong>multiplicari</strong></span> <span class='ocrx_word' id='word_1_9' title='bbox 972 313 1027 380; x_wconf 85' lang='lat' dir='ltr'><strong>per</strong></span> <span class='ocrx_word' id='word_1_10' title='bbox 1038 313 1126 360; x_wconf 87' lang='lat' dir='ltr'><strong>eom·</strong></span> 
     </span>
     <span class='ocr_line' id='line_1_3' title="bbox 194 379 1129 469; baseline 0.001 -22"><span class='ocrx_word' id='word_1_11' title='bbox 194 382 388 468; x_wconf 84' lang='lat' dir='ltr'><strong>parationem</strong></span> <span class='ocrx_word' id='word_1_12' title='bbox 413 379 452 446; x_wconf 92' lang='lat' dir='ltr'><strong>ad</strong></span> <span class='ocrx_word' id='word_1_13' title='bbox 476 381 647 447; x_wconf 72' lang='lat' dir='ltr'><strong>materiam.</strong></span> <span class='ocrx_word' id='word_1_14' title='bbox 668 381 738 448; x_wconf 88' lang='lat' dir='ltr'><strong>lant</strong></span> <span class='ocrx_word' id='word_1_15' title='bbox 761 394 865 446; x_wconf 91' lang='lat' dir='ltr'><strong>autem</strong></span> <span class='ocrx_word' id='word_1_16' title='bbox 889 401 981 469; x_wconf 84' lang='lat' dir='ltr'><strong>supra</strong></span> <span class='ocrx_word' id='word_1_17' title='bbox 1018 381 1129 448; x_wconf 82' lang='lat' dir='ltr'><strong>ostet‘t·</strong></span> 
     </span>
     <span class='ocr_line' id='line_1_4' title="bbox 195 468 1123 558; baseline 0.002 -24"><span class='ocrx_word' id='word_1_18' title='bbox 195 489 265 537; x_wconf 78' lang='lat' dir='ltr'><strong>cum</strong></span> <span class='ocrx_word' id='word_1_19' title='bbox 288 483 334 535; x_wconf 86' lang='lat' dir='ltr'><strong>est</strong></span> <span class='ocrx_word' id='word_1_20' title='bbox 357 469 441 556; x_wconf 92' lang='lat' dir='ltr'><strong>quod</strong></span> <span class='ocrx_word' id='word_1_21' title='bbox 463 468 636 538; x_wconf 80' lang='lat' dir='ltr'><strong>intellectus</strong></span> <span class='ocrx_word' id='word_1_22' title='bbox 659 482 705 536; x_wconf 82' lang='lat' dir='ltr'><strong>eat</strong></span> <span class='ocrx_word' id='word_1_23' title='bbox 727 470 823 536; x_wconf 73' lang='lat' dir='ltr'><strong>virtue</strong></span> <span class='ocrx_word' id='word_1_24' title='bbox 845 468 969 535; x_wconf 86' lang='lat' dir='ltr'><strong>animae</strong></span> <span class='ocrx_word' id='word_1_25' title='bbox 983 484 1123 558; x_wconf 83' lang='lat' dir='ltr'><strong>quaeeat</strong></span> 
     </span>
     <span class='ocr_line' id='line_1_5' title="bbox 197 558 1124 645; baseline 0 -21"><span class='ocrx_word' id='word_1_26' title='bbox 197 572 283 626; x_wconf 81' lang='lat' dir='ltr'><strong>actua</strong></span> <span class='ocrx_word' id='word_1_27' title='bbox 315 559 463 645; x_wconf 78' lang='lat' dir='ltr'><strong>corporis.</strong></span> <span class='ocrx_word' id='word_1_28' title='bbox 500 559 533 623; x_wconf 93' lang='lat' dir='ltr'><strong>ln</strong></span> <span class='ocrx_word' id='word_1_29' title='bbox 568 558 673 626; x_wconf 76' lang='lat' dir='ltr'><strong>multia</strong></span> <span class='ocrx_word' id='word_1_30' title='bbox 707 558 799 645; x_wconf 72' lang='lat' dir='ltr'><strong>igitur</strong></span> <span class='ocrx_word' id='word_1_31' title='bbox 835 559 1017 645; x_wconf 84' lang='lat' dir='ltr'><strong>corporibus</strong></span> <span class='ocrx_word' id='word_1_32' title='bbox 1051 573 1124 625; x_wconf 86' lang='lat' dir='ltr'><strong>tunt</strong></span> 
     </span>
     <span class='ocr_line' id='line_1_6' title="bbox 194 646 1126 723; baseline 0.001 -11"><span class='ocrx_word' id='word_1_33' title='bbox 194 648 312 713; x_wconf 89' lang='lat' dir='ltr'><strong>multae</strong></span> <span class='ocrx_word' id='word_1_34' title='bbox 335 649 469 723; x_wconf 83' lang='lat' dir='ltr'><strong>animae,</strong></span> <span class='ocrx_word' id='word_1_35' title='bbox 493 659 523 712; x_wconf 88' lang='lat' dir='ltr'><strong>et</strong></span> <span class='ocrx_word' id='word_1_36' title='bbox 553 647 584 714; x_wconf 90' lang='lat' dir='ltr'><strong>in</strong></span> <span class='ocrx_word' id='word_1_37' title='bbox 615 647 719 713; x_wconf 80' lang='lat' dir='ltr'><strong>multia</strong></span> <span class='ocrx_word' id='word_1_38' title='bbox 742 646 905 713; x_wconf 73' lang='lat' dir='ltr'><strong>animabus</strong></span> <span class='ocrx_word' id='word_1_39' title='bbox 938 662 1011 715; x_wconf 86' lang='lat' dir='ltr'><strong>tunt</strong></span> <span class='ocrx_word' id='word_1_40' title='bbox 1046 648 1126 714; x_wconf 88' lang='lat' dir='ltr'><strong>mul·</strong></span> 
     </span>
     <span class='ocr_line' id='line_1_7' title="bbox 197 735 1123 823; baseline -0.001 -21"><span class='ocrx_word' id='word_1_41' title='bbox 197 749 247 802; x_wconf 87' lang='lat' dir='ltr'><strong>tae</strong></span> <span class='ocrx_word' id='word_1_42' title='bbox 285 735 412 802; x_wconf 86' lang='lat' dir='ltr'><strong>virtutes</strong></span> <span class='ocrx_word' id='word_1_43' title='bbox 445 736 690 815; x_wconf 75' lang='lat' dir='ltr'><strong>intellectuales,</strong></span> <span class='ocrx_word' id='word_1_44' title='bbox 731 757 812 823; x_wconf 88' lang='lat' dir='ltr'><strong>quae</strong></span> <span class='ocrx_word' id='word_1_45' title='bbox 850 748 1000 802; x_wconf 80' lang='lat' dir='ltr'><strong>vocantur</strong></span> <span class='ocrx_word' id='word_1_46' title='bbox 1031 737 1123 802; x_wconf 85' lang='lat' dir='ltr'><strong>itttel·</strong></span> 
     </span>
     <span class='ocr_line' id='line_1_8' title="bbox 197 823 1125 912; baseline 0.005 -24"><span class='ocrx_word' id='word_1_47' title='bbox 197 823 305 903; x_wconf 84' lang='lat' dir='ltr'><strong>lectus3</strong></span> <span class='ocrx_word' id='word_1_48' title='bbox 329 845 387 890; x_wconf 90' lang='lat' dir='ltr'><strong>nec</strong></span> <span class='ocrx_word' id='word_1_49' title='bbox 410 837 535 912; x_wconf 91' lang='lat' dir='ltr'><strong>propter</strong></span> <span class='ocrx_word' id='word_1_50' title='bbox 560 824 620 891; x_wconf 85' lang='lat' dir='ltr'><strong>ltoo</strong></span> <span class='ocrx_word' id='word_1_51' title='bbox 657 825 797 911; x_wconf 80' lang='lat' dir='ltr'><strong>sequitur</strong></span> <span class='ocrx_word' id='word_1_52' title='bbox 829 823 914 911; x_wconf 93' lang='lat' dir='ltr'><strong>quod</strong></span> <span class='ocrx_word' id='word_1_53' title='bbox 951 824 1125 893; x_wconf 70' lang='lat' dir='ltr'><strong>intellectu·</strong></span> 
     </span>
     <span class='ocr_line' id='line_1_9' title="bbox 196 913 990 1002; baseline 0 -24"><span class='ocrx_word' id='word_1_54' title='bbox 196 913 235 979; x_wconf 85' lang='lat' dir='ltr'><strong>sit</strong></span> <span class='ocrx_word' id='word_1_55' title='bbox 258 914 355 979; x_wconf 80' lang='lat' dir='ltr'><strong>uirtus</strong></span> <span class='ocrx_word' id='word_1_56' title='bbox 377 913 558 992; x_wconf 85' lang='lat' dir='ltr'><strong>materialia,</strong></span> <span class='ocrx_word' id='word_1_57' title='bbox 579 926 613 979; x_wconf 91' lang='lat' dir='ltr'><strong>ut</strong></span> <span class='ocrx_word' id='word_1_58' title='bbox 634 933 728 1002; x_wconf 82' lang='lat' dir='ltr'><strong>supra</strong></span> <span class='ocrx_word' id='word_1_59' title='bbox 751 926 911 980; x_wconf 83' lang='lat' dir='ltr'><strong>oeteueum</strong></span> <span class='ocrx_word' id='word_1_60' title='bbox 934 927 990 979; x_wconf 77' lang='lat' dir='ltr'><strong>ece</strong></span> 
     </span>
    </p>

    <p class='ocr_par' dir='ltr' id='par_1_3' title="bbox 194 1001 1123 1953">
     <span class='ocr_line' id='line_1_10' title="bbox 262 1001 1123 1088; baseline 0 -21"><span class='ocrx_word' id='word_1_61' title='bbox 262 1001 294 1068; x_wconf 92' lang='lat' dir='ltr'><strong>Si</strong></span> <span class='ocrx_word' id='word_1_62' title='bbox 319 1002 387 1088; x_wconf 83' lang='lat' dir='ltr'><strong>quia</strong></span> <span class='ocrx_word' id='word_1_63' title='bbox 410 1014 514 1068; x_wconf 88' lang='lat' dir='ltr'><strong>autem</strong></span> <span class='ocrx_word' id='word_1_64' title='bbox 537 1001 661 1088; x_wconf 85' lang='lat' dir='ltr'><strong>objiciat</strong></span> <span class='ocrx_word' id='word_1_65' title='bbox 684 1002 780 1088; x_wconf 89' lang='lat' dir='ltr'><strong>quod,</strong></span> <span class='ocrx_word' id='word_1_66' title='bbox 815 1002 841 1068; x_wconf 79' lang='lat' dir='ltr'><strong>ai</strong></span> <span class='ocrx_word' id='word_1_67' title='bbox 880 1001 1123 1088; x_wconf 86' lang='lat' dir='ltr'><strong>multiplicantur</strong></span> 
     </span>
     <span class='ocr_line' id='line_1_11' title="bbox 195 1089 1120 1179; baseline 0.002 -25"><span class='ocrx_word' id='word_1_68' title='bbox 195 1089 366 1157; x_wconf 85' lang='lat' dir='ltr'><strong>secundum</strong></span> <span class='ocrx_word' id='word_1_69' title='bbox 389 1110 530 1177; x_wconf 88' lang='lat' dir='ltr'><strong>corpora,</strong></span> <span class='ocrx_word' id='word_1_70' title='bbox 552 1090 693 1179; x_wconf 80' lang='lat' dir='ltr'><strong>sequitur</strong></span> <span class='ocrx_word' id='word_1_71' title='bbox 714 1092 809 1178; x_wconf 87' lang='lat' dir='ltr'><strong>quod,</strong></span> <span class='ocrx_word' id='word_1_72' title='bbox 831 1091 994 1156; x_wconf 75' lang='lat' dir='ltr'><strong>destructio</strong></span> <span class='ocrx_word' id='word_1_73' title='bbox 1008 1111 1120 1177; x_wconf 91' lang='lat' dir='ltr'><strong>corpo·</strong></span> 
     </span>
     <span class='ocr_line' id='line_1_12' title="bbox 196 1169 1120 1266; baseline 0.001 -22"><span class='ocrx_word' id='word_1_74' title='bbox 196 1176 291 1258; x_wconf 83' lang='lat' dir='ltr'><strong>ribus,</strong></span> <span class='ocrx_word' id='word_1_75' title='bbox 313 1197 377 1245; x_wconf 89' lang='lat' dir='ltr'><strong>nott</strong></span> <span class='ocrx_word' id='word_1_76' title='bbox 399 1192 560 1244; x_wconf 76' lang='lat' dir='ltr'><strong>remanent</strong></span> <span class='ocrx_word' id='word_1_77' title='bbox 583 1180 699 1246; x_wconf 92' lang='lat' dir='ltr'><strong>multae</strong></span> <span class='ocrx_word' id='word_1_78' title='bbox 722 1181 858 1255; x_wconf 89' lang='lat' dir='ltr'><strong>animae,</strong></span> <span class='ocrx_word' id='word_1_79' title='bbox 893 1192 975 1266; x_wconf 90' lang='lat' dir='ltr'><strong>patet</strong></span> <span class='ocrx_word' id='word_1_80' title='bbox 1007 1169 1120 1245; x_wconf 78' lang='lat' dir='ltr'><strong>solutio</strong></span> 
     </span>
     <span class='ocr_line' id='line_1_13' title="bbox 195 1267 1121 1355; baseline 0 -22"><span class='ocrx_word' id='word_1_81' title='bbox 195 1287 309 1355; x_wconf 87' lang='lat' dir='ltr'><strong>perca</strong></span> <span class='ocrx_word' id='word_1_82' title='bbox 332 1286 414 1354; x_wconf 88' lang='lat' dir='ltr'><strong>quae</strong></span> <span class='ocrx_word' id='word_1_83' title='bbox 439 1267 519 1332; x_wconf 90' lang='lat' dir='ltr'><strong>dicta</strong></span> <span class='ocrx_word' id='word_1_84' title='bbox 557 1280 639 1334; x_wconf 86' lang='lat' dir='ltr'><strong>aunt.</strong></span> <span class='ocrx_word' id='word_1_85' title='bbox 674 1267 923 1355; x_wconf 83' lang='lat' dir='ltr'><strong>Unumquodque</strong></span> <span class='ocrx_word' id='word_1_86' title='bbox 955 1268 1041 1333; x_wconf 83' lang='lat' dir='ltr'><strong>enim</strong></span> <span class='ocrx_word' id='word_1_87' title='bbox 1076 1269 1121 1333; x_wconf 85' lang='lat' dir='ltr'><strong>sie</strong></span> 
     </span>
     <span class='ocr_line' id='line_1_14' title="bbox 195 1355 1121 1442; baseline 0.002 -22"><span class='ocrx_word' id='word_1_88' title='bbox 195 1368 241 1420; x_wconf 81' lang='lat' dir='ltr'><strong>est</strong></span> <span class='ocrx_word' id='word_1_89' title='bbox 263 1375 319 1424; x_wconf 82' lang='lat' dir='ltr'><strong>ena</strong></span> <span class='ocrx_word' id='word_1_90' title='bbox 341 1357 420 1420; x_wconf 82' lang='lat' dir='ltr'><strong>sicut</strong></span> <span class='ocrx_word' id='word_1_91' title='bbox 442 1363 487 1421; x_wconf 79' lang='lat' dir='ltr'><strong>etr</strong></span> <span class='ocrx_word' id='word_1_92' title='bbox 510 1377 618 1436; x_wconf 84' lang='lat' dir='ltr'><strong>unum,</strong></span> <span class='ocrx_word' id='word_1_93' title='bbox 642 1369 674 1422; x_wconf 93' lang='lat' dir='ltr'><strong>ut</strong></span> <span class='ocrx_word' id='word_1_94' title='bbox 698 1356 810 1423; x_wconf 90' lang='lat' dir='ltr'><strong>dicitur</strong></span> <span class='ocrx_word' id='word_1_95' title='bbox 831 1358 863 1424; x_wconf 91' lang='lat' dir='ltr'><strong>in</strong></span> <span class='ocrx_word' id='word_1_96' title='bbox 885 1370 995 1442; x_wconf 90' lang='lat' dir='ltr'><strong>quarto</strong></span> <span class='ocrx_word' id='word_1_97' title='bbox 1026 1355 1121 1422; x_wconf 86' lang='lat' dir='ltr'><strong>lieta-</strong></span> 
     </span>
     <span class='ocr_line' id='line_1_15' title="bbox 195 1443 1121 1544; baseline 0.002 -35"><span class='ocrx_word' id='word_1_98' title='bbox 195 1444 404 1544; x_wconf 80' lang='lat' dir='ltr'><strong>physicorum.</strong></span> <span class='ocrx_word' id='word_1_99' title='bbox 428 1443 513 1510; x_wconf 89' lang='lat' dir='ltr'><strong>Sicut</strong></span> <span class='ocrx_word' id='word_1_100' title='bbox 535 1444 629 1530; x_wconf 78' lang='lat' dir='ltr'><strong>igitur</strong></span> <span class='ocrx_word' id='word_1_101' title='bbox 651 1463 720 1511; x_wconf 82' lang='lat' dir='ltr'><strong>esee</strong></span> <span class='ocrx_word' id='word_1_102' title='bbox 753 1446 876 1510; x_wconf 85' lang='lat' dir='ltr'><strong>animae</strong></span> <span class='ocrx_word' id='word_1_103' title='bbox 908 1458 958 1511; x_wconf 81' lang='lat' dir='ltr'><strong>eet</strong></span> <span class='ocrx_word' id='word_1_104' title='bbox 994 1444 1121 1531; x_wconf 77' lang='lat' dir='ltr'><strong>quidem</strong></span> 
     </span>
     <span class='ocr_line' id='line_1_16' title="bbox 195 1532 1121 1620; baseline 0.002 -23"><span class='ocrx_word' id='word_1_105' title='bbox 195 1553 229 1599; x_wconf 93' lang='lat' dir='ltr'><strong>m</strong></span> <span class='ocrx_word' id='word_1_106' title='bbox 253 1553 385 1620; x_wconf 90' lang='lat' dir='ltr'><strong>corpore</strong></span> <span class='ocrx_word' id='word_1_107' title='bbox 408 1532 589 1620; x_wconf 74' lang='lat' dir='ltr'><strong>inquantum</strong></span> <span class='ocrx_word' id='word_1_108' title='bbox 612 1547 658 1600; x_wconf 85' lang='lat' dir='ltr'><strong>est</strong></span> <span class='ocrx_word' id='word_1_109' title='bbox 681 1533 779 1600; x_wconf 79' lang='lat' dir='ltr'><strong>forma</strong></span> <span class='ocrx_word' id='word_1_110' title='bbox 812 1534 951 1620; x_wconf 82' lang='lat' dir='ltr'><strong>corporis</strong></span> <span class='ocrx_word' id='word_1_111' title='bbox 983 1553 1042 1599; x_wconf 88' lang='lat' dir='ltr'><strong>nec</strong></span> <span class='ocrx_word' id='word_1_112' title='bbox 1075 1547 1121 1599; x_wconf 87' lang='lat' dir='ltr'><strong>eat</strong></span> 
     </span>
     <span class='ocr_line' id='line_1_17' title="bbox 196 1621 1121 1708; baseline -0.001 -20"><span class='ocrx_word' id='word_1_113' title='bbox 196 1633 268 1688; x_wconf 87' lang='lat' dir='ltr'><strong>ante</strong></span> <span class='ocrx_word' id='word_1_114' title='bbox 291 1642 413 1708; x_wconf 86' lang='lat' dir='ltr'><strong>eorpus,</strong></span> <span class='ocrx_word' id='word_1_115' title='bbox 437 1635 551 1702; x_wconf 88' lang='lat' dir='ltr'><strong>tamen,</strong></span> <span class='ocrx_word' id='word_1_116' title='bbox 573 1622 730 1688; x_wconf 79' lang='lat' dir='ltr'><strong>destructo</strong></span> <span class='ocrx_word' id='word_1_117' title='bbox 758 1641 899 1708; x_wconf 88' lang='lat' dir='ltr'><strong>corpore,</strong></span> <span class='ocrx_word' id='word_1_118' title='bbox 934 1621 1037 1688; x_wconf 86' lang='lat' dir='ltr'><strong>adltue</strong></span> <span class='ocrx_word' id='word_1_119' title='bbox 1073 1641 1121 1687; x_wconf 87' lang='lat' dir='ltr'><strong>re-</strong></span> 
     </span>
     <span class='ocr_line' id='line_1_18' title="bbox 195 1711 1121 1798; baseline 0 -23"><span class='ocrx_word' id='word_1_120' title='bbox 195 1725 301 1776; x_wconf 85' lang='lat' dir='ltr'><strong>manet</strong></span> <span class='ocrx_word' id='word_1_121' title='bbox 323 1712 355 1776; x_wconf 92' lang='lat' dir='ltr'><strong>in</strong></span> <span class='ocrx_word' id='word_1_122' title='bbox 379 1730 435 1776; x_wconf 90' lang='lat' dir='ltr'><strong>suo</strong></span> <span class='ocrx_word' id='word_1_123' title='bbox 458 1731 537 1784; x_wconf 82' lang='lat' dir='ltr'><strong>esse,</strong></span> <span class='ocrx_word' id='word_1_124' title='bbox 560 1713 601 1778; x_wconf 90' lang='lat' dir='ltr'><strong>ita</strong></span> <span class='ocrx_word' id='word_1_125' title='bbox 626 1731 831 1798; x_wconf 84' lang='lat' dir='ltr'><strong>unaquaeque</strong></span> <span class='ocrx_word' id='word_1_126' title='bbox 854 1711 956 1776; x_wconf 90' lang='lat' dir='ltr'><strong>anima</strong></span> <span class='ocrx_word' id='word_1_127' title='bbox 980 1723 1121 1776; x_wconf 77' lang='lat' dir='ltr'><strong>remutet</strong></span> 
     </span>
     <span class='ocr_line' id='line_1_19' title="bbox 194 1798 1120 1887; baseline 0.001 -24"><span class='ocrx_word' id='word_1_128' title='bbox 194 1799 226 1864; x_wconf 92' lang='lat' dir='ltr'><strong>in</strong></span> <span class='ocrx_word' id='word_1_129' title='bbox 249 1815 304 1864; x_wconf 86' lang='lat' dir='ltr'><strong>sua</strong></span> <span class='ocrx_word' id='word_1_130' title='bbox 328 1799 455 1878; x_wconf 88' lang='lat' dir='ltr'><strong>unitate,</strong></span> <span class='ocrx_word' id='word_1_131' title='bbox 478 1813 508 1864; x_wconf 89' lang='lat' dir='ltr'><strong>et</strong></span> <span class='ocrx_word' id='word_1_132' title='bbox 531 1819 587 1885; x_wconf 89' lang='lat' dir='ltr'><strong>per</strong></span> <span class='ocrx_word' id='word_1_133' title='bbox 611 1819 805 1887; x_wconf 80' lang='lat' dir='ltr'><strong>consequent</strong></span> <span class='ocrx_word' id='word_1_134' title='bbox 843 1798 960 1865; x_wconf 86' lang='lat' dir='ltr'><strong>multae</strong></span> <span class='ocrx_word' id='word_1_135' title='bbox 997 1801 1120 1864; x_wconf 86' lang='lat' dir='ltr'><strong>animae</strong></span> 
     </span>
     <span class='ocr_line' id='line_1_20' title="bbox 194 1887 535 1953; baseline -0.003 -1"><span class='ocrx_word' id='word_1_136' title='bbox 194 1887 226 1953; x_wconf 89' lang='lat' dir='ltr'><strong>in</strong></span> <span class='ocrx_word' id='word_1_137' title='bbox 249 1907 303 1953; x_wconf 85' lang='lat' dir='ltr'><strong>aua</strong></span> <span class='ocrx_word' id='word_1_138' title='bbox 329 1887 535 1953; x_wconf 89' lang='lat' dir='ltr'><strong>multitudine.</strong></span> 
     </span>
    </p>

    <p class='ocr_par' dir='ltr' id='par_1_4' title="bbox 191 1974 1123 2419">
     <span class='ocr_line' id='line_1_21' title="bbox 260 1974 1120 2062; baseline 0 -19"><span class='ocrx_word' id='word_1_139' title='bbox 260 1975 356 2043; x_wconf 83' lang='lat' dir='ltr'><strong>Valde</strong></span> <span class='ocrx_word' id='word_1_140' title='bbox 378 1992 481 2043; x_wconf 89' lang='lat' dir='ltr'><strong>autem</strong></span> <span class='ocrx_word' id='word_1_141' title='bbox 507 1975 625 2043; x_wconf 90' lang='lat' dir='ltr'><strong>ruditer</strong></span> <span class='ocrx_word' id='word_1_142' title='bbox 646 1989 904 2062; x_wconf 79' lang='lat' dir='ltr'><strong>argumentantur</strong></span> <span class='ocrx_word' id='word_1_143' title='bbox 938 1974 978 2043; x_wconf 92' lang='lat' dir='ltr'><strong>ad</strong></span> <span class='ocrx_word' id='word_1_144' title='bbox 1016 1994 1120 2043; x_wconf 81' lang='lat' dir='ltr'><strong>osteu-</strong></span> 
     </span>
     <span class='ocr_line' id='line_1_22' title="bbox 193 2063 1121 2153; baseline 0.003 -24"><span class='ocrx_word' id='word_1_145' title='bbox 193 2063 331 2131; x_wconf 87' lang='lat' dir='ltr'><strong>dendum</strong></span> <span class='ocrx_word' id='word_1_146' title='bbox 355 2066 438 2152; x_wconf 91' lang='lat' dir='ltr'><strong>quod</strong></span> <span class='ocrx_word' id='word_1_147' title='bbox 462 2065 546 2132; x_wconf 85' lang='lat' dir='ltr'><strong>Deus</strong></span> <span class='ocrx_word' id='word_1_148' title='bbox 581 2065 683 2133; x_wconf 89' lang='lat' dir='ltr'><strong>lacere</strong></span> <span class='ocrx_word' id='word_1_149' title='bbox 705 2085 769 2130; x_wconf 91' lang='lat' dir='ltr'><strong>non</strong></span> <span class='ocrx_word' id='word_1_150' title='bbox 804 2079 906 2153; x_wconf 79' lang='lat' dir='ltr'><strong>poscet</strong></span> <span class='ocrx_word' id='word_1_151' title='bbox 939 2066 1023 2151; x_wconf 93' lang='lat' dir='ltr'><strong>quod</strong></span> <span class='ocrx_word' id='word_1_152' title='bbox 1058 2067 1121 2132; x_wconf 84' lang='lat' dir='ltr'><strong>sint</strong></span> 
     </span>
     <span class='ocr_line' id='line_1_23' title="bbox 193 2152 1123 2239; baseline 0.002 -20"><span class='ocrx_word' id='word_1_153' title='bbox 193 2152 282 2219; x_wconf 91' lang='lat' dir='ltr'><strong>multi</strong></span> <span class='ocrx_word' id='word_1_154' title='bbox 306 2154 479 2220; x_wconf 83' lang='lat' dir='ltr'><strong>intellectus</strong></span> <span class='ocrx_word' id='word_1_155' title='bbox 517 2153 657 2239; x_wconf 81' lang='lat' dir='ltr'><strong>ejusdem</strong></span> <span class='ocrx_word' id='word_1_156' title='bbox 696 2154 819 2239; x_wconf 78' lang='lat' dir='ltr'><strong>speciei,</strong></span> <span class='ocrx_word' id='word_1_157' title='bbox 854 2153 1026 2231; x_wconf 83' lang='lat' dir='ltr'><strong>credentes,</strong></span> <span class='ocrx_word' id='word_1_158' title='bbox 1061 2154 1123 2221; x_wconf 89' lang='lat' dir='ltr'><strong>hoc</strong></span> 
     </span>
     <span class='ocr_line' id='line_1_24' title="bbox 191 2242 1119 2328; baseline 0.003 -22"><span class='ocrx_word' id='word_1_159' title='bbox 191 2242 351 2307; x_wconf 86' lang='lat' dir='ltr'><strong>¹includere</strong></span> <span class='ocrx_word' id='word_1_160' title='bbox 373 2242 659 2309; x_wconf 83' lang='lat' dir='ltr'><strong>contradictionem.</strong></span> <span class='ocrx_word' id='word_1_161' title='bbox 698 2242 777 2308; x_wconf 88' lang='lat' dir='ltr'><strong>Dato</strong></span> <span class='ocrx_word' id='word_1_162' title='bbox 814 2242 898 2307; x_wconf 90' lang='lat' dir='ltr'><strong>euim</strong></span> <span class='ocrx_word' id='word_1_163' title='bbox 933 2242 1016 2328; x_wconf 92' lang='lat' dir='ltr'><strong>quod</strong></span> <span class='ocrx_word' id='word_1_164' title='bbox 1056 2264 1119 2309; x_wconf 92' lang='lat' dir='ltr'><strong>non</strong></span> 
     </span>
     <span class='ocr_line' id='line_1_25' title="bbox 191 2331 1118 2419; baseline 0.002 -24"><span class='ocrx_word' id='word_1_165' title='bbox 191 2345 271 2395; x_wconf 76' lang='lat' dir='ltr'><strong>esset</strong></span> <span class='ocrx_word' id='word_1_166' title='bbox 293 2331 333 2396; x_wconf 93' lang='lat' dir='ltr'><strong>de</strong></span> <span class='ocrx_word' id='word_1_167' title='bbox 356 2345 465 2397; x_wconf 90' lang='lat' dir='ltr'><strong>natura</strong></span> <span class='ocrx_word' id='word_1_168' title='bbox 489 2332 661 2399; x_wconf 75' lang='lat' dir='ltr'><strong>intellectus</strong></span> <span class='ocrx_word' id='word_1_169' title='bbox 672 2331 756 2419; x_wconf 92' lang='lat' dir='ltr'><strong>quod</strong></span> <span class='ocrx_word' id='word_1_170' title='bbox 768 2331 1031 2419; x_wconf 85' lang='lat' dir='ltr'><strong>multiplicaretur,</strong></span> <span class='ocrx_word' id='word_1_171' title='bbox 1055 2352 1118 2397; x_wconf 82' lang='lat' dir='ltr'><strong>nott</strong></span> 
     </span>
    </p>
   </div>
   <div class='ocr_carea' id='block_1_2' title="bbox 191 2412 1227 2507">
    <p class='ocr_par' dir='ltr' id='par_1_5' title="bbox 191 2412 1227 2507">
     <span class='ocr_line' id='line_1_26' title="bbox 191 2412 1227 2507; baseline 0.001 -22"><span class='ocrx_word' id='word_1_172' title='bbox 191 2412 317 2505; x_wconf 83' lang='lat' dir='ltr'><strong>propter&#39;</strong></span> <span class='ocrx_word' id='word_1_173' title='bbox 339 2420 399 2485; x_wconf 89' lang='lat' dir='ltr'><strong>hoc</strong></span> <span class='ocrx_word' id='word_1_174' title='bbox 421 2434 578 2506; x_wconf 84' lang='lat' dir='ltr'><strong>oporteret</strong></span> <span class='ocrx_word' id='word_1_175' title='bbox 600 2420 684 2507; x_wconf 93' lang='lat' dir='ltr'><strong>quod</strong></span> <span class='ocrx_word' id='word_1_176' title='bbox 707 2419 895 2485; x_wconf 85' lang='lat' dir='ltr'><strong>intellectum</strong></span> <span class='ocrx_word' id='word_1_177' title='bbox 919 2419 1117 2505; x_wconf 88' lang='lat' dir='ltr'><strong>multiplicari</strong></span> <span class='ocrx_word' id='word_1_178' title='bbox 1226 2417 1227 2498; x_wconf 73' lang='lat' dir='ltr'><strong>l</strong></span> 
     </span>
    </p>
   </div>
   <div class='ocr_carea' id='block_1_3' title="bbox 187 2506 1118 3391">
    <p class='ocr_par' dir='ltr' id='par_1_6' title="bbox 187 2506 1118 3391">
     <span class='ocr_line' id='line_1_27' title="bbox 191 2506 1118 2595; baseline 0.003 -24"><span class='ocrx_word' id='word_1_179' title='bbox 191 2506 243 2593; x_wconf 93' lang='lat' dir='ltr'><strong>(l)</strong></span> <span class='ocrx_word' id='word_1_180' title='bbox 266 2506 435 2574; x_wconf 90' lang='lat' dir='ltr'><strong>includeret</strong></span> <span class='ocrx_word' id='word_1_181' title='bbox 458 2508 745 2578; x_wconf 80' lang='lat' dir='ltr'><strong>contradictionem.</strong></span> <span class='ocrx_word' id='word_1_182' title='bbox 768 2507 849 2574; x_wconf 81' lang='lat' dir='ltr'><strong>lliltil</strong></span> <span class='ocrx_word' id='word_1_183' title='bbox 864 2509 948 2573; x_wconf 87' lang='lat' dir='ltr'><strong>enirn</strong></span> <span class='ocrx_word' id='word_1_184' title='bbox 973 2509 1118 2595; x_wconf 87' lang='lat' dir='ltr'><strong>proltibet</strong></span> 
     </span>
     <span class='ocr_line' id='line_1_28' title="bbox 190 2596 1114 2683; baseline 0.008 -25"><span class='ocrx_word' id='word_1_185' title='bbox 190 2596 307 2683; x_wconf 90' lang='lat' dir='ltr'><strong>aliquid</strong></span> <span class='ocrx_word' id='word_1_186' title='bbox 330 2617 392 2662; x_wconf 93' lang='lat' dir='ltr'><strong>non</strong></span> <span class='ocrx_word' id='word_1_187' title='bbox 416 2597 531 2663; x_wconf 87' lang='lat' dir='ltr'><strong>habere</strong></span> <span class='ocrx_word' id='word_1_188' title='bbox 553 2598 584 2663; x_wconf 92' lang='lat' dir='ltr'><strong>in</strong></span> <span class='ocrx_word' id='word_1_189' title='bbox 607 2618 663 2663; x_wconf 85' lang='lat' dir='ltr'><strong>sua</strong></span> <span class='ocrx_word' id='word_1_190' title='bbox 688 2611 797 2663; x_wconf 87' lang='lat' dir='ltr'><strong>natura</strong></span> <span class='ocrx_word' id='word_1_191' title='bbox 819 2616 945 2663; x_wconf 82' lang='lat' dir='ltr'><strong>causam</strong></span> <span class='ocrx_word' id='word_1_192' title='bbox 983 2597 1114 2682; x_wconf 66' lang='lat' dir='ltr'><strong>alicujus</strong></span> 
     </span>
     <span class='ocr_line' id='line_1_29' title="bbox 189 2684 1117 2770; baseline 0.001 -20"><span class='ocrx_word' id='word_1_193' title='bbox 189 2684 273 2770; x_wconf 90' lang='lat' dir='ltr'><strong>quod</strong></span> <span class='ocrx_word' id='word_1_194' title='bbox 297 2698 399 2750; x_wconf 87' lang='lat' dir='ltr'><strong>tamen</strong></span> <span class='ocrx_word' id='word_1_195' title='bbox 424 2685 515 2750; x_wconf 88' lang='lat' dir='ltr'><strong>ltabct</strong></span> <span class='ocrx_word' id='word_1_196' title='bbox 538 2706 576 2752; x_wconf 85' lang='lat' dir='ltr'><strong>er</strong></span> <span class='ocrx_word' id='word_1_197' title='bbox 599 2685 658 2751; x_wconf 88' lang='lat' dir='ltr'><strong>alia</strong></span> <span class='ocrx_word' id='word_1_198' title='bbox 681 2706 784 2762; x_wconf 78' lang='lat' dir='ltr'><strong>cauta3</strong></span> <span class='ocrx_word' id='word_1_199' title='bbox 806 2687 883 2751; x_wconf 84' lang='lat' dir='ltr'><strong>aicut</strong></span> <span class='ocrx_word' id='word_1_200' title='bbox 916 2687 1117 2769; x_wconf 76' lang='lat' dir='ltr'><strong>gravenabet</strong></span> 
     </span>
     <span class='ocr_line' id='line_1_30' title="bbox 189 2773 1114 2860; baseline 0.004 -25"><span class='ocrx_word' id='word_1_201' title='bbox 189 2792 227 2838; x_wconf 82' lang='lat' dir='ltr'><strong>cx</strong></span> <span class='ocrx_word' id='word_1_202' title='bbox 249 2793 303 2837; x_wconf 91' lang='lat' dir='ltr'><strong>sua</strong></span> <span class='ocrx_word' id='word_1_203' title='bbox 327 2785 436 2839; x_wconf 82' lang='lat' dir='ltr'><strong>natura</strong></span> <span class='ocrx_word' id='word_1_204' title='bbox 459 2773 542 2860; x_wconf 91' lang='lat' dir='ltr'><strong>quod</strong></span> <span class='ocrx_word' id='word_1_205' title='bbox 566 2776 690 2840; x_wconf 85' lang='lat' dir='ltr'><strong>nonsit</strong></span> <span class='ocrx_word' id='word_1_206' title='bbox 713 2794 847 2851; x_wconf 81' lang='lat' dir='ltr'><strong>sursunt,</strong></span> <span class='ocrx_word' id='word_1_207' title='bbox 876 2787 979 2839; x_wconf 89' lang='lat' dir='ltr'><strong>tamen</strong></span> <span class='ocrx_word' id='word_1_208' title='bbox 1017 2793 1114 2859; x_wconf 72' lang='lat' dir='ltr'><strong>grate</strong></span> 
     </span>
     <span class='ocr_line' id='line_1_31' title="bbox 190 2860 1118 2946; baseline 0.001 -20"><span class='ocrx_word' id='word_1_209' title='bbox 190 2880 258 2927; x_wconf 73' lang='lat' dir='ltr'><strong>case</strong></span> <span class='ocrx_word' id='word_1_210' title='bbox 280 2880 403 2926; x_wconf 84' lang='lat' dir='ltr'><strong>sursum</strong></span> <span class='ocrx_word' id='word_1_211' title='bbox 418 2882 480 2927; x_wconf 91' lang='lat' dir='ltr'><strong>non</strong></span> <span class='ocrx_word' id='word_1_212' title='bbox 503 2862 630 2929; x_wconf 82' lang='lat' dir='ltr'><strong>includit</strong></span> <span class='ocrx_word' id='word_1_213' title='bbox 658 2862 944 2939; x_wconf 83' lang='lat' dir='ltr'><strong>contradictionem,</strong></span> <span class='ocrx_word' id='word_1_214' title='bbox 955 2860 1010 2928; x_wconf 84' lang='lat' dir='ltr'><strong>sed</strong></span> <span class='ocrx_word' id='word_1_215' title='bbox 1023 2882 1118 2946; x_wconf 75' lang='lat' dir='ltr'><strong>grave</strong></span> 
     </span>
     <span class='ocr_line' id='line_1_32' title="bbox 188 2951 1116 3019; baseline 0.003 -6"><span class='ocrx_word' id='word_1_216' title='bbox 188 2970 255 3014; x_wconf 78' lang='lat' dir='ltr'><strong>cue</strong></span> <span class='ocrx_word' id='word_1_217' title='bbox 277 2970 400 3015; x_wconf 79' lang='lat' dir='ltr'><strong>tursum</strong></span> <span class='ocrx_word' id='word_1_218' title='bbox 424 2951 598 3019; x_wconf 83' lang='lat' dir='ltr'><strong>secundum</strong></span> <span class='ocrx_word' id='word_1_219' title='bbox 621 2973 710 3017; x_wconf 84' lang='lat' dir='ltr'><strong>suam</strong></span> <span class='ocrx_word' id='word_1_220' title='bbox 741 2967 883 3019; x_wconf 86' lang='lat' dir='ltr'><strong>naturam</strong></span> <span class='ocrx_word' id='word_1_221' title='bbox 898 2951 1116 3016; x_wconf 87' lang='lat' dir='ltr'><strong>contradictio·</strong></span> 
     </span>
     <span class='ocr_line' id='line_1_33' title="bbox 189 3038 1118 3124; baseline 0.001 -21"><span class='ocrx_word' id='word_1_222' title='bbox 189 3058 262 3103; x_wconf 92' lang='lat' dir='ltr'><strong>nem</strong></span> <span class='ocrx_word' id='word_1_223' title='bbox 286 3038 466 3104; x_wconf 87' lang='lat' dir='ltr'><strong>includeret.</strong></span> <span class='ocrx_word' id='word_1_224' title='bbox 490 3038 540 3105; x_wconf 90' lang='lat' dir='ltr'><strong>Sic</strong></span> <span class='ocrx_word' id='word_1_225' title='bbox 563 3060 639 3124; x_wconf 80' lang='lat' dir='ltr'><strong>ergo</strong></span> <span class='ocrx_word' id='word_1_226' title='bbox 663 3039 847 3118; x_wconf 75' lang='lat' dir='ltr'><strong>intellectus,</strong></span> <span class='ocrx_word' id='word_1_227' title='bbox 870 3041 896 3105; x_wconf 81' lang='lat' dir='ltr'><strong>ei</strong></span> <span class='ocrx_word' id='word_1_228' title='bbox 936 3038 1118 3104; x_wconf 81' lang='lat' dir='ltr'><strong>naturaliter</strong></span> 
     </span>
     <span class='ocr_line' id='line_1_34' title="bbox 188 3128 1115 3216; baseline 0.003 -26"><span class='ocrx_word' id='word_1_229' title='bbox 188 3141 270 3191; x_wconf 81' lang='lat' dir='ltr'><strong>esset</strong></span> <span class='ocrx_word' id='word_1_230' title='bbox 293 3146 374 3192; x_wconf 79' lang='lat' dir='ltr'><strong>unua</strong></span> <span class='ocrx_word' id='word_1_231' title='bbox 413 3128 566 3205; x_wconf 87' lang='lat' dir='ltr'><strong>omniurn,</strong></span> <span class='ocrx_word' id='word_1_232' title='bbox 589 3129 661 3216; x_wconf 89' lang='lat' dir='ltr'><strong>quia</strong></span> <span class='ocrx_word' id='word_1_233' title='bbox 684 3149 748 3195; x_wconf 89' lang='lat' dir='ltr'><strong>non</strong></span> <span class='ocrx_word' id='word_1_234' title='bbox 773 3128 902 3194; x_wconf 86' lang='lat' dir='ltr'><strong>haberet</strong></span> <span class='ocrx_word' id='word_1_235' title='bbox 936 3128 1115 3193; x_wconf 82' lang='lat' dir='ltr'><strong>naturalem</strong></span> 
     </span>
     <span class='ocr_line' id='line_1_35' title="bbox 187 3215 1115 3305; baseline 0.002 -26"><span class='ocrx_word' id='word_1_236' title='bbox 187 3234 314 3281; x_wconf 84' lang='lat' dir='ltr'><strong>eausam</strong></span> <span class='ocrx_word' id='word_1_237' title='bbox 336 3216 607 3302; x_wconf 80' lang='lat' dir='ltr'><strong>multiplicationis,</strong></span> <span class='ocrx_word' id='word_1_238' title='bbox 632 3232 734 3305; x_wconf 72' lang='lat' dir='ltr'><strong>posset</strong></span> <span class='ocrx_word' id='word_1_239' title='bbox 756 3231 862 3284; x_wconf 89' lang='lat' dir='ltr'><strong>tamen</strong></span> <span class='ocrx_word' id='word_1_240' title='bbox 883 3217 986 3282; x_wconf 79' lang='lat' dir='ltr'><strong>sortiri</strong></span> <span class='ocrx_word' id='word_1_241' title='bbox 1010 3215 1115 3281; x_wconf 89' lang='lat' dir='ltr'><strong>multi·</strong></span> 
     </span>
     <span class='ocr_line' id='line_1_36' title="bbox 188 3296 1108 3391; baseline 0.003 -25"><span class='ocrx_word' id='word_1_242' title='bbox 188 3302 385 3390; x_wconf 80' lang='lat' dir='ltr'><strong>plicatiouem</strong></span> <span class='ocrx_word' id='word_1_243' title='bbox 408 3324 446 3370; x_wconf 81' lang='lat' dir='ltr'><strong>et</strong></span> <span class='ocrx_word' id='word_1_244' title='bbox 468 3306 692 3391; x_wconf 74' lang='lat' dir='ltr'><strong>supernaturali</strong></span> <span class='ocrx_word' id='word_1_245' title='bbox 715 3326 825 3384; x_wconf 51' lang='lat' dir='ltr'><strong>cauata</strong></span> <span class='ocrx_word' id='word_1_246' title='bbox 841 3296 994 3371; x_wconf 80' lang='lat' dir='ltr'><strong>nec&#39;eaeet</strong></span> <span class='ocrx_word' id='word_1_247' title='bbox 1008 3306 1108 3391; x_wconf 52' lang='lat' dir='ltr'><strong>impii*</strong></span> 
     </span>
    </p>
   </div>
   <div class='ocr_carea' id='block_1_4' title="bbox 191 3410 1115 3567">
    <p class='ocr_par' dir='ltr' id='par_1_7' title="bbox 191 3410 1115 3567">
     <span class='ocr_line' id='line_1_37' title="bbox 240 3410 1115 3503; baseline 0.009 -25"><span class='ocrx_word' id='word_1_248' title='bbox 240 3424 279 3495; x_wconf 83' lang='grc' dir='ltr'>(ι)</span> <span class='ocrx_word' id='word_1_249' title='bbox 299 3426 374 3493; x_wconf 69' lang='lat' dir='ltr'><strong>Quae</strong></span> <span class='ocrx_word' id='word_1_250' title='bbox 390 3428 553 3483; x_wconf 62' lang='lat' dir='ltr'><strong>contractam</strong></span> <span class='ocrx_word' id='word_1_251' title='bbox 570 3430 756 3500; x_wconf 67' lang='lat' dir='ltr'><strong>mortorum,</strong></span> <span class='ocrx_word' id='word_1_252' title='bbox 772 3429 790 3483; x_wconf 81' lang='grc' dir='ltr'>ι.</span> <span class='ocrx_word' id='word_1_253' title='bbox 821 3446 846 3485; x_wconf 71' lang='lat' dir='ltr'><strong>e</strong></span> <span class='ocrx_word' id='word_1_254' title='bbox 863 3430 935 3503; x_wconf 77' lang='lat' dir='ltr'><strong>quoa</strong></span> <span class='ocrx_word' id='word_1_255' title='bbox 954 3410 988 3476; x_wconf 81' lang='grc' dir='ltr'><strong>τὸ</strong></span> <span class='ocrx_word' id='word_1_256' title='bbox 1015 3426 1115 3480; x_wconf 76' lang='lat' dir='ltr'><strong>intuto·</strong></span> 
     </span>
     <span class='ocr_line' id='line_1_38' title="bbox 191 3497 458 3567; baseline 0.007 -20"><span class='ocrx_word' id='word_1_257' title='bbox 191 3502 263 3549; x_wconf 90' lang='lat' dir='ltr'><strong>ctum</strong></span> <span class='ocrx_word' id='word_1_258' title='bbox 282 3497 458 3567; x_wconf 85' lang='lat' dir='ltr'><strong>multiplicari.</strong></span> 
     </span>
    </p>
   </div>
   <div class='ocr_carea' id='block_1_5' title="bbox 0 0 1246 3975">
    <p class='ocr_par' dir='ltr' id='par_1_8' title="bbox 0 0 1246 3975">
     <span class='ocr_line' id='line_1_39' title="bbox 0 0 1246 3975; baseline 0 3"><span class='ocrx_word' id='word_1_259' title='bbox 0 0 1246 3975; x_wconf 95' lang='lat' dir='ltr'><strong> </strong></span> 
     </span>
    </p>
   </div>
  </div>
 </body>
</html>
