2484 3975
333 233 371 278 os
394 233 577 280 stasrtrtrns
599 236 757 280 snrtnarts
852 271 856 284 .
941 217 1008 284 465

84 301 226 388 componi
250 303 351 387 posuit
374 321 412 366 ex
434 305 563 368 materia
588 319 617 368 et
642 309 750 382 sornam
773 316 803 368 et
840 305 900 370 boe
938 327 1009 393 pro·

82 391 163 457 bavit
186 390 326 476 pluribus
350 392 530 457 rationibus.
554 430 598 440 —
621 393 726 457 Primo
761 393 900 478 quidem,
936 397 1008 480 quia

82 479 266 545 existimarit
289 480 384 564 qnod,
408 481 465 544 nisi
489 481 676 546 substantiae
699 482 870 568 spirituales
907 496 1009 548 essent

82 568 271 654 compositae
295 588 332 632 ex
356 571 484 634 materia
508 586 538 633 et
561 570 672 648 lorma,
694 571 778 635 nulla
802 586 906 657 posset
930 574 1009 638 inter

83 677 135 723 eas
157 676 225 722 esse
248 656 418 722 diuersitas.
442 658 474 722 Si
498 658 581 723 enirn
614 680 675 724 non
712 672 784 724 tunt
818 661 1008 748 eontpositae

82 767 118 812 ex
142 749 271 810 materia
297 761 327 810 et
349 744 459 822 forma,
483 761 535 811 aut
557 762 629 813 sunt
653 749 779 812 materia
803 762 932 826 tantum,
956 764 1008 815 aut

80 847 149 898 sunt
172 834 270 898 lorum
294 848 424 898 tanturn.
449 837 481 903 Si
505 849 577 901 sunt
612 839 740 901 materia
775 851 905 915 tanturn,
945 857 1006 903 non

81 938 268 1009 potestesse
291 923 375 1008 qu'od
399 926 458 988 sint
481 925 596 990 multae
618 925 807 990 substantiae
823 927 1007 1012 spirituales,

80 1013 149 1097 quia
174 1012 301 1076 materia
325 1025 372 1076 est
395 1034 457 1077 una
480 1029 511 1078 et
534 1014 644 1078 eadern
668 1014 708 1079 de
731 1028 807 1078 seet
822 1016 1006 1082 diversifica·

80 1113 128 1166 tur
151 1121 206 1186 per
229 1100 354 1166 fortnas.
378 1100 526 1166 Similiter
549 1106 653 1182 etiarn,
676 1106 701 1167 si
740 1103 909 1170 substantia
944 1106 1005 1192 spi-

81 1189 195 1254 ritualis
218 1191 257 1254 sit
273 1188 370 1254 lorino
388 1204 517 1270 tanturn,
541 1213 604 1256 non
629 1193 740 1278 poterit
762 1194 909 1278 assignari
923 1195 1006 1258 unde

78 1279 265 1344 substantiae
287 1279 459 1364 spirituales
482 1282 541 1345 sint
564 1280 714 1357 diversae;
737 1283 819 1365 quia,
858 1283 883 1347 si
921 1283 1004 1349 dicas

79 1368 161 1452 quod
185 1367 245 1431 sint
268 1367 407 1432 diuersae
430 1368 602 1434 seeundum
639 1368 859 1456 perlectionem
893 1384 924 1435 et
946 1372 1004 1442 im-

79 1455 309 1542 perfectionem,
332 1473 515 1542 sequeretur
537 1458 619 1542 qucd
645 1458 812 1524 substantia
840 1460 1004 1547 spiritualis

77 1547 115 1609 sit
137 1544 310 1630 subjeetum
335 1543 530 1631 perfeetionis
553 1564 583 1611 et
607 1546 856 1632 imperfectionis:
869 1549 922 1612 setl
935 1570 1004 1616 esse

77 1633 249 1718 subjeetum
274 1636 405 1719 pertinet
428 1634 465 1697 ad
489 1635 641 1699 ratiooern
667 1637 824 1710 materiae,
862 1659 923 1701 non
947 1660 1004 1704 att·

79 1737 141 1787 teor
164 1721 203 1787 ad
226 1725 375 1787 rationein
400 1721 527 1788 formae:
553 1724 635 1788 unde
659 1724 843 1810 relinquitur
857 1726 940 1811 quod
955 1729 1003 1794 tel

80 1832 142 1876 non
166 1824 237 1875 sunt
259 1811 363 1897 plures
401 1811 590 1876 substantiae
628 1814 812 1901 spirituales,
850 1814 897 1879 rel
932 1832 1003 1881 sunt

77 1902 264 1986 compositae
288 1920 325 1964 ex
349 1901 477 1964 materia
500 1915 530 1964 et
552 1900 663 1966 foruna.
687 1937 730 1950 -
758 1903 899 1968 Secunda
927 1906 1003 1971 ratio

78 1990 146 2074 ejus
169 2005 214 2055 est
236 1991 307 2075 quia
332 1989 506 2055 intellectus
543 1992 762 2077 spiritualitatis
797 2006 842 2057 est
881 2010 1004 2081 praeter

76 2077 266 2145 intellectum
291 2079 512 2165 corporeitatis3
536 2094 565 2143 et
589 2080 629 2145 ita
653 2081 822 2146 substantia
835 2084 1003 2170 corporalis

75 2181 107 2232 et
130 2167 295 2255 spiritualis
320 2168 435 2232 babent
472 2166 587 2252 aliquid
628 2170 658 2233 in
697 2191 759 2257 quo
794 2170 939 2237 differunt
974 2187 1004 2237 et

75 2256 193 2321 babent
215 2256 331 2342 aliquid
354 2258 385 2319 in
408 2277 470 2342 quo
493 2258 692 2335 conveniunt,
728 2259 798 2345 quia
839 2276 1004 2347 utrumque

75 2358 122 2413 est
145 2345 325 2411 substantia.
349 2345 439 2428 Ergo,
462 2344 541 2410 sicut
577 2348 608 2409 in
643 2347 812 2413 substantia
849 2350 1004 2435 corporali

72 2435 244 2500 substantie
266 2447 312 2499 est
335 2446 494 2519 tamquam
519 2434 647 2499 tnateria
686 2449 860 2502 sustentans
893 2457 1006 2524 corpo·
1105 2462 1109 2470 ¹

74 2524 227 2603 reitatem,
250 2524 289 2587 ita
313 2522 344 2586 in
367 2523 536 2588 substantia
573 2524 722 2610 spirituali
760 2524 930 2591 substantia
957 2540 1004 2592 est

74 2615 164 2697 quasi
181 2613 308 2677 rnateria
324 2627 498 2677 sustentans
513 2611 771 2697 spiritualitatem
786 2626 817 2677 et
832 2614 1004 2681 secundum

73 2702 160 2786 quorl
185 2702 311 2766 materia
334 2700 403 2786 plus
426 2699 475 2765 vel
497 2701 600 2765 minus
639 2703 799 2788 participat
833 2701 872 2767 de
907 2701 1007 2770 lornra

72 2790 305 2875 spiritualitatis,
326 2788 498 2855 seeundum
523 2791 582 2854 boc
604 2790 792 2855 substantiae
831 2791 1006 2877 spirituales

72 2893 147 2943 suot
169 2879 343 2965 superiores
368 2878 415 2943 uel
438 2876 610 2955 inferiores,
633 2880 711 2944 sieut
736 2892 765 2943 et
789 2899 852 2959 aer,
888 2895 1005 2965 quanto

73 2982 121 3032 est
143 2968 294 3047 subtilior,
318 2980 401 3032 tanto
425 2968 494 3053 plus
518 2966 678 3053 participat
715 2967 753 3033 de
788 2968 936 3033 claritate.
956 3004 1005 3021 .,„

73 3056 180 3123 Tertia
203 3058 280 3122 ratio
303 3055 370 3140 ejus
386 3070 433 3121 est
455 3056 526 3141 quia
542 3076 611 3121 esse
628 3055 835 3122 communiter
850 3058 1006 3125 invenitur

71 3145 105 3210 in
128 3146 306 3211 substantiis
328 3145 537 3232 spiritualibus
560 3155 591 3207 et
614 3146 841 3231 corporalibus,
875 3162 937 3211 tarn
955 3168 1005 3213 stt·

71 3235 249 3321 perioribus
270 3255 364 3321 quarn
387 3232 598 3298 inferioribus:
622 3232 697 3297 illud
721 3254 797 3318 ergo
837 3235 920 3320 quod
959 3237 1006 3302 cst
1043 3282 1047 3302 t

73 3344 271 3410 consequens
294 3322 333 3387 ad
356 3341 424 3387 esse
447 3322 478 3385 in
501 3321 680 3386 substantiis
704 3322 925 3407 corporalibus,
949 3325 1006 3391 erit

73 3432 271 3499 consequens
295 3412 333 3477 ad
357 3430 424 3476 esse
447 3412 478 3475 in
501 3410 677 3476 substantiis
700 3412 918 3498 spiritualibus.
942 3412 1005 3479 Sed

73 3502 109 3567 in
133 3502 313 3569 substantiis
336 3499 548 3588 corporalibus
584 3499 740 3571 invenitur
776 3500 883 3589 triplex
917 3500 1005 3585 urdo,
