2484 3975
436 199 473 242 uu
497 177 695 242 anrnnr'tusrn
718 198 807 241 uuum
1018 178 1082 243 6tt5

143 284 222 351 non
246 277 344 351 potest
367 265 493 352 intelligi
517 267 574 331 nisi
597 265 719 330 duobus
742 265 842 330 modis
855 264 903 330 rel
916 264 992 330 duas
1008 286 1080 332 eau-

160 374 209 418 sas
233 353 366 418 veritatis
388 353 513 433 habere,
537 353 651 420 seilicet
675 353 722 419 vel
740 354 1082 441 propterremutiunem

161 443 314 528 potentiae
338 444 473 527 passivae
488 444 548 514 ,vet
572 455 696 529 propter
719 442 954 528 repugnantiam
992 443 1083 510 intel·

158 529 305 596 leetuum.
328 570 371 580 --
387 531 490 598 Primo
507 532 601 597 modo
618 544 720 618 posset
733 529 793 596 diei
806 531 899 616 quod,
916 545 1080 618 autequam

159 619 296 704 Angelus
320 620 358 684 sit
380 619 485 700 laetus,
511 641 573 688 non
598 635 717 706 poterat
738 619 873 705 Angelus
900 621 977 701 lieri,
1010 624 1081 707 quia

159 729 221 774 non
246 709 409 795 praecessit
434 709 472 774 ad
496 709 562 795 ejus
585 729 653 773 esse
675 708 776 795 aliqua
799 709 934 794 potentia
961 711 1081 796 passiva

159 817 229 862 eum
254 818 316 880 nun
340 799 377 862 sit
393 797 497 864 'laetus
521 819 558 864 ex
582 798 709 862 materia
748 797 942 883 praejacenti3
978 814 1080 871 tamen

159 885 243 952 Deus
270 899 388 972 poterat
411 885 512 952 lacere
536 886 697 971 Angelum,
721 899 751 950 et
774 899 893 970 poterat
926 886 1025 952 iacere
1048 906 1081 954 ut

158 975 291 1056 Angelus
316 975 412 1054 fieret,
434 977 504 1061 quia
529 975 610 1054 lauit,
633 989 662 1040 et
685 974 782 1040 laetus
805 988 860 1040 est.
884 975 1019 1060 Sieergu
1033 979 1079 1042 in-

160 1063 338 1149 telligendu,
362 1065 540 1152 simpliciter
563 1063 798 1130 eoncedendum
819 1077 876 1141 est,
909 1066 1079 1132 secuudum

158 1151 264 1232 fidem,
286 1153 368 1238 quod
393 1175 455 1218 tion
480 1167 579 1240 potest
609 1165 768 1220 causatum
803 1174 820 1216 a
853 1153 920 1218 Deo
957 1174 1081 1241 semper

159 1261 235 1318 esse,
261 1243 331 1329 quia
356 1243 415 1307 hoc
439 1263 553 1328 ponere
576 1254 655 1308 esset
678 1261 793 1328 ponere
816 1243 983 1325 potentiam
1011 1265 1078 1328 pas·

158 1331 255 1396 sinam
279 1352 402 1417 semper
425 1331 528 1409 luisse3
552 1329 636 1418 quod
659 1330 848 1394 haereticum
872 1346 926 1396 est.
961 1331 1079 1398 Tamen

159 1439 196 1486 ex
220 1421 279 1486 lius
302 1441 367 1484 nnn
390 1421 529 1506 sequitur
552 1420 635 1506 quod
659 1417 743 1486 Deus
766 1439 827 1482 non
851 1420 944 1504 possit
978 1419 1078 1503 lacere

159 1521 191 1574 ut
215 1509 266 1573 liat
288 1529 412 1594 semper
435 1507 559 1594 aliquod
582 1529 648 1572 ens.
672 1543 717 1554 -
739 1506 883 1572 Secundo
899 1578 902 1582 ,
917 1508 1011 1573 ruodo
1034 1511 1080 1574 di-

159 1596 246 1675 eitur3
271 1619 325 1682 par
348 1599 581 1681 repugnantiam
606 1595 827 1674 intellectuum,
865 1596 980 1683 aliquid
1016 1620 1078 1663 nun

159 1705 249 1770 posse
273 1686 349 1763 fieri,
373 1688 449 1750 sieut
472 1706 534 1750 raon
558 1697 657 1771 potest
696 1685 761 1749 lieri
796 1697 829 1748 ut
860 1684 1025 1752 affirmatio
1049 1703 1078 1751 et

159 1775 280 1859 negatio
304 1775 363 1840 sint
385 1774 478 1840 simul
501 1794 600 1852 verae,
623 1774 763 1860 quamvis
786 1772 869 1838 Deus
892 1775 950 1838 hue
985 1779 1078 1861 possit

157 1859 269 1939 laeena,
293 1877 328 1927 ut
350 1863 475 1950 quidam
500 1863 614 1937 dieunt,
639 1861 763 1948 quidam
787 1881 861 1926 reno
877 1862 1077 1951 dicuntquod

155 1966 213 2017 neu
235 1951 319 2018 Deus
343 1966 442 2039 potest
466 1951 642 2039 hujusmodi
666 1951 786 2031 lacere,'
801 1951 872 2038 quia
907 1951 967 2017 hoe
1001 1955 1075 2020 nihil

155 2055 210 2106 est.
234 2042 351 2109 Tamen
376 2042 572 2107 manifestum
595 2040 747 2126 estquod
771 2061 833 2105 non
862 2054 961 2127 potest
977 2041 1077 2108 lacere

155 2144 188 2194 ut
211 2128 269 2197 hoe
293 2131 354 2207 liat,
377 2132 447 2215 quia
472 2131 580 2217 positio
597 2149 664 2217 ‘qua
688 2130 812 2216 ponitur
847 2150 914 2195 esse
949 2130 1078 2196 destruit

153 2220 297 2303 seipsam.
322 2219 352 2283 Si
378 2234 481 2285 tamen
505 2233 637 2304 ponatur
660 2220 743 2305 quod
778 2218 862 2282 Deus
899 2216 1077 2303 hujusmodi

156 2322 255 2392 potest
278 2308 389 2386 faeere,
429 2323 460 2373 ut
494 2308 557 2383 fiat,
590 2308 700 2393 positio
726 2327 787 2371 non
828 2319 874 2371 est
913 2307 1080 2385 haeretica,

155 2399 306 2481 quamvis,
330 2410 361 2461 ut
384 2398 487 2473 cretio,
511 2398 548 2461 sit
571 2395 656 2473 salsa,
679 2396 756 2460 sieut
779 2394 862 2480 quud
875 2398 1076 2481 praeteritum

155 2505 218 2549 non
243 2486 333 2551 luerit
356 2486 481 2550 includit
506 2486 535 2550 in
559 2506 593 2549 se
615 2483 900 2560 contradictionem
914 2484 996 2550 uude
1018 2488 1078 2552 Au-

153 2575 304 2657 gustinus:
335 2574 516 2659 «Quisquis
541 2575 579 2639 ita
618 2574 700 2638 dicit:
724 2574 757 2641 Si
796 2572 994 2658 omnipotens
1033 2593 1078 2641 est

154 2660 248 2741 DeuS,
275 2663 363 2728 laeiat
387 2677 420 2729 ut
443 2682 521 2748 quae
545 2660 623 2727 faeta
647 2676 718 2726 sunt
741 2660 818 2727 faeta
852 2681 916 2726 nou
954 2661 1077 2741 luerint,

152 2772 215 2815 trun
240 2752 320 2816 videt
345 2754 402 2817 lrue
425 2772 457 2817 se
481 2753 592 2815 disere:
616 2750 646 2815 Si
671 2752 867 2835 omnipotens
906 2765 961 2829 est,
985 2752 1077 2818 laniat

152 2854 186 2905 ut
209 2861 244 2905 ea
269 2862 347 2925 quae
373 2861 442 2905 vera
466 2854 547 2917 sunt,
574 2860 611 2905 ao
636 2840 702 2927 ipso
727 2838 809 2923 quud
826 2858 899 2902 vera
915 2855 986 2903 sunt
1002 2840 1076 2907 laisa

84 2969 93 2990 .
151 2930 211 2993 siut
234 2930 286 3014 (l)
309 2958 339 2992 ι.
365 2929 400 2993 Et
423 2945 524 2993 tamen
549 2928 673 3015 quidam
710 2928 815 3011 magni
850 2928 899 3013 pie
934 2927 1077 2995 dixerunt

150 3016 251 3082 Deum
276 3039 364 3103 pesse
389 3018 490 3083 lesere
513 3017 552 3081 tle
576 3017 740 3105 praeterite
763 3016 846 3100 quoti
884 3034 948 3080 uun
985 3016 1077 3084 luerit

151 3109 363 3191 praeteritum
386 3127 443 3171 neu
465 3106 521 3171 luit
544 3120 720 3193 reputatum
743 3104 943 3169 haereticum.
965 3104 1077 3173 Viden-

150 3194 226 3260 tlum
251 3210 392 3280 asterga
416 3208 520 3261 utrum
544 3194 576 3258 iu
601 3196 649 3259 his
671 3192 793 3259 duobus
819 3193 856 3257 sit
871 3198 1076 3279 repugnantia

151 3284 372 3361 intellectuum,
395 3284 480 3370 quod
503 3282 618 3370 aliquid
642 3284 681 3349 sit
707 3293 864 3347 causatum
904 3302 921 3347 a
945 3282 1022 3363 Dee,
1046 3300 1077 3350 et

205 3472 245 3548 ll)
264 3477 359 3531 Contra
377 3478 512 3533 Faustum.
