2484 3975
469 225 525 272 nus.
549 225 588 272 tv.
611 225 676 272 eso.
700 224 745 272 nv.
989 205 1054 273 tot

129 296 213 363 enim
238 308 304 361 erat
336 293 514 360 hominibus
549 293 759 361 subtrahenda
782 291 907 358 libertos
930 294 1058 376 arbitrii,

130 408 188 474 per
210 405 304 472 quom
329 397 459 469 possunt
483 384 530 449 vel
555 386 718 449 inhaerere
742 382 790 446 vel
814 402 876 447 non
893 383 1056 451 inhaerere

130 479 200 540 lleo
222 477 392 552 ineornuto,
418 493 457 536 ne
481 473 597 538 bonurn
631 472 763 538 lrominis
798 484 938 536 eoactum
975 487 1057 540 esset

130 577 161 628 et
184 577 309 650 propter
332 560 391 626 ltoe
414 561 530 647 absque
560 563 671 626 merito
706 573 736 624 et
774 559 951 626 illaudabile
986 564 1056 626 red·

130 653 266 718 deretur.

196 739 355 804 Praedicta
392 739 485 802 etism
529 737 586 803 Dei
625 735 795 803 incarnatio
832 735 1055 806 sufficientibus

131 828 251 894 indiciis
275 827 453 892 hominibus
476 825 668 890 manifestato
703 840 758 890 est.
782 825 931 890 Divinitas
970 829 1053 894 enim

130 918 217 983 nullo
241 917 335 981 modo
362 917 593 979 convenientius
624 914 811 979 manifestari
837 929 936 1002 potest
960 936 1053 1001 quum

131 1028 187 1093 per
207 1027 242 1070 eo
267 1025 345 1090 quoe
368 1016 440 1068 sunt
463 1004 586 1090 proprio
610 1003 678 1068 Dei.
703 1003 753 1068 Est
776 1017 877 1067 eutem
903 1003 959 1068 Dei
984 1025 1057 1092 pro·

133 1095 234 1182 prium
258 1093 340 1179 quod
365 1107 491 1157 naturae
515 1092 598 1176 leges
620 1092 785 1157 immutare
823 1093 927 1178 possit,
959 1114 1053 1181 supro

134 1195 277 1247 naturam·
299 1181 411 1266 aliquid
436 1181 605 1267 operando,
633 1179 721 1265 eujus
755 1181 819 1266 ipse
853 1194 898 1245 est
937 1199 1054 1247 auctor.

134 1270 430 1337 convenientissime
454 1269 546 1354 igitur
562 1269 710 1354 probatur
741 1268 854 1354 aliquid
889 1290 955 1334 esse
979 1271 1055 1336 divi·

134 1381 209 1424 oum
234 1379 289 1446 per
311 1377 406 1444 opero
438 1377 519 1442 quse
554 1378 647 1445 supro
683 1357 767 1441 leges
804 1371 933 1422 naturae
968 1359 1057 1438 irunt,

132 1450 210 1514 siout
233 1447 317 1534 quoti
339 1446 423 1512 eaesi
447 1446 672 1524 illuminentur,
706 1446 820 1532 leprosi
856 1447 1058 1526 mundentur,

131 1539 243 1602 mortui
267 1537 461 1600 suscitentur.
486 1534 667 1618 liujusmodi
700 1535 826 1620 quidem
850 1555 944 1622 opero
968 1536 1056 1602 Chri·

130 1643 194 1691 stus
217 1625 327 1700 elieeit3
351 1624 486 1688 undeet
509 1627 650 1710 ipseper
674 1626 749 1688 liaeo
772 1643 865 1710 opero
903 1645 1053 1710 quaeren-

135 1717 226 1793 tibus,
254 1714 300 1777 Yu
322 1734 355 1777 es
376 1713 431 1797 qui
453 1725 597 1777 uenturus
619 1733 661 1789 es,
677 1733 719 1776 un
732 1713 830 1776 onum
841 1715 1058 1796 expectamus?

132 1804 217 1880 Lon,
238 1804 270 1882 7,
294 1802 349 1876 20,
372 1821 460 1865 suom
484 1800 673 1865 divinitatem
692 1800 923 1877 tlenronstrov'n,
936 1803 1050 1868 dicens:

135 1893 225 1957 Caeci
254 1889 499 1966 interserimus·
520 1887 694 1969 ambulant,
722 1890 835 1973 leprosi
851 1891 1052 1970 mundantur,

131 1982 221 2047 surdi
243 1982 384 2058 audiunt,
397 1979 511 2043 rnortui
522 1994 697 2065 resurpunt,
712 1990 778 2055 etc,
791 1979 866 2044 lbid.
880 1979 932 2045 92.
949 1981 1050 2046 Alium

132 2085 234 2136 nutem
259 2069 411 2134 mundum
435 2089 542 2132 oreore
566 2088 692 2133 neeesse
716 2089 778 2135 oon
802 2080 878 2145 erat,
900 2090 958 2134 ose
974 2070 1052 2135 ratio

132 2160 254 2223 divinoe
278 2158 447 2243 supientiae
470 2177 527 2223 nee
550 2176 654 2221 rerum
679 2172 788 2222 notura
813 2159 871 2222 ltoe
910 2159 1052 2223 habebnt.

133 2248 166 2313 Si
189 2263 293 2313 sutem
316 2248 444 2318 dicotur,
468 2260 500 2309 ut
523 2260 628 2309 oetsvn
653 2246 730 2310 rstio
755 2248 956 2332 proponebat,
969 2248 1053 2334 quod

132 2335 308 2421 hujusmodi
333 2334 480 2399 miraculo
504 2335 597 2397 etium
622 2354 677 2420 per
703 2336 778 2399 ulios
801 2354 869 2399 esse
907 2336 984 2400 laeto
1009 2337 1053 2400 le·

127 2440 252 2508 guntur,
276 2440 379 2487 tsnren
404 2421 666 2487 considerandum
690 2422 842 2508 estquod
873 2426 970 2488 multo
996 2423 1055 2487 dil-

127 2515 275 2581 lereotius
297 2525 327 2576 et
350 2510 493 2575 divinitus
516 2510 655 2576 Christos
678 2532 713 2575 eo
737 2511 844 2577 ellecit.
885 2512 962 2577 Nom
1001 2512 1051 2577 olii

129 2604 248 2669 orando
272 2604 348 2668 lineo
371 2599 482 2663 iecisse
503 2599 660 2684 leguntur,
684 2599 820 2664 Christus
855 2619 958 2665 utitem
993 2601 1053 2665 im·

132 2692 281 2779 petendo,
304 2689 391 2775 quusi
412 2708 450 2752 ex
474 2690 596 2775 propria
619 2702 779 2775 potestate3
802 2702 832 2754 et
866 2710 928 2754 non
952 2690 1052 2755 solum

130 2784 196 2867 ipse
220 2780 295 2844 hoen
318 2779 398 2854 lecit,
421 2778 475 2841 sed
499 2793 528 2841 et
551 2777 619 2841 nliis
642 2776 751 2841 eedem
789 2790 820 2842 et
857 2776 972 2863 majora
1008 2778 1054 2844 le·

127 2869 227 2935 ciendi
240 2869 347 2932 tribuit
375 2880 569 2951 potestatem,
581 2865 644 2951 qui,
657 2866 694 2929 od
707 2865 805 2930 solnm
823 2868 1049 2933 invocationem

130 2959 263 3022 nominis
286 2954 408 3032 illinisti,
433 2955 609 3039 hujusmodi
640 2955 789 3019 miracula
831 2954 994 3021 lueiebont.
1019 2958 1055 3027 lit

130 3066 193 3110 non
217 3045 318 3110 solum
342 3044 512 3128 corporolia
536 3042 683 3107 miraculo
710 3063 765 3129 per
799 3042 954 3110 Christum
978 3044 1056 3110 lucta

130 3148 212 3212 sunt,
235 3134 290 3198 sed
314 3135 406 3196 etism
429 3130 609 3218 spiritualis,
624 3152 703 3218 quoe
719 3145 798 3197 sunt
814 3134 911 3198 multo
929 3136 1057 3219 mojoro3

130 3223 245 3288 seilicet
268 3222 363 3308 quod,
390 3241 445 3306 per
467 3221 623 3285 Christum
648 3233 678 3284 et
702 3220 740 3283 sd
756 3220 980 3287 invocationem
1003 3242 1058 3287 no·

131 3312 223 3377 ruinis
245 3311 324 3396 ejus,
346 3310 476 3395 Spiritus
500 3308 631 3374 Sanctus
655 3308 790 3386 dotetur,
813 3330 875 3395 quo
911 3310 1060 3375 seconde·

131 3415 240 3467 rentur
263 3399 356 3464 eorus
380 3397 537 3463 ultoritatis
561 3398 682 3462 divinoe
717 3398 838 3478 ellectu,
872 3412 902 3465 et
940 3410 1060 3464 meotes

131 3491 357 3555 instruerentur
379 3486 482 3553 subito
505 3486 536 3551 in
560 3486 686 3553 scientio
711 3486 897 3567 divinorum,
937 3502 966 3554 et
1001 3487 1060 3555 liu-
