2484 3975
194 200 258 266 172
489 219 544 262 trs.
570 218 608 262 ru.
633 218 696 264 cir.
723 216 844 264 xxxrm.

92 289 99 306 ”
195 305 273 366 esse3
297 308 367 352 nem
392 287 431 352 de
445 287 544 372 prima
568 285 749 364 substantie,
773 305 853 371 quse
869 297 915 350 est
930 283 1120 372 hypostasis,

193 377 297 444 omnin
321 377 378 442 elie
404 375 629 461 praedicantur,
652 375 767 441 scilicet
803 386 834 438 et
871 375 1119 440 universalium

193 485 308 552 genere
330 464 518 530 substantiae
543 476 573 528 et
596 463 778 541 sceidentie,
800 462 973 528 seeundum
1006 462 1118 528 Philo-

193 556 326 642 sophum
351 551 570 634 (Preedicom,
593 573 660 638 esp.
685 552 724 617 de
747 551 878 636 Sobel).
912 551 944 616 Si
967 552 1059 638 igitur
1083 551 1119 616 in

194 643 314 710 Christo
338 643 397 707 sint
420 641 499 708 duee
535 642 726 728 hypostases,
763 661 818 728 per
854 660 1048 726 consequeus
1085 654 1124 706 et-

195 732 257 798 duo
281 730 450 816 supposita

261 819 381 897 Adhuc,
403 817 435 884 Si
458 817 595 884 Verbum
620 832 650 883 et
674 818 774 884 homo.
792 818 852 882 ille
878 817 1037 904 supposito
1059 815 1123 882 dii·

195 909 308 986 lcruut,
331 920 452 993 oportet
475 911 570 990 quod,
600 907 759 994 supposito
793 907 922 972 bomine
956 906 1019 986 illo,
1054 926 1121 970 nou

195 1009 389 1100 supponetur
412 994 547 1060 Verbum
572 995 640 1072 Dei,
663 1015 720 1061 nec
743 1017 761 1060 e
784 1015 943 1061 converso.
978 993 1051 1071 Sed,
1072 993 1122 1058 di-

196 1086 312 1152 stiuctis
335 1083 511 1170 suppositis,
524 1103 662 1150 neeesse
684 1098 731 1148 est
753 1096 784 1148 et
806 1104 842 1148 ee
865 1105 946 1169 quoe
968 1083 1052 1148 de
1042 1082 1122 1170 ipsis

197 1173 342 1241 dicuntur
365 1173 523 1256 distinguh
546 1193 618 1238 num
641 1173 798 1258 supposito
822 1173 956 1238 hominis
972 1171 1123 1237 nonsub

198 1265 323 1328 ueniunt
339 1262 390 1347 (l)
415 1261 569 1346 praedicte
584 1263 756 1346 praelicete
780 1260 894 1340 divine,
919 1261 975 1327 nisi
993 1274 1122 1347 propter

197 1351 345 1427 Verbum,
370 1369 471 1434 neque
494 1370 511 1414 e
535 1369 699 1414 converso.
724 1348 896 1434 seperatim
928 1351 1019 1435 igitur
1040 1351 1124 1416 scci-

196 1439 307 1526 picndu
331 1451 422 1504 eruut
445 1459 524 1524 quse
538 1438 578 1502 de
602 1437 724 1503 Christo
742 1439 773 1502 iu
785 1438 950 1524 Scripturis
966 1439 1125 1516 dicuutur,

196 1529 299 1594 diviua
324 1526 437 1592 scilicet
460 1540 491 1591 et
515 1528 664 1603 bumsne3
687 1526 772 1613 quod
796 1539 843 1591 est
864 1541 971 1592 couno
996 1540 1125 1593 seuten-

198 1619 270 1684 tiam
295 1615 409 1702 Cyrilli,
433 1615 462 1680 in
494 1615 620 1702 Synolo
657 1614 885 1693 confirmatum,
920 1616 1062 1682 dicentis:
1087 1615 1125 1680 Si

196 1707 266 1791 quis
284 1707 428 1789 personis
450 1704 572 1769 dnobus
593 1705 643 1768 uel
664 1703 880 1781 subsistentiis,
897 1707 948 1770 uel
975 1724 1029 1770 eus
1043 1725 1125 1788 pisce

197 1795 322 1860 suntin
346 1793 529 1879 euunpelieis
554 1801 584 1857 et
605 1793 786 1878 apostolicis
807 1794 971 1876 scripturis
982 1795 1128 1876 impertit

163 1953 168 1968 ⁸
196 1884 433 1960 coessentes
460 1882 581 1946 Christo
605 1903 627 1946 a
653 1881 775 1947 Sanctis
796 1882 897 1947 dictus
927 1894 984 1948 unt
1003 1881 1126 1967 abipso

197 1973 237 2037 cle
259 1993 302 2051 sc,
326 1983 356 2037 et
377 1970 532 2059 precedam
554 1971 679 2056 quidem
715 1973 801 2037 velut
840 1972 966 2051 homini,
998 1983 1127 2055 praeter

198 2062 286 2129 illucl
302 2081 339 2125 en
355 2062 420 2125 Deo
453 2059 593 2137 Verbum,
615 2060 791 2141 specialiter
805 2061 959 2126 intellecto
973 2062 1126 2145 applicat,

200 2150 356 2234 quasdem
378 2170 450 2214 uero
487 2150 572 2213 vehit
605 2148 673 2216 Deo
709 2148 857 2214 decibiles
893 2151 954 2214 soli
985 2170 1023 2215 en
1055 2148 1125 2218 Deo

200 2240 295 2305 Putre
326 2237 432 2315 Verbo,
456 2238 623 2301 anathema
645 2238 695 2303 sit

267 2327 416 2413 Amplius,
441 2326 620 2391 Secundum
653 2326 839 2411 positionem
866 2324 1063 2412 praedictum,
1084 2346 1124 2389 eu

200 2434 280 2503 quse
308 2415 408 2481 Verbo
431 2415 489 2479 bei
514 2415 702 2479 conveniunt
725 2434 780 2500 per
805 2429 958 2492 ueturem,
996 2413 1035 2479 de
1071 2413 1127 2478 illo

199 2506 328 2571 homine
352 2526 415 2569 uon
439 2504 616 2569 dicerentur
641 2504 697 2567 uisi
722 2524 777 2588 per
802 2464 968 2589 quemdem
993 2503 1127 2568 associa·

201 2596 316 2660 tionem
342 2594 374 2658 iu
400 2614 461 2657 una
485 2612 630 2677 persuum
653 2592 712 2656 boe
735 2592 818 2656 enirn
858 2591 1008 2675 significet
1031 2590 1126 2678 repli-

198 2684 277 2750 eutio
315 2682 504 2765 interposita,
541 2702 612 2746 oum
647 2680 692 2745 sic
735 2693 900 2767 exponunt:
938 2680 1038 2745 llomo
1072 2680 1126 2745 ille

198 2773 312 2837 creavit
335 2770 449 2847 stelles,
473 2768 551 2835 idest
573 2769 669 2833 Filius
692 2768 761 2846 Dei,
785 2770 837 2854 qui
860 2781 907 2834 est
943 2769 1040 2835 bomo
1063 2768 1126 2846 ille;

197 2873 228 2923 ct
251 2863 294 2925 sie
316 2859 356 2924 de
379 2859 445 2923 eliis
470 2856 659 2942 hujusmodi
683 2856 776 2933 uode,
799 2878 871 2922 cum
890 2854 1127 2932 dicitursllomo

200 2948 251 3015 ille
273 2959 323 3013 est
342 2947 436 3022 Deus,
460 2946 503 3010 sie
527 2945 721 3021 intelligitur:
745 2944 882 3012 Verbum
905 2946 978 3023 Dei,
1000 2946 1053 3031 qui
1078 2958 1128 3011 est

198 3038 294 3102 humo
320 3035 381 3113 ille,
404 3035 488 3098 Deus
501 3034 611 3110 existit,
627 3032 809 3120 Huiusmodi
826 3049 931 3099 eutem
955 3034 1127 3100 locutiones

199 3125 386 3193 condemnet
408 3122 539 3207 Cyrillus
563 3124 678 3189 diceus:
706 3121 740 3188 Si
775 3122 845 3207 quis
884 3134 988 3187 nutem
1024 3122 1129 3187 dicere

198 3224 391 3295 assumptum
414 3212 567 3277 hominem
590 3212 722 3277 odorari
743 3221 897 3294 oportere,
931 3212 990 3276 Dei
1031 3210 1126 3276 Verbo
1237 3210 1238 3215 ’

202 3302 428 3388 conploripienri
459 3310 488 3363 ct
523 3301 718 3385 coappellari
740 3300 841 3365 Deum
877 3301 968 3385 quusi
992 3300 1129 3365 alterurn

201 3392 330 3455 alterius
353 3389 403 3475 (iol
425 3388 508 3452 enirn
529 3392 612 3473 peccel
635 3399 681 3454 ert
701 3408 823 3473 semper
844 3390 961 3474 quoties
998 3388 1129 3458 ucltlitnr

251 3492 291 3566 (l)
309 3492 352 3548 Au
369 3490 540 3548 conuenienti
