2484 3975
336 214 372 258 ur
396 213 577 260 suosrrnnrs
601 211 757 258 suntrana
945 193 1009 259 tat

94 279 171 346 enirn
192 294 238 345 est
259 283 480 365 necessarium
490 281 584 369 quod,
622 279 763 368 quamtis
797 279 884 365 origo
906 280 946 346 sit
968 283 1009 349 ab

94 368 237 434 immobili
261 370 409 456 principio
438 370 556 456 absque
587 384 686 448 motu,
719 389 827 434 eurum
866 389 933 435 esse
970 371 1011 437 sit

94 459 319 544 sempiternum.
342 463 367 524 Α
389 460 527 545 quolibet
549 460 767 542 enimagente
804 457 943 543 procedit
965 458 1009 524 ei-

92 546 184 612 iectus
206 547 375 613 secundum
399 549 527 614 modum
548 549 596 612 sui
618 566 696 613 esse.
713 547 785 612 Esse
801 560 903 612 autem
917 547 1010 632 primi

92 635 225 723 principii
247 650 295 701 est
317 638 384 722 ejus
407 636 578 721 intelligere
600 649 631 700 et
653 634 742 701 telle.
759 635 900 700 Procedit
916 637 1010 720 igitur

90 724 264 793 universitas
287 745 391 792 rerum
413 747 431 790 a
454 727 555 812 primo
578 725 727 811 principio
750 725 828 790 sicut
855 724 894 790 ab
918 724 1010 792 iutel-

91 812 200 897 ligente
223 827 254 879 et
275 813 408 880 uolente.
429 812 637 898 {iutelligentis
675 827 778 878 autem
816 825 846 878 et
880 813 1010 880 volentis

89 915 134 966 est
155 902 324 988 producere
346 903 471 990 aliquid,
493 922 557 968 non
590 901 718 987 quidem
735 922 790 989 ‘ex
828 902 1009 968 necessitate

89 990 164 1056 sicut
186 991 284 1076 ipsum
308 1004 365 1070 est,
386 992 442 1056 sed
465 992 542 1057 sicut
565 989 629 1054 uuit
663 1004 692 1056 et
730 991 822 1054 etiam
859 990 1010 1074 intelligia

90 1079 120 1143 io
143 1077 297 1145 intellectu
308 1093 410 1146 autem
425 1081 514 1165 primi
527 1079 723 1163 intelligentis
735 1078 1009 1165 comprehenditur

89 1169 187 1234 omniu
209 1167 320 1234 modus
342 1169 463 1234 essendi
486 1182 517 1234 et
539 1168 640 1232 omnis
664 1187 808 1234 mensura
832 1168 1009 1254 quantitatis

89 1268 120 1320 et
141 1257 318 1322 durationis.
353 1258 438 1322 Siout
475 1258 567 1343 igitur
598 1274 663 1322 non
696 1254 842 1322 eumdem
878 1255 1009 1324 modum

88 1345 207 1410 essendi
231 1345 324 1411 rebus
346 1345 457 1411 indidit
479 1367 541 1432 quo
564 1345 633 1431 lpse
654 1345 765 1422 existit,
780 1365 1009 1430 corporumque

85 1435 283 1518 quantitatem
294 1435 353 1500 sub
369 1434 570 1501 determinata
586 1452 730 1498 mensura
747 1432 896 1498 conclusit
912 1439 923 1523 (
937 1453 1009 1500 oum

84 1522 117 1585 in
139 1521 207 1606 ejus
229 1525 378 1608 potestate
400 1524 478 1588 siout
499 1536 531 1588 et
552 1522 584 1586 in
608 1521 765 1588 intellectu
788 1541 897 1588 omnes
920 1543 1008 1588 men·

84 1631 175 1675 surae
197 1612 449 1696 contineantur).
471 1611 512 1676 ita
534 1611 627 1675 etiam
661 1610 746 1676 dedit
783 1612 875 1674 rebus
914 1611 1008 1678 talem

83 1698 253 1764 durationis
276 1720 453 1766 mensuram
491 1699 615 1785 quatem
640 1698 745 1777 voluit,
783 1719 845 1762 non
884 1701 1007 1783 qualem

85 1787 154 1873 lpse
184 1789 286 1854 habet.
321 1790 407 1856 Sicut
431 1787 522 1874 igitur
558 1807 725 1871 corporum
759 1788 911 1873 quantitas
949 1789 1007 1854 sub

83 1876 135 1940 toti
158 1876 360 1942 determinata
396 1897 540 1942 mensura
579 1875 773 1942 concluditur
808 1875 897 1960 (non
935 1879 1007 1964 quia

81 1965 162 2031 actio
186 1966 274 2051 primi
298 1967 437 2051 principii
459 1965 498 2031 ad
522 1965 602 2031 hanc
628 1985 807 2033 mensuram
832 1965 1007 2051 quantitatis

81 2054 316 2132 determinetur,
353 2056 407 2120 sed
442 2057 513 2141 quia
548 2054 615 2119 talis
650 2074 793 2121 mensura
832 2057 1008 2141 quantitatis

81 2144 223 2229 sequitur
245 2145 275 2209 in
299 2143 407 2211 effectu
431 2144 555 2229 qualem
578 2142 751 2209 intelicctus
767 2143 884 2229 primae
897 2164 1008 2210 causae

81 2234 313 2319 praescripsit),
336 2235 376 2297 ita
399 2234 491 2298 etiam
528 2253 565 2297 ex
604 2232 725 2297 actione
760 2232 850 2319 primi
889 2235 1008 2316 agentis

79 2322 283 2407 consequitur
304 2322 507 2387 determinata
530 2320 700 2388 durationis
731 2340 875 2385 mensura
900 2341 936 2385 cx
961 2324 1006 2386 in-

82 2407 208 2475 tellectu
232 2410 336 2476 diuino
358 2431 428 2476 eam
452 2412 691 2496 praescribente
723 2429 784 2473 non
819 2409 905 2495 quasi
940 2409 1008 2497 ipse

79 2499 242 2583 subjaceat
262 2501 434 2565 successive
472 2499 625 2564 durationi
661 2511 694 2563 ut
730 2517 813 2563 nunc
852 2498 922 2562 velit
957 2514 1009 2567 aut

80 2600 155 2670 agat
178 2587 293 2671 aliquid
316 2588 400 2674 quod
424 2590 508 2673 prius
532 2585 676 2663 noluerit,
698 2586 753 2651 sed
776 2584 847 2671 quia
878 2601 939 2653 tota
962 2608 1009 2653 re-

78 2694 152 2739 rum
176 2675 297 2741 duratio
319 2679 379 2741 sub
400 2676 466 2760 ejus
490 2676 646 2742 intellectu
670 2686 701 2739 at
739 2674 848 2739 virtute
882 2675 1008 2742 conclu·

78 2762 177 2840 ditur,
201 2778 233 2829 ut
255 2764 348 2829 rebus
370 2765 554 2830 determinet
591 2765 631 2831 ab
665 2774 791 2829 aeterno
830 2783 1008 2831 mensuram

77 2850 256 2919 durationis
276 2874 371 2939 quam
395 2854 476 2919 velit.

419 3026 655 3097 etruria.

79 3150 199 3235 Opinio
216 3150 384 3229 doiccnnuc
394 3151 432 3216 de
443 3151 562 3235 effluxu
575 3168 681 3215 rernm
697 3168 717 3212 u
730 3148 833 3231 primo
844 3148 1009 3234 principio,

349 3260 419 3305 nrm
440 3261 497 3305 ono
520 3238 745 3324 reprobatione.

140 3377 208 3445 Hoc
230 3380 322 3465 igitur
344 3391 376 3445 et
398 3378 575 3464 hujusmodi
601 3377 652 3442 alii
675 3374 905 3441 eorrsidecuntes
928 3397 1010 3455 asse·

72 3480 155 3535 runt
177 3469 303 3555 quidem
337 3468 440 3535 omnia
477 3465 600 3535 essendi
638 3463 789 3550 originem
829 3467 950 3533 trahere
990 3483 1008 3535 a
