2484 3975
205 204 269 286 teo
582 234 755 283 oroscouuu

203 329 296 395 quem
322 307 452 374 dicimus
478 307 507 387 in
532 310 678 392 potencia,
702 303 799 390 magis
821 318 868 372 est
903 301 1025 370 animae
1059 324 1135 370 con·

202 397 361 476 naturalis,
383 396 497 464 scilicet
513 417 605 484 quam
623 417 729 481 agenn
741 396 810 459 dico
823 407 925 458 autem
938 414 1001 458 noo
1013 395 1133 480 (omni)

201 553 257 590 rem
276 535 435 598 versionem,
455 553 507 606 qua
526 552 590 590 usus
609 543 647 589 cst
666 536 693 589 S.
707 534 831 600 Thomas,
847 551 861 587 a
879 533 956 587 nni.
979 536 1013 588 de
1030 535 1131 588 liubeis

201 609 361 671 restitutam,
381 609 407 659 in
427 615 517 659 nostro
536 615 609 660 textu
629 609 789 661 admisimus.
804 607 855 658 Sed
873 609 1045 659 recentiorem
1064 603 1130 658 ller-

202 679 279 732 molai
297 679 406 731 barbari
426 679 680 749 interpretationem,
697 695 777 748 quam
795 693 885 729 omnes
912 685 974 730 ante
1003 678 1032 729 B.
1044 677 1078 730 ll.
1096 678 1132 730 de

202 749 299 804 liubeis
317 750 429 802 editores
449 749 476 802 iu
495 756 595 802 textum
614 753 779 814 invexerant,
797 752 824 802 iu
844 749 912 802 notis
931 765 1077 804 servamus:

258 821 363 874 aDuas
382 836 444 889 ergo
462 820 621 874 differentias
641 838 697 874 asse
715 821 822 874 humani
849 821 930 873 animi
961 836 1064 873 neeesse
1080 826 1134 884 est,

201 892 361 945 intellectum
382 893 522 960 potentiae,
541 900 568 944 et
598 893 756 945 intellectum
788 899 916 958 agentem3
946 891 989 944 hic
1015 893 1134 961 priorem

202 963 274 1016 illum
294 963 368 1032 quasi
388 963 496 1016 adortus
517 961 704 1033 amplexumque
733 966 848 1034 primum
879 964 955 1032 quasi
984 963 1072 1015 educit
1103 963 1133 1014 iu

202 1036 285 1094 lucem
303 1050 319 1086 e
337 1034 453 1086 tenebris
471 1040 497 1085 et
515 1034 541 1086 ln
561 1043 621 1087 actu
638 1036 784 1100 constituit3
803 1035 897 1086 deiude
916 1035 1034 1086 habitum
1053 1036 1080 1085 in
1100 1049 1134 1084 eo

202 1105 342 1177 quemdam
361 1104 489 1169 efformet,
507 1105 535 1158 in
565 1121 619 1174 quo
648 1108 810 1159 universales
836 1121 926 1158 rerum
954 1107 1072 1158 notiones
1105 1111 1136 1156 et

201 1178 325 1230 scientiae
342 1176 511 1228 collocantur.
528 1177 603 1241 Nam,
623 1178 843 1245 quemadmodum
863 1192 948 1245 neque
960 1177 1026 1228 rude
1037 1192 1133 1231 saxum

203 1264 288 1320 neque
306 1249 454 1316 impolitum
474 1263 526 1312 aes,
546 1264 659 1317 quorum
683 1249 794 1300 alterum
823 1246 918 1299 domus
945 1248 1063 1318 potentia
1080 1254 1134 1311 est,

202 1321 313 1372 atterum
332 1325 428 1384 statua,
444 1325 490 1370 aut
509 1318 556 1370 boc
574 1320 692 1388 accipere
710 1317 820 1372 formam
847 1319 941 1371 domus
970 1326 1065 1388 potest,
1084 1327 1135 1370 aot

201 1390 269 1443 lllud
287 1396 398 1454 statuae,
417 1389 466 1441 nisi
485 1405 527 1442 urs
546 1393 669 1443 materias
687 1391 743 1443 illas
761 1407 829 1460 quac
859 1391 892 1441 od
909 1390 1015 1442 domum
1033 1399 1062 1442 et
1078 1397 1137 1443 sta·

203 1468 277 1514 tuam
295 1467 462 1532 comparatae
480 1469 543 1514 sunt
560 1461 643 1529 tingat
659 1469 686 1514 et
704 1462 815 1514 formam
828 1460 995 1514 artificiosam
1012 1463 1135 1531 imponat

201 1539 282 1602 atque
300 1533 336 1584 ita
355 1533 461 1584 demum
479 1533 606 1586 consistat
623 1533 717 1586 domus
734 1540 761 1585 et
778 1541 875 1599 statera,
902 1533 939 1585 ita
968 1533 1133 1586 intellectum

202 1605 335 1674 potentiae
353 1603 386 1655 ab
405 1604 488 1679 altere
506 1604 639 1656 intellectu
657 1603 746 1673 perfici
771 1611 883 1674 oportet,
902 1604 956 1672 qui,
974 1604 1046 1672 quod
1075 1603 1134 1672 ipse

201 1673 333 1744 perlectus
345 1680 420 1727 estet
430 1676 455 1726 in
475 1683 534 1728 actu
553 1690 656 1744 semper
669 1677 733 1727 nulli
748 1674 969 1744 potentiaeaffiuis
981 1690 1133 1741 consorsve,

202 1748 428 1816 praeparationem
447 1747 517 1799 illam
537 1746 679 1798 intellectui
697 1747 731 1798 ad
755 1746 952 1815 intelligendum
970 1747 1134 1813 adjunctam,

202 1816 332 1870 adinstar
350 1817 423 1882 artis,
442 1818 536 1870 excitet
554 1817 707 1886 excolatque
724 1817 843 1870 habitum
853 1826 880 1870 et
891 1818 1026 1870 seientiam
1038 1832 1132 1870 rerum

202 1888 331 1940 absolvat.
349 1889 437 1955 Atque
455 1888 496 1940 bic
514 1889 660 1940 intellectus
677 1896 814 1958 separatus
826 1896 853 1941 et
865 1889 1015 1958 impatibilis
1034 1889 1132 1958 imper·

202 1959 351 2029 mixtusque
369 1965 416 2011 est.
435 1957 582 2013 Intellectus
601 1967 689 2012 autern
718 1963 861 2029 potestatis,
887 1960 1007 2029 quamvis
1037 1961 1131 2013 eadem

202 2028 257 2081 lere
273 2045 326 2101 qua
345 2029 490 2083 intellectus
517 2046 596 2098 agens
627 2032 755 2099 dignitate
785 2033 994 2100 auctoritateque
1023 2032 1131 2100 polleat,

202 2103 264 2171 quin
291 2108 378 2154 tamen
411 2102 552 2171 aliquando
581 2103 744 2169 conjunctior
784 2104 962 2172 addictiorque
1000 2102 1134 2157 bumanoe

202 2172 304 2225 animae
334 2180 382 2239 est,
401 2174 508 2225 videtur
535 2174 657 2227 societate
684 2174 732 2227 bac
768 2174 897 2230 nobilitati
925 2189 989 2225 suae
1013 2190 1068 2227 nou
1092 2176 1133 2227 ni·

202 2243 239 2297 bil
269 2244 398 2313 dispendii
429 2245 633 2313 detrimentique
661 2244 762 2297 lacere.
788 2245 1013 2310 Quemadmodum
1040 2247 1133 2315 itaque

202 2314 290 2367 lumen
317 2332 376 2375 cum
406 2316 493 2367 oculos
511 2322 538 2367 et
557 2319 655 2368 colores
673 2318 775 2386 accipit,
794 2332 846 2367 nou
878 2317 955 2367 modo
984 2317 1065 2384 visui,
1082 2318 1132 2369 sed

201 2385 332 2439 coloribus
349 2388 428 2439 etiam
444 2394 531 2439 actum
558 2388 674 2456 praebet,
705 2389 741 2440 ita
771 2388 917 2440 intellectus
948 2403 1038 2454 agens,
1068 2403 1131 2441 cum

197 2454 360 2509 intellectum
378 2460 510 2527 potentiue
528 2460 609 2528 agitat
638 2472 689 2511 non
707 2460 790 2511 solum
813 2459 954 2511 intellectui
973 2468 1062 2510 actum
1081 2462 1133 2512 mi·
1234 2501 1235 2510 ,

158 2545 165 2552 ‘
201 2529 305 2596 nistret,
324 2530 413 2583 sedet
432 2546 473 2581 res
492 2546 559 2599 quoe
577 2532 694 2599 potentia
712 2531 856 2583 intellectae
882 2537 945 2581 sunt
967 2529 1031 2583 lacit
1049 2538 1081 2582 ut
1098 2534 1129 2583 in
1234 2573 1235 2592 ,

201 2616 232 2655 eo
251 2601 397 2667 intellectae
414 2602 467 2654 sint
485 2610 555 2673 actu3
573 2609 653 2671 atque
672 2601 720 2653 bae
736 2607 799 2653 suut
815 2600 915 2653 formae
937 2601 1087 2659 materiales
1105 2608 1133 2655 et
1234 2611 1235 2648 3

202 2674 319 2727 notiones
338 2690 488 2726 communes
507 2674 539 2725 de
562 2673 740 2741 singularibus
767 2672 933 2725 sensibilibus
963 2672 1087 2724 collectae
1105 2692 1132 2723 s.

199 2743 232 2797 Et
249 2751 308 2813 post
326 2760 408 2813 pauca
427 2745 525 2797 subdit:
547 2762 561 2793 a
579 2745 670 2810 Qualis
686 2752 727 2797 est
744 2759 808 2811 ergo
826 2745 890 2796 artis
914 2743 947 2795 ad
977 2758 1055 2794 suam
1075 2760 1131 2794 ma·

170 2874 174 2883 ,
202 2814 294 2866 teriam
312 2813 481 2884 comparatio,
500 2816 559 2868 talis
577 2822 617 2867 est
635 2815 783 2867 intellectus
801 2817 900 2882 agentis
917 2814 951 2866 ad
966 2813 1131 2865 intellectum

200 2886 331 2953 potentiae
350 2886 493 2955 probanda.
512 2886 589 2952 ltern,
607 2886 649 2939 bic
666 2888 752 2938 omnia
772 2883 843 2951 lacit,
869 2884 913 2937 ille
930 2884 961 2937 tit
978 2885 1079 2954 omnia3
1096 2900 1130 2937 ex

199 2971 253 3026 quo
272 2958 391 3027 sequitur
410 2963 439 3009 ut
458 2958 485 3009 in
504 2965 593 3010 nostra
611 2963 741 3027 potestate
757 2958 792 3009 sit
810 2957 955 3023 intelligere
982 2962 1009 3007 et
1034 2971 1129 3025 specu·

200 3027 247 3081 lari
267 3043 326 3079 cum
356 3028 487 3094 volumus,
515 3030 576 3097 quia
588 3029 733 3081 intellectus
746 3043 824 3095 agens
841 3042 892 3078 non
905 3026 1130 3095 quemadmodum

198 3114 242 3151 ars
259 3114 375 3151 seorsum
395 3116 410 3151 a
428 3116 475 3153 sua
495 3099 603 3151 materia
621 3106 669 3165 est,
688 3099 734 3150 sed
747 3106 817 3151 totus
838 3098 980 3149 intellectui
994 3099 1129 3167 potentiae

198 3170 316 3222 intextus
334 3164 523 3241 immersosque
541 3170 662 3223 habetur.
681 3168 763 3237 Finge
780 3183 931 3222 excusorem
950 3169 976 3220 in
994 3184 1056 3221 aere
1080 3176 1129 3221 aut

197 3242 224 3295 iu
243 3239 313 3293 ierro
331 3256 395 3307 esse,
414 3258 466 3295 non
483 3242 654 3306 extrinsecus,
672 3256 759 3294 nonne
777 3241 905 3309 pervadet
923 3241 1129 3309 penetrabitque

197 3309 225 3363 iu
243 3313 378 3365 materiam
399 3315 561 3367 universum?
578 3312 675 3365 Eodem
693 3314 771 3363 modo
801 3312 949 3364 intellectus
977 3326 1067 3381 agens,
1085 3312 1127 3362 iu·

197 3380 311 3435 tellectui
330 3386 464 3452 potestatis
484 3386 615 3449 assistens,
635 3398 704 3435 unus
722 3398 782 3435 cum
800 3383 845 3435 illo
871 3383 1000 3448 redditur,
1019 3388 1128 3451 propte-

197 3466 241 3502 rea
259 3453 331 3521 quod
348 3469 401 3505 una
419 3470 461 3506 res
478 3460 526 3519 est,
544 3468 612 3523 quae
630 3468 663 3507 ex
681 3455 791 3506 materia
808 3461 834 3506 et
852 3451 936 3506 lorma
954 3454 1081 3517 consistit,
1099 3460 1127 3504 et

198 3527 285 3574 umen
302 3525 442 3593 permixtio
459 3524 522 3577 bace
541 3525 658 3579 rationes
675 3524 743 3580 duas
760 3523 885 3585 habeto·
901 3525 944 3594 Et,
967 3523 1127 3595 quibusdam
