2484 3975
377 242 414 286 na
439 210 767 288 untrara'rnrataacrt's
889 247 893 255 ’
967 221 1031 287 567

104 319 182 372 sunt
204 308 234 372 in
258 307 357 375 nobis.
395 312 524 401 Oportet
549 313 633 377 enim
670 311 787 395 species
825 308 1030 395 intelligibiles

106 410 287 480 quaesunt
323 399 353 463 in
392 399 547 468 intellectu
582 398 719 487 possibili
754 410 784 463 et
821 397 1033 484 phantasmata

104 503 190 569 quae
213 498 283 551 sunt
306 485 337 553 in
361 488 449 554 nobis
471 489 574 577 aliquo
599 489 711 555 horam
733 486 826 552 triam
866 485 1030 553 modorum

105 591 144 638 εε
167 572 311 639 habeant:
335 596 469 662 quoram
493 597 572 643 unus
596 575 748 662 estquod
770 575 887 662 species
920 575 1032 642 intelli-

105 659 220 745 gibiles
241 681 322 750 quae
343 677 415 730 sant
437 665 637 733 inintellecta
653 663 790 753 possibili
805 664 866 730 sint
889 679 1031 750 acceptae

105 750 416 836 aphanlarmatibas
441 768 614 841 quaesunt
652 755 682 818 in
710 752 809 829 nobit,
854 766 887 818 ut
924 767 1035 819 sonant

103 838 201 904 verba
225 840 403 920 Aristotelis
427 843 510 929 qaod
534 863 595 909 noo
620 856 721 928 potest
759 861 827 908 esse
858 840 1031 908 secundam

105 927 296 1011 praedictam
320 932 514 1018 positionem,
537 945 570 998 ut
592 945 752 998 ostensam
784 943 844 996 est.
869 929 1035 996 Secundae

106 1027 214 1080 autem
238 1018 350 1085 modus
372 1033 420 1084 est
443 1035 475 1086 ut
498 1021 567 1086 illae
588 1019 705 1107 speeies
729 1039 791 1084 non
806 1019 866 1084 sint
889 1031 1039 1105 acceptae»

106 1123 124 1167 a
150 1104 428 1191 phantasmatibus,
450 1109 504 1174 sed
528 1110 588 1175 sint
610 1108 793 1174 irradiantes
820 1127 913 1192 super
936 1108 1032 1193 phan-

105 1203 235 1259 tasmata
259 1213 373 1274 nostra,
397 1211 469 1284 puta
492 1198 516 1262 si
551 1199 669 1284 speeies
705 1197 825 1284 aliquae
864 1209 967 1261 essent
1000 1199 1031 1262 in

104 1280 197 1346 oculo
221 1284 400 1351 irradiantes
422 1307 515 1374 super
537 1287 656 1352 colores
679 1286 731 1363 utri
755 1298 827 1350 sunt
849 1285 880 1349 in
904 1286 1031 1370 pariete.

106 1367 230 1436 Tertius
246 1387 348 1438 autam
366 1375 477 1440 modus
500 1389 545 1441 est
569 1391 602 1440 ut
625 1393 727 1461 neque
748 1374 866 1460 species
889 1373 1032 1458 iutelligi-

106 1457 185 1524 bilcs
209 1479 289 1546 qaae
310 1477 381 1528 sunt
404 1463 613 1530 inintellecta
637 1462 773 1550 possibili
807 1463 867 1527 sint
889 1477 1032 1548 acceptae

107 1566 126 1610 a
150 1546 428 1632 phantasmatibus,
450 1573 553 1639 neque
576 1553 754 1636 imprimant
788 1549 903 1637 aliquid
938 1571 1031 1636 supra

109 1633 333 1721 phantasmata.
356 1641 387 1705 Si
412 1655 513 1707 autem
537 1655 670 1726 ponatur
698 1638 881 1716 secandam,
917 1640 1032 1705 scilicet

110 1723 194 1810 qaod
230 1728 349 1813 speeies
383 1728 590 1815 intelligibiles
630 1728 780 1793 illustrent
817 1727 1030 1813 phantasmata

109 1825 140 1876 et
161 1815 332 1882 seeundum
356 1818 415 1884 boc
437 1818 656 1903 intelligantur,
688 1816 789 1903 primo
822 1815 948 1902 quidem
982 1837 1031 1880 se·

108 1901 214 1986 quitur
237 1905 319 1990 quod
345 1907 556 1991 phantasmata
597 1905 673 1970 stant
710 1903 912 1991 intelligibilia
951 1921 1031 1980 actu,
1123 1916 1125 1923 '

107 2008 172 2054 noa
195 2013 250 2076 per
273 1994 462 2061 intellectum
486 2010 641 2081 agentem,
664 1994 719 2060 sed
754 2014 809 2081 per
843 1994 1029 2059 intellectum

106 2080 295 2164 possibilem,
318 2085 488 2150 secundam
512 2104 582 2150 suas
605 2085 740 2170 speeies:
765 2083 912 2160 secando,
947 2084 1030 2167 qaod

107 2166 191 2233 talis
211 2170 365 2238 irradiatio
404 2174 655 2261 phantasmatum
690 2192 751 2237 non
787 2173 897 2257 poterit
931 2170 1031 2237 lacere

104 2255 189 2341 quod
214 2260 426 2344 phantasmata
449 2267 509 2327 siat
532 2259 736 2345 intelligibilia
752 2273 833 2327 actae
856 2262 1028 2325 nonenim

106 2345 184 2409 liunt
206 2348 417 2432 phantasmata
442 2350 643 2434 intelligibilia
666 2361 735 2413 acta
751 2348 807 2412 nisi
832 2368 888 2434 per
911 2347 1031 2414 abstra-

106 2433 254 2513 ctionem;
278 2438 356 2503 haee
378 2453 481 2503 autem
505 2439 603 2525 magis
626 2437 684 2503 erit
706 2437 841 2522 receptio
870 2455 963 2522 qaam
977 2438 1033 2501 ab·

105 2524 239 2589 stractio.
263 2524 298 2589 lit
320 2527 443 2604 iterum,
466 2546 537 2592 aum
561 2527 663 2592 omnis
685 2525 820 2611 receptio
849 2524 887 2591 sit
923 2544 1033 2592 seeun-

106 2610 181 2674 dum
206 2626 348 2679 naturam
372 2616 496 2702 recepti,
520 2614 676 2680 irradiatio
703 2614 876 2699 specierum
915 2614 1028 2678 intelli·

106 2698 257 2781 gibiliam,
280 2722 360 2789 quae
383 2716 454 2769 sunt
476 2706 508 2768 in
531 2702 685 2769 intellecto
710 2701 857 2787 possibili,
888 2722 949 2766 non
973 2705 1032 2767 erit

105 2790 135 2851 in
161 2790 425 2873 phantasmatibus
438 2812 517 2877 qaae
540 2790 767 2863 continuabis,
786 2789 1030 2873 intelligibiliter,

104 2875 159 2941 sed
182 2878 367 2945 sensibiliter
389 2894 419 2944 ει
443 2879 651 2955 materialiter3
674 2892 704 2944 ει
727 2879 769 2943 sic
786 2897 848 2941 non
862 2882 1032 2963 poterimus

104 2964 276 3050 intelligere
300 2967 471 3034 universale
495 2990 549 3055 per
572 2967 750 3053 hujusmodi
788 2966 1029 3034 irradiationem.

87 3054 135 3116 ·Si
159 3069 262 3119 autem
284 3061 401 3143 species
425 3057 631 3142 intell'ugibiles
668 3053 842 3120 intellectas
879 3056 1031 3141 possibilis

105 3161 205 3227 aequa
228 3146 419 3231 accipiuntur
441 3166 458 3209 a
482 3144 751 3232 phantasmatibus
768 3162 869 3227 neque
885 3145 1031 3210 irradiant

103 3250 198 3316 super
221 3251 268 3310 ea,
291 3246 382 3298 erunt
404 3237 532 3299 omnino
557 3234 731 3319 disparatae
754 3244 785 3294 et
809 3231 886 3296 nihil
901 3252 1028 3318 propor-

105 3320 219 3385 tionale
243 3322 401 3400 habentes,
423 3342 482 3387 nee
516 3323 729 3408 phantasmata
763 3319 878 3405 aliquid
918 3319 1029 3387 lacient

106 3405 145 3473 ad
170 3408 415 3495 intelligendum
437 3412 521 3497 quod
544 3408 705 3475 manilestc
729 3408 847 3473 veritati
866 3425 1028 3495 repugnat.

172 3495 223 3564 Sic
245 3499 338 3585 igitur
360 3500 504 3565 omuibus
528 3494 628 3565 modis
653 3495 842 3586 impossibile
875 3499 1029 3586 estquod
