2484 3975
401 249 590 296 nrssrnrartc
893 228 958 297 568

90 316 161 382 lmus
182 327 210 381 rt
232 316 338 383 tertius
359 322 458 405 capita
480 318 729 400 complectuntur
766 318 881 395 omnia,
921 334 956 386 at

97 404 236 492 exemplis
260 406 370 484 latinis;
393 407 452 473 alia
476 421 580 473 tamen
603 408 723 491 integre
757 406 787 470 in
806 428 956 491 graecum

90 495 192 572 oslata,
214 494 272 560 alia
296 515 359 561 non
382 496 510 581 integre.
536 498 569 560 ln
608 495 688 561 libro
727 496 817 560 tertio
855 499 955 581 capita

90 584 193 655 inulla,
215 602 295 669 quae
318 584 430 650 omissa
455 586 523 651 loco
553 605 609 649 suo
645 584 777 661 lucrant,
815 586 844 648 in
886 586 954 650 libri

90 692 123 737 ce
143 671 258 757 adjecta
280 672 436 756 leguntur.
460 674 537 739 ilino
560 674 607 739 bis
636 673 713 738 haec
740 672 842 737 rerba:
866 675 958 743 Τέλος

90 762 212 847 trpirov
233 762 362 841 βιβλίου
384 764 437 827 τοῦ
463 762 629 844 σοφωτάτου
652 763 758 843 (lapda
782 778 811 826 et
835 761 956 829 iterum:

89 867 128 918 tot
149 852 198 914 τοι]
221 849 324 935 τρίτοσ
345 851 471 932 βιβλίον
493 853 547 916 τοῦ
568 848 724 935 μακαρίου
749 851 851 932 (dopo.

107 937 237 1003 Graecae
260 940 408 1005 versionis
430 952 588 1005 auctorem
618 938 684 1023 jam
723 939 808 1003 vides
842 938 956 1005 Deme·

89 1048 131 1091 tm
154 1026 336 1113 Cydoniam,
358 1048 450 1115 quem
475 1032 567 1095 etiam
591 1028 716 1093 exhibet
739 1027 836 1093 codex
853 1029 957 1113 regiae

89 1116 240 1181 tliotltecae
265 1119 439 1201 parisiensis
452 1118 533 1205 apud
547 1117 731 1182 Echardutn.
756 1115 833 1181 Cum
851 1134 955 1181 autem

92 1204 246 1270 codicibus
268 1219 299 1268 et
321 1206 403 1292 apud
427 1207 686 1281 Cantacuzenum,
709 1205 825 1270 dictum
843 1206 957 1270 Dente-

89 1313 128 1357 rm
145 1294 251 1377 legerit
264 1293 373 1359 loann.
390 1296 531 1361 libertus
542 1294 734 1372 Fabricius,0‘
749 1294 880 1371 duddan,
895 1294 958 1359 col-

89 1383 197 1447 sndnnt
212 1403 280 1447 esse
292 1396 379 1470 putat
391 1382 547 1467 (Biblioth.
565 1383 673 1448 Graec.
689 1384 709 1448 l.
726 1404 753 1460 v,
764 1404 790 1448 c.
803 1384 856 1461 ts,
872 1404 957 1449 num.

89 1521 93 1542 ,
116 1475 154 1534 ita
177 1472 368 1537 Demetrium
391 1475 492 1559 potius
515 1473 713 1559 appeliatum,
736 1493 830 1559 quarn
854 1471 954 1557 Cydo-

92 1580 121 1623 m
138 1559 313 1645 aCydonia,
328 1562 426 1627 insula
442 1562 561 1628 Creme.
585 1565 632 1638 dt,
648 1565 764 1624 venetis
789 1563 818 1624 in
843 1561 957 1626 codici-

89 1649 353 1727 tnostris,dicitur
369 1651 554 1726 Demetrius,
583 1649 598 1713 ὁ
621 1649 764 1724 Reddens.
791 1648 861 1714 Utut
884 1670 956 1715 sese

100 1737 220 1817 habeat,
235 1737 408 1823 Cydoniam
431 1738 617 1823 cognomine
631 1738 754 1823 proprio
767 1737 955 1824 appellatum

92 1846 123 1889 m
141 1826 327 1891 arbitrantur
342 1828 446 1913 aliqui,
459 1829 571 1913 aliique
587 1848 604 1891 a
617 1825 753 1912 Cydonia
771 1826 890 1903 Cretae,
904 1827 956 1892 ubl

88 1915 225 1979 nicilium
261 1916 412 1994 habuerit3
436 1918 545 2003 hisque
569 1914 835 1981 thessalonicensis
859 1916 957 2002 patria

88 2005 170 2082 litor,
191 2019 221 2068 et
245 2006 293 2069 itis
318 2005 513 2092 byzantinus,
537 2021 570 2071 ut
595 2007 741 2070 admonet
759 2005 840 2069 idem
857 2005 960 2070 Fabri·

88 2094 190 2157 cloco
213 2094 315 2158 citato.
339 2096 427 2159 Lucis
452 2115 548 2160 usura
572 2095 674 2160 adhuc
686 2092 857 2172 fruebatur,
876 2115 958 2160 aono

88 2183 129 2245 ld.
143 2181 229 2248 lianc
243 2182 284 2246 illi
300 2202 443 2267 graecam
470 2186 644 2250 tersionem
675 2181 852 2267 adjudicant
878 2183 961 2248 Guil-

88 2291 145 2335 nus
168 2270 259 2348 (lave,
282 2273 438 2337 Fabricius
477 2273 655 2356 caeterique
695 2274 860 2358 scriptores
896 2270 958 2337 ire·

88 2361 186 2424 tntius.
211 2360 345 2426 Consule
368 2361 557 2443 Echardum,
577 2362 630 2448 qui
657 2359 746 2448 plura
770 2360 869 2426 docet.

88 2536 162 2604 tm.
189 2537 406 2606 solidissimae
429 2536 461 2606 S.
482 2537 789 2603 Tlorltucdoctrt'rttte
802 2535 958 2621 specimen

118 2629 153 2692 iu
177 2645 212 2690 ao
252 2640 434 2712 argumento
476 2629 558 2712 quod
596 2627 768 2712 Relipiortt's
804 2626 960 2690 revelatae

119 2723 285 2781 uerituteru
305 2729 434 2801 spectat:
472 2738 510 2781 ac
539 2718 644 2801 primo
678 2726 809 2779 naturae
845 2713 960 2780 luntine

117 2825 182 2870 uon
204 2824 309 2869 omues
326 2814 459 2890 possunt
479 2809 626 2871 ueritates
655 2804 700 2869 ud
732 2803 832 2868 Deum
863 2804 960 2888 perti·

114 2906 226 2960 uenus
247 2896 454 2961 innotescere.

88 3071 242 3137 doctrinae
265 3071 468 3137 solidissimae
490 3086 521 3136 et
543 3069 666 3156 amplae
679 3067 859 3134 eruditionis
876 3067 960 3133 Tito-

88 3180 96 3223 ο
120 3161 289 3247 aquinatis,
311 3180 391 3246 quae
414 3160 692 3226 inltocadrersunt
708 3156 849 3222 Gentiles
865 3175 959 3244 opere
1019 3231 1022 3240 ¹

88 3265 158 3327 ent,
182 3250 341 3336 specimen
364 3250 510 3314 exhibere
532 3249 563 3313 io
587 3265 626 3312 eo
650 3247 725 3313 mihi
754 3247 842 3311 liceat
874 3265 960 3310 sum·

91 3339 243 3424 ponderis
266 3352 450 3423 argumento
472 3337 556 3424 quod
592 3337 752 3420 negotium
792 3333 960 3418 Religionis

88 3427 183 3491 alatae
206 3439 333 3514 spectat.
356 3425 432 3491 AEro
454 3431 556 3513 priore
579 3445 615 3489 ac
638 3425 815 3502 novissimo,
846 3442 959 3510 erupe-

88 3517 269 3583 thomincs
298 3516 396 3605 impii,
429 3517 482 3605 qui
519 3515 644 3582 Deistae
681 3513 820 3594 audiunt,
858 3531 953 3578 unam
