2484 3975
432 251 488 295 cru.
513 250 551 296 tr.
575 250 641 295 cnr.
665 249 753 294 crau.
981 230 1046 295 975

120 320 158 385 tis
183 318 213 384 in
237 317 338 383 Deum
364 332 394 383 ct
418 321 447 383 in
472 320 708 384 detestationem
749 319 865 404 peccati
891 325 953 382 tam
994 342 1047 385 ae-

120 410 250 473 ltemens
272 408 356 493 quod
381 407 515 496 perfecte
554 409 768 473 remissionem
809 409 925 494 peccati
949 408 1046 474 homo

118 497 330 582 consequitur,
354 518 415 563 uon
439 497 541 562 solum
566 511 716 582 quantum
752 494 791 561 ad
826 496 1044 584 purgationem

117 586 239 672 eulpae,
263 584 316 650 sed
340 589 433 652 etiam
458 600 609 671 quantum
634 586 673 650 ad
713 586 927 650 remissionem
953 587 1046 652 totius

118 694 248 761 poenae.
287 673 352 739 lloc
385 689 488 740 autern
515 696 578 740 non
602 694 727 761 semper
760 674 919 758 contingit.
957 674 1045 740 Unde

116 763 321 849 quaudoque,
344 784 399 849 per
421 764 638 829 contritionem
663 777 764 827 amota
788 763 878 849 culpa
901 777 934 828 et
955 780 1044 830 reatu
1068 798 1078 825 ι

116 872 237 937 poenae
261 866 404 917 aeternae
438 852 553 928 salure,
591 868 624 916 ur
659 852 775 917 dictum
813 864 869 930 est,
902 869 1043 918 remanet

115 940 263 1025 obligatio
286 941 324 1006 ad
343 940 476 1028 aliquam
502 961 634 1027 poenam
652 940 867 1026 temporalem,
883 940 1043 1026 utjustitia
1083 971 1085 974 ·

113 1029 174 1094 Dei
200 1030 345 1109 saltetur,
368 1030 540 1096 secundum
570 1050 665 1116 quam
687 1029 779 1118 culpa
803 1029 965 1095 ordinatur
987 1052 1044 1117 per

114 1139 262 1205 poenam.

181 1206 259 1273 Gom
283 1222 385 1273 autam
409 1206 514 1273 subire
538 1226 672 1294 poenam
696 1227 752 1293 pro
775 1206 864 1294 culpa
885 1206 1037 1293 judicium

113 1296 273 1380 qtroddam
297 1297 444 1383 requirat,
468 1310 588 1383 oportet
612 1298 696 1383 quod
732 1298 906 1382 poenitens,
929 1297 980 1382 qui
1004 1318 1039 1362 se

112 1384 235 1451 Cltriato
262 1386 441 1451 sartandum
476 1385 643 1464 commisit,
677 1385 787 1451 Christi
820 1385 972 1469 jutliuium
1009 1386 1039 1451 in

112 1474 267 1539 taxatione
291 1495 410 1560 poenae
444 1487 592 1560 expectet:
617 1475 699 1560 quod
724 1472 850 1559 quidem
876 1494 931 1560 per
966 1496 1040 1539 suns

111 1562 270 1628 ministros
293 1562 416 1627 eriiibet
440 1562 589 1641 Christus,
612 1564 691 1627 sicut
728 1575 759 1627 et
781 1577 903 1627 caetera
936 1583 1039 1627 saera-

110 1666 227 1716 mentn.
250 1651 357 1716 Nullus
380 1667 483 1718 autem
508 1664 608 1737 potest
628 1652 768 1737 indicare
783 1649 823 1715 de
846 1651 945 1737 culpis
962 1672 1040 1737 quas

110 1740 242 1823 ignorat.
266 1740 479 1806 Necessarium
513 1741 605 1823 igitur
628 1742 684 1805 luit
721 1738 952 1805 confessionem
990 1740 1038 1805 in-

108 1829 193 1906 stitui
209 1831 296 1915 quasi
319 1830 489 1894 secundam
506 1844 625 1915 partem
646 1828 825 1916 hujusmodi
842 1830 1038 1907 sacrementi,

110 1932 145 1981 ut
167 1919 257 2006 eulpa
297 1920 481 2006 poenitentis
520 1920 691 1985 innotescat
729 1915 839 1982 Citristi
885 1918 1037 1982 ministro.

110 2005 242 2094 Oportet
277 2010 368 2093 igitur
403 2009 579 2073 ministrum
614 2010 664 2073 cui
699 2007 734 2072 stt
768 2006 920 2072 consessio
952 2007 1037 2093 judi·

107 2097 235 2161 ciariarn
260 2109 442 2183 potestatem
468 2097 583 2162 habere
608 2098 673 2162 vice
712 2095 836 2171 Christi,
874 2097 926 2182 qui
961 2119 1036 2163 eon·

108 2188 233 2251 stitutus
257 2201 302 2249 est
322 2186 417 2271 juder
443 2187 583 2250 vivorum
608 2200 638 2250 et
673 2198 881 2272 mortuorum.
921 2186 965 2249 lld
986 2185 1036 2270 ju·

107 2272 266 2339 diciariam
291 2289 393 2340 autem
419 2288 599 2360 potestatem
624 2273 688 2339 duo
721 2277 930 2359 requiruntur,
954 2275 1035 2340 scili·

104 2374 156 2427 eet
193 2375 356 2428 auctoritas
398 2363 603 2448 cognoscendi
627 2364 667 2428 de
704 2362 794 2449 culpa
833 2376 865 2427 et
903 2377 1037 2447 porestas

106 2450 288 2516 absolvendi
313 2452 360 2517 vel
385 2453 622 2518 condemnandi.
647 2453 682 2516 Et
710 2453 787 2515 liaeo
811 2449 873 2514 duo
890 2452 1036 2517 dicuntur

106 2538 191 2604 duae
214 2538 315 2605 clares
341 2541 504 2618 Ecclesiae,
529 2540 643 2606 scilieet
668 2540 795 2606 scicntia
833 2540 1032 2606 discernendi

104 2641 137 2692 et
162 2629 296 2714 potentia
322 2629 435 2712 ligandi
461 2644 491 2693 et
514 2628 663 2706 soluendi,
687 2650 764 2716 quas
777 2629 929 2693 Dominus
942 2629 1034 2694 Petro

104 2718 271 2790 commisit,
292 2717 378 2802 juxta
403 2717 489 2782 illud:
518 2716 586 2782 Tibi
607 2718 691 2783 dolio
731 2719 833 2782 clucet
855 2718 1032 2802 repnicne·

104 2808 217 2884 lorum,
241 2807 358 2882 Manli,
383 2807 434 2884 16,
461 2807 511 2872 19,
535 2806 602 2871 Non
626 2821 731 2872 auteur
773 2808 818 2872 aio
852 2806 1034 2891 intelligitur

103 2893 197 2960 Petro
221 2897 413 2960 commisisse
430 2911 461 2961 ut
477 2898 543 2982 ipse
566 2895 650 2961 solus
674 2897 818 2974 haberet,
840 2896 895 2961 scd
919 2910 952 2960 ut
976 2917 1033 2981 per

101 3003 177 3048 eum
202 2983 415 3049 derivarentur
437 2985 475 3048 nd
501 2983 587 3062 alios;
617 2985 703 3060 alias,
737 3005 800 3049 nou
839 2998 920 3050 esset
943 2985 1031 3049 sulti-

101 3073 220 3138 cienter
243 3072 383 3138 fidelium
407 3073 496 3138 saluti
521 3073 690 3157 provisum.
715 3072 898 3158 llujucmodi
925 3088 1028 3139 autern

101 3159 243 3226 clauesa
284 3163 426 3248 passione
465 3161 578 3227 Christi
613 3160 786 3228 cllieaciam
827 3162 952 3238 habeut,
976 3183 1031 3248 per

101 3268 196 3335 qnam
219 3251 335 3316 scilieet
359 3251 497 3316 Cltristur
522 3250 609 3314 uobis
645 3252 768 3337 aperuit
788 3247 901 3334 januas
940 3251 1029 3334 regni

101 3339 252 3404 caelestis.
275 3340 359 3416 ideo,
381 3339 460 3404 siout
482 3339 549 3404 sine
574 3340 738 3424 baptismo,
755 3338 786 3402 in
803 3358 865 3424 quo
882 3354 1032 3425 operatur

102 3429 203 3512 passio
226 3427 347 3502 Christi.
369 3448 432 3493 non
457 3439 554 3514 potest
577 3428 751 3493 cssesalus
775 3427 966 3503 homiuibus,
991 3442 1026 3492 ut

100 3515 224 3582 realiter
245 3530 388 3604 suscepto
414 3517 462 3582 uel
486 3517 660 3582 secundum
684 3517 879 3604 propositum
903 3517 1029 3582 aeside,

151 3603 183 3669 S.
199 3605 273 3694 [ln.
301 3605 445 3671 Summae
471 3605 550 3670 l’ln'l.
578 3605 610 3672 l'.
636 3605 666 3670 5.
899 3604 938 3670 18
