2484 3975
214 221 280 288 llll
587 239 758 288 nauseatur

213 328 244 378 et
267 311 343 377 alius
366 323 448 374 tuus.
472 307 557 374 Unde
571 323 601 375 et
616 309 803 388 Aristoteles,
815 309 846 376 in
863 309 1132 389 praedicamentis,

213 400 286 468 dicit
308 399 442 484 aliquam
464 397 623 464 seleutiam
658 420 727 466 este
759 396 946 484 aingntirem
977 415 1130 486 quantum

211 490 252 554 etl
275 487 460 572 subjeetum3
484 501 517 552 ut
539 487 692 572 quaedam
719 490 918 572 grammatica
942 489 971 553 in
994 487 1133 574 subjecto

212 577 338 664 quidem
355 576 454 642 estin
477 576 590 653 anima,
614 577 654 642 de
675 575 1132 662 subjeetnueronullndiritur.
1228 624 1229 665 3

215 667 303 733 Unde
324 679 356 730 et
379 664 550 730 intellectus
572 685 672 742 mens,
693 664 818 754 quando
840 665 982 750 intelligit
997 686 1031 730 se
1047 667 1133 730 intel·

213 755 320 840 ligere,
343 753 483 838 intelligit
505 753 672 840 quemdam
695 755 884 839 singularem
908 769 1022 830 aetum;
1037 775 1134 841 quan-

211 844 254 909 do
280 858 381 908 autern
406 841 545 927 intelligit
568 842 739 928 intelligere
770 843 959 930 simpliciter,
993 843 1134 928 iutelligit

212 933 326 1019 aliquid
351 931 533 997 uniuersale:
556 933 724 1016 nonenim
751 931 946 1017 singularitas
982 946 1135 1018 repugnat

212 1021 460 1106 intelligibilitari‚
485 1020 540 1086 sed
564 1021 773 1087 materialitas.
798 1021 896 1102 Unde,
918 1020 1131 1086 cumsintali-

163 1162 166 1171 .
214 1131 274 1194 qua
308 1109 474 1194 singularia
512 1109 736 1187 immaterialia,
767 1108 847 1176 sieut
881 1110 922 1176 de
954 1109 1132 1175 substantiis

213 1199 360 1286 separatis
382 1197 602 1284 supradictum
628 1213 685 1277 est,
706 1198 783 1264 niltil
795 1193 937 1286 prohibet
954 1197 1132 1283 hujusmodi

213 1287 379 1372 singularia
403 1286 542 1371 intelligi.
566 1286 608 1352 Ex
632 1287 691 1353 hoe
712 1301 815 1353 autem
827 1301 958 1376 apparet
972 1286 1132 1374 quomodo

213 1375 253 1442 sit
275 1375 383 1440 eadent
406 1375 533 1440 seientia
556 1377 586 1441 in
610 1375 760 1464 discipulo
781 1388 813 1441 et
834 1379 970 1443 duetore.
984 1375 1035 1441 list
1050 1376 1133 1440 enirn

214 1463 323 1530 endem
347 1477 496 1551 quantum
519 1464 559 1530 ad
583 1467 790 1541 ramsolam,
812 1487 875 1532 nnn
903 1479 1007 1530 tamen
1035 1485 1133 1552 quan·

215 1567 280 1618 turn
304 1554 342 1618 ad
365 1555 482 1640 species
503 1553 712 1638 intelligibiles
733 1553 848 1640 quibus
869 1568 998 1639 uterque
1021 1553 1133 1619 inrelli·

213 1643 268 1728 git3
283 1657 439 1729 quantum
462 1643 545 1708 enim
565 1643 604 1708 ad
628 1643 690 1709 lune
710 1642 916 1709 indiuiduatur
952 1643 1079 1708 seientia
1101 1647 1132 1707 in
1228 1682 1229 1727 q

214 1750 266 1796 me
288 1746 319 1796 et
342 1732 373 1796 in
396 1731 459 1808 illo;
482 1752 539 1797 nee
562 1747 682 1819 oportet
710 1731 794 1819 quod
816 1731 942 1798 scientia
975 1751 1057 1818 quae
1088 1745 1134 1796 est
1228 1734 1229 1789 l

215 1819 245 1884 in
269 1819 419 1906 discipule
441 1822 750 1887 causeturaseientia
771 1840 852 1908 quae
874 1821 961 1889 estin
974 1821 1132 1904 magistro,

212 1909 289 1973 sieut
312 1910 399 1973 calor
421 1928 519 1998 aquae
541 1911 558 1975 a
581 1909 683 1976 calore
712 1910 803 1996 ignis,
824 1910 880 1976 sed
901 1911 981 1976 sient
1016 1909 1130 1993 sanitas

213 2012 363 2084 quaeest
386 1999 416 2063 in
441 2000 567 2067 materia
591 2020 608 2064 a
631 1999 760 2065 sanitate
793 2020 875 2086 quae
905 2013 952 2065 est
975 2000 1006 2063 in
1029 1998 1132 2064 anima

214 2087 335 2153 medici.
358 2086 442 2153 Sient
465 2088 547 2154 enim
571 2089 602 2155 in
625 2088 751 2155 infirmo
773 2103 820 2154 est
841 2090 1026 2176 principium
1041 2100 1132 2153 natu·

213 2176 278 2243 eale
299 2176 445 2257 sanitatis,
468 2178 517 2243 eui
540 2179 679 2245 medicus
715 2176 826 2243 auxilia
850 2179 1071 2243 ¹subministrat
1091 2176 1130 2242 ad
1228 2205 1229 2260 3

211 2266 372 2331 sanitatem
408 2265 637 2353 perficiendum,
660 2268 700 2331 ita
722 2266 754 2329 in
778 2266 927 2352 diteipulo
950 2280 996 2331 est
1019 2266 1131 2351 prinei·
1228 2265 1229 2310 ³

213 2359 298 2441 pium
322 2357 461 2422 naturale
482 2356 638 2433 scientiae,
659 2354 774 2420 seilicet
796 2354 967 2420 intellectus
988 2373 1085 2440 agens
1099 2370 1129 2420 et
1228 2369 1229 2392 ¹

212 2444 310 2530 prims
334 2445 481 2531 principia
505 2465 616 2531 perse
639 2458 721 2508 nuta
746 2442 861 2509 Ductor
881 2459 985 2509 antem
1009 2444 1128 2509 subuni-

206 2534 318 2616 nistrat
339 2535 492 2621 quaedam
514 2532 711 2611 adminicula,
737 2530 920 2598 deducendo
934 2552 1129 2618 consequens

208 2642 248 2687 ex
272 2623 427 2711 principiis
450 2642 503 2709 per
526 2640 560 2687 se
582 2622 673 2699 nutis3
695 2620 832 2686 undeet
854 2621 991 2687 medicus
1023 2623 1130 2687 nititur

210 2729 321 2777 sanare
343 2711 497 2777 eomodo
519 2731 581 2798 quo
604 2724 713 2776 natura
735 2722 867 2788 sanaret,
888 2709 1003 2775 seilicet
1017 2709 1131 2776 ealela·
1228 2735 1229 2746 ¹

211 2800 322 2867 aiendo
346 2814 376 2867 et
398 2799 582 2886 frigidandm
599 2812 635 2865 et
658 2799 802 2882 magister
824 2796 936 2865 endem
968 2797 1063 2864 modu
1085 2799 1132 2865 in·

211 2888 294 2955 dueit
316 2891 355 2956 ad
377 2890 535 2955 seientiam
558 2909 621 2974 quo
645 2888 804 2954 inveniens
818 2888 1019 2974 perseipsum
1030 2889 1131 2954 seien-

213 2978 286 3043 tiam
309 2983 490 3067 aequireret,
502 2976 699 3065 procedendo
713 2976 828 3043 seilicet
838 2975 878 3041 de
893 2976 974 3042 nnus
988 2976 1027 3041 ad
1043 2978 1132 3061 igne·

211 3082 253 3145 ta;
275 3082 316 3147 et,
338 3070 416 3135 sieut
435 3072 549 3132 ¹sanitas
569 3068 603 3131 in
627 3064 751 3131 inlirmu
784 3064 829 3143 lit,
862 3086 925 3132 nnn
959 3066 1131 3133 seeundum

212 3169 393 3244 potestatem
417 3156 538 3231 medici,
561 3154 616 3221 setl
638 3154 811 3221 seeundum
832 3152 1008 3221 laenitatem
1042 3168 1132 3221 natu·

211 3264 275 3325 rae,
298 3247 339 3314 ita
362 3260 392 3313 et
413 3244 539 3311 seientia
562 3242 999 3329 causaturindiseipulo,nun
1021 3262 1133 3309 seeun-

212 3334 288 3401 dum
310 3336 451 3402 uirtutem
483 3334 631 3420 magistri,
664 3332 720 3399 sed
752 3330 925 3399 seeundum
957 3330 1132 3399 laeultatem
1228 3321 1229 3364 Ὗ

213 3424 407 3489 addiscentis.
438 3472 441 3475 -
538 3456 541 3463 ·

276 3512 367 3593 Quud
390 3524 494 3577 autem
518 3466 644 3577 ulterius
677 3508 836 3597 objiciunt,
865 3508 960 3597 quod,
981 3508 1134 3577 sirena·
