2484 3975
228 187 271 252 bb
484 207 540 253 ue.
563 206 602 253 tv.
626 207 690 253 aar.
713 206 765 253 sn.
788 205 825 251 ιιι
847 206 910 253 arn.

229 275 300 341 liter
323 273 407 361 quod
423 274 556 341 virtuose
573 277 668 343 virtus
682 274 803 354 dieitur3
817 288 848 341 et
859 294 914 363 per
926 274 1008 345 buno
1020 273 1158 341 modum

229 362 313 449 quod
336 366 489 451 sapienter
511 365 701 450 ereogitatur
723 364 833 432 dieitur
844 364 993 451 sapientia
1009 364 1157 449 alicujus.
1227 445 1228 448 Ἴ

229 454 264 519 ln
287 452 355 518 Deo
377 467 481 519 autem
503 454 653 541 sapientia
675 452 801 538 quidem
824 466 946 539 oportet
968 453 1028 519 diei
1049 473 1090 519 ex
1111 473 1157 517 eo
1227 451 1228 466 ¹

230 541 313 627 quod
336 542 471 629 seipsum
494 542 663 627 cugnoseit.
686 542 759 621 Sed,
789 544 862 627 quia
894 562 959 607 non
993 542 1157 627 cognoscit

228 650 341 717 seper
364 630 498 717 aliquam
521 631 656 717 speeiem
691 631 750 697 nisi
771 651 828 718 per
861 630 1037 708 essentiam,
1075 632 1156 718 quin

228 720 292 800 imo
315 732 345 785 et
367 719 469 806 ipsum
507 718 574 804 ejus
611 719 783 803 intelligere
816 733 864 785 est
899 718 967 804 ejus
1006 720 1157 797 essentia,

228 808 376 893 sapientia
400 808 457 874 Dei
481 808 604 873 habitus
626 827 694 873 esse
717 828 781 873 non
804 820 914 894 potest,
936 806 991 874 sed
1014 822 1060 873 est
1083 807 1154 894 ipsa

228 896 286 961 Dei
309 897 450 963 essentia.
474 896 668 961 Manifestum
692 910 740 961 est
757 910 867 963 autem
889 916 928 961 es
951 896 1039 961 dietis
1064 898 1154 981 quod

228 984 285 1051 Dei
309 984 403 1051 Filius
426 999 472 1051 est
493 984 631 1052 Verbum
654 997 685 1050 et
700 986 861 1071 ooneeptio
877 985 935 1051 Dei
952 985 1155 1069 intelligentis

228 1074 376 1159 seipsum.
400 1074 545 1161 Sequitur
567 1072 661 1158 igitur
682 1074 768 1160 quod
791 1071 893 1160 ipsum
929 1074 987 1140 Dei
1011 1073 1152 1141 Verbum

230 1174 388 1248 tamquam
410 1165 565 1250 sapienter
587 1176 692 1229 mente
713 1162 814 1229 divina
843 1177 1039 1249 conseptum,
1075 1183 1153 1248 pro·

229 1251 295 1336 prie
319 1265 465 1339 eonoepta
488 1270 543 1316 seu
572 1252 674 1337 genita
711 1250 860 1337 sapientia
897 1250 1026 1330 dieatur3
1064 1251 1153 1317 unde

229 1339 391 1426 Apostolus
418 1324 573 1405 Cbristum
597 1340 655 1405 Dei
675 1340 863 1425 sapientium
878 1344 1026 1420 nominat,
1044 1341 1058 1405 l
1078 1338 1154 1407 Cor.

232 1428 261 1506 l,
283 1427 336 1493 at.
360 1428 463 1515 lpsum
488 1443 591 1494 antem
613 1428 781 1515 sapientiae
803 1428 933 1494 verbum
958 1444 1062 1495 mente
1077 1450 1155 1496 eon·

227 1529 351 1602 ceptum
373 1532 420 1583 est
441 1518 596 1605 quaedam
619 1516 823 1583 manifestatio
858 1518 1026 1603 sapientiae
1059 1519 1151 1590 intel-

226 1604 359 1689 ligentis,
382 1606 461 1672 sient
485 1618 514 1671 et
538 1607 570 1671 in
594 1606 683 1671 nobis
707 1626 815 1671 omnes
839 1606 961 1675 liabitus
985 1622 1154 1693 peractus

229 1693 473 1761 manifestantur.
497 1694 575 1777 Quia
599 1714 674 1779 ergo
698 1693 801 1759 divina
824 1695 972 1781 sapientia
995 1695 1047 1760 lux
1070 1696 1152 1763 diei·

228 1796 287 1861 tur,
310 1798 401 1869 prout
423 1784 455 1849 in
479 1803 556 1869 puro
580 1797 651 1849 aeto
673 1782 857 1868 cognitionis
894 1784 1033 1849 aorisistit
1069 1786 1150 1853 lueis

228 1883 332 1939 antem
356 1871 560 1937 manifestatio
582 1871 729 1958 splendor
752 1872 850 1957 lpsips
871 1886 919 1938 est
942 1872 981 1937 ab
1017 1893 1053 1938 ea
1076 1895 1153 1961 pro-

228 1959 351 2038 cedens,
389 1962 607 2027 convenienter
629 1973 659 2026 et
682 1959 819 2028 Verbum
841 1963 962 2027 divinae
977 1962 1151 2049 sapientiae

227 2048 374 2133 splendor
396 2049 472 2116 lueis
496 2050 683 2126 nominatur,
706 2049 879 2116 seeundum
903 2049 980 2116 illud
996 2052 1149 2138 Apostoli,

226 2135 266 2202 de
289 2137 365 2202 Filio
388 2138 525 2204 dicentis:
552 2137 629 2207 Cum
650 2139 693 2203 sit
713 2140 863 2222 splendor
883 2139 1016 2226 plurius,
1039 2140 1151 2221 Hebe,

163 2233 166 2248 ’
226 2225 259 2304 1,
282 2225 313 2304 53
337 2227 471 2293 undeet
498 2226 592 2292 Filius
630 2227 910 2294 manifestationem
948 2226 1047 2296 Patr-is
1083 2232 1149 2301 sibi

225 2314 381 2394 adscribit,
405 2315 520 2386 dieens:
544 2314 698 2394 Pater...
716 2317 915 2402 manifestavi
929 2338 1039 2384 nomen
1056 2328 1147 2386 tuum

224 2404 407 2481 horninibus,
428 2403 528 2482 laura,
552 2404 612 2484 17,Ι
635 2405 702 2471 bo.
737 2405 810 2472 Sed.
846 2405 917 2472 lieet
951 2407 1057 2485 Filius,
1090 2409 1148 2494 qui

228 2505 275 2558 est
296 2492 355 2559 Dei
377 2492 525 2572 Verbum,
541 2494 666 2581 proprie
686 2495 835 2581 sapientia
850 2510 999 2584 eouoepta
1014 2494 1150 2576 dicator,

229 2600 343 2648 nomen
368 2593 471 2648 tamen
493 2582 662 2668 sapientiae
694 2584 835 2650 absolute
871 2585 988 2652 dietum
1024 2599 1151 2672 oportet

225 2687 295 2734 esse
318 2689 484 2736 commune
506 2671 587 2736 Patri
610 2671 752 2751 et.Filio;
773 2693 846 2739 oum
882 2674 1031 2762 sapientia
1062 2695 1149 2762 quae

227 2776 284 2844 per
305 2757 442 2826 Verbum
464 2757 642 2845 resplendet
662 2760 701 2825 sit
734 2760 832 2830 Patris
865 2764 1009 2841 essentia,
1042 2764 1148 2830 utdi·

145 2911 147 2916 ,
227 2853 311 2911 otum
333 2861 390 2922 est,
423 2847 561 2914 essentia¹
589 2867 663 2914 vero
700 2848 798 2916 Patris
834 2851 875 2918 sit
910 2851 969 2918 sibi
1002 2862 1033 2916 et
1065 2852 1145 2919 Filio

227 2935 410 3002 eommunis
652 2990 654 2993 .
713 2983 717 2990 ι

545 3021 721 3090 CAPUT
742 3023 823 3094 Xlll.

318 3199 407 3282 ona
428 3221 489 3267 aaa
510 3211 558 3268 ae
571 3200 635 3267 atta
654 3222 734 3270 aaa
756 3203 857 3272 sarto
878 3204 912 3270 ιι
932 3182 1056 3274 avim.

293 3377 373 3459 Quia
395 3398 468 3444 vero
493 3378 588 3454 Deus,
619 3378 822 3466 intelligendo
855 3359 1002 3468 seipsum,
1039 3344 1146 3462 omma

225 3464 286 3534 alra
308 3465 458 3554 intelligit,
482 3479 515 3534 ut
537 3472 569 3536 in
592 3468 693 3556 primo
707 3467 787 3540 libro
809 3483 970 3542 munaum
1005 3485 1061 3558 est,
1082 3477 1145 3544 sei·
1227 3458 1228 3477 ¹
