2484 3975
214 239 279 304 ttt
327 306 332 317 ,
476 258 480 266 ·
589 257 763 304 oroscopus

213 327 295 394 aliud
319 327 450 391 dicimus
473 327 635 393 materiam
672 327 874 392 substantiam
909 345 1001 410 quam
1042 327 1144 414 ipsam

212 418 397 504 positionem
421 429 570 502 quaeest
606 417 639 482 in
678 435 793 500 genere
827 415 1024 480 substantiae.
1063 417 1144 482 Nam

211 525 310 591 genus
333 505 532 582 substantioe,
555 504 634 570 sieut
656 519 686 570 et
710 504 767 570 alia
791 525 904 590 genera
927 503 1071 569 dividitur
1087 525 1146 591 per

211 595 381 680 potentiam
404 607 436 657 et
457 606 571 669 aetum,
595 608 627 658 et
649 594 820 660 seeundum
834 596 892 658 hou
909 592 985 658 nibil
999 594 1147 680 prohibet

211 683 329 768 aliquas
352 681 547 759 substautias,
571 702 652 767 quae
674 696 746 748 sunt
768 685 799 746 in
839 682 974 769 potentia
1013 695 1146 762 tantum,

211 791 280 837 esso
303 772 439 835 diversas
476 772 649 836 seeundum
684 770 768 858 quod
802 770 840 835 ad
876 770 994 835 diversa
1029 791 1145 854 genera

211 874 336 926 potuum
360 859 554 936 ordinantur3
578 879 634 946 per
671 879 764 946 quem
800 859 930 924 modum
965 860 1145 925 caelestium

211 969 378 1035 corporum
402 949 531 1013 materia
554 963 585 1014 et
607 950 735 1014 materis
775 948 1000 1014 elementorum
1037 948 1146 1014 distin·

212 1040 326 1121 guitur,
350 1057 423 1101 nam
458 1038 587 1102 materia
624 1037 801 1104 caelestium
837 1056 1004 1122 corporum
1043 1040 1145 1103 estin

211 1127 346 1213 potentia
371 1126 409 1190 ad
433 1139 536 1190 sutum
559 1125 740 1211 perlectum,
764 1126 841 1192 idest
865 1124 903 1189 ad
917 1125 1048 1192 lormam
1061 1147 1143 1213 quae

210 1215 346 1300 complet
370 1228 464 1279 toturn
490 1215 726 1301 possibilitatem
752 1215 910 1294 materiae,
935 1227 968 1279 ut
988 1213 1052 1299 jam
1076 1237 1143 1282 uon

210 1316 368 1368 remaneat
392 1305 528 1388 putentia
551 1303 590 1368 ad
614 1304 689 1368 alias
713 1303 838 1379 sormam
874 1304 999 1368 materia
1036 1319 1142 1370 autem

211 1391 441 1457 elementorum
464 1406 511 1456 est
534 1391 564 1456 iu
588 1395 723 1479 potentia
746 1393 786 1459 ad
810 1392 941 1458 sormam
970 1393 1141 1480 incomple-

210 1493 286 1559 tum,
309 1501 389 1565 quae
420 1494 516 1544 totam
558 1482 725 1547 terminare
764 1501 825 1548 non
861 1492 960 1568 potest
994 1483 1143 1547 materiae

209 1573 392 1656 potentiam.
415 1569 477 1633 Sed
502 1590 595 1656 supra
619 1571 678 1635 bas
710 1573 854 1636 materias
893 1583 938 1634 est
971 1573 1144 1653 spiritatis,

210 1656 291 1723 idest
312 1659 376 1742 ipsa
399 1657 567 1722 substantia
589 1659 765 1742 spiritualis,
794 1679 873 1746 quae
890 1658 1143 1746 recipitiormatn

209 1747 384 1812 seeundum
418 1767 507 1811 suam
546 1747 737 1828 totalitatem,
775 1747 971 1813 inferioribus
1004 1749 1145 1814 materiis

211 1835 344 1901 formam
370 1835 594 1920 particulariter
617 1837 847 1923 recipientibus.

278 1923 424 1988 Similiter
447 1925 540 1989 etiam
567 1945 629 1991 non
656 1939 740 1991 tenet
764 1925 908 1991 deductio
924 1945 961 1990 ex
978 1924 1142 2012 parleior-

210 2032 345 2077 marum.
369 2013 563 2077 Manifestum
586 2028 633 2079 est
656 2016 738 2079 enim
762 2015 858 2101 quod,
881 2016 905 2079 si
929 2036 979 2080 res
1013 2035 1144 2101 compo·
1231 2092 1232 2103 χ

209 2104 285 2166 sitae
298 2122 334 2166 ex
359 2101 486 2165 materia
501 2115 531 2165 et
546 2100 646 2167 forma
659 2104 829 2168 seeundum
852 2102 966 2167 fortnas
981 2102 1146 2182 differunt,

210 2190 294 2276 ipsae
320 2189 439 2254 formae
462 2190 633 2255 seeundum
657 2192 773 2278 seipsas
796 2191 941 2257 differunt
953 2206 983 2256 et
998 2192 1141 2258 diversae

211 2293 292 2344 tunt.
316 2278 378 2343 Sed
395 2282 426 2342 *si
451 2278 569 2344 dicatur
593 2282 676 2365 quod
701 2281 891 2345 diversarum
931 2301 1034 2345 rerum
1074 2302 1140 2346 non

210 2383 285 2432 tunt
308 2368 428 2433 formae
452 2368 591 2433 diversae
613 2370 671 2433 nisi
696 2386 820 2456 propter
854 2370 1000 2435 materiae
1037 2368 1142 2434 diver·

210 2456 345 2534 sitatem,
370 2457 447 2523 siout
470 2457 582 2523 diversi
605 2458 724 2522 colores
748 2478 784 2523 et
809 2479 871 2523 una
902 2458 974 2523 solis
1007 2456 1143 2523 illustra-

211 2546 294 2611 tione
318 2559 486 2610 causantur
508 2547 538 2609 in
563 2547 828 2624 oereseuundum
846 2546 1143 2632 diberentiemspis-

209 2635 353 2700 situdinis
377 2649 407 2697 et
429 2635 561 2698 raritatis
585 2634 680 2713 illius,
704 2636 786 2700 unde
808 2653 935 2701 neeesse
972 2648 1018 2700 est
1054 2637 1142 2721 quod

208 2737 282 2789 aute
304 2722 444 2787 eolorunt
468 2723 675 2789 diversitatem
702 2724 962 2811 praeintelligatur
999 2724 1031 2788 in
1066 2744 1142 2790 aere

207 2811 369 2875 diuersitas
393 2811 531 2895 puritatis
556 2827 588 2875 et
609 2814 824 2898 spissitudinis,
848 2829 877 2878 et
900 2813 944 2878 sio
966 2813 1059 2876 etiam
1083 2834 1142 2878 ne-

208 2920 295 2965 eesse
318 2901 377 2964 erit
401 2900 485 2983 quod
509 2900 541 2965 iu
565 2903 692 2965 materia
717 2916 788 2966 ante
813 2922 905 2966 unam
938 2900 1071 2966 sormam
1093 2902 1144 2966 in·
1231 2944 1232 2947 =

208 2989 362 3073 telligatur
384 2987 443 3051 alia
468 2988 576 3066 forma,
599 2992 678 3054 sieut
701 2993 794 3055 etiam
817 2998 848 3054 in
871 2989 1053 3076 corporibus
1066 3004 1141 3055 ante

206 3077 344 3143 colorem
369 3076 557 3158 intelligatur
578 3079 766 3163 superficies.
806 3078 962 3143 invenitur
988 3078 1081 3162 igitur
1105 3078 1138 3143 in

206 3166 315 3231 lormis
339 3165 508 3243 diversitos,
533 3167 705 3231 seeundum
719 3168 886 3253 quemdam
904 3166 1045 3232 ordinem
1064 3185 1139 3253 per-

205 3254 345 3320 feetionis
368 3266 399 3321 et
419 3253 672 3341 imperfectionis
694 3276 776 3340 ,nam
799 3276 879 3342 quae
917 3257 1064 3321 materiae
1087 3270 1138 3322 est

207 3343 419 3429 propinquior,
442 3343 650 3429 imperfectior
684 3358 782 3410 estet
817 3343 904 3431 quasi
926 3338 958 3408 in
996 3345 1137 3428 potentis

207 3445 349 3516 respectu
372 3431 616 3515 supervenientis
640 3431 768 3499 formae.
793 3433 843 3499 Siu
866 3432 1048 3517 igiturniltil
1065 3453 1141 3519 pru·

210 3519 296 3582 bibet
309 3520 339 3582 in
354 3520 563 3602 spiritualibus
574 3521 752 3587 substantiis
764 3542 881 3610 ponere
892 3521 1142 3603 multitudinem,
