2484 3975
419 257 492 313 ru.
516 259 554 303 rr.
577 258 641 309 etr.
661 257 730 306 xrrv
756 293 760 310 ,
979 239 1041 306 187

117 326 174 396 Dei
198 325 363 411 assumpsit
385 345 497 409 corpus
520 328 637 412 ubsque
661 327 763 392 anima
787 327 938 394 rationali.
962 328 1040 395 Cum

118 418 212 504 igitur
234 414 370 480 Verbum
393 413 450 479 Dei
474 416 674 500 assumpserit
697 435 809 503 corpus
833 418 873 482 ab
888 417 1052 503 ipsocom

118 504 270 592 cepticnis
293 502 452 590 principio,
475 498 609 590 oporttfrt
644 504 727 589 quod
764 506 795 569 iu
829 505 896 592 ipso
930 525 1044 571 conce·

118 592 232 686 ptionis
255 591 415 678 principio,
437 593 539 657 anima
563 593 720 658 rationalis
743 596 863 680 corpori
891 595 1042 659 uniretur.

167 682 271 758 ·ltem,
295 679 396 744 Posito
419 700 457 744 eo
481 681 564 766 qnod
589 695 636 745 εει
669 683 824 767 posterius
847 683 877 748 in
914 703 1045 767 genera·

118 771 214 848 tione,
237 787 364 834 necesse
386 783 432 832 εει
454 783 483 834 ει
507 769 537 834 id
561 769 643 856 quod
668 771 752 856 prius
788 786 835 836 est
872 771 1045 837 secundum

119 857 328 944 generationis
351 857 493 923 ordinem
518 860 602 944 poni.
625 859 780 924 Posterius
805 873 908 924 autem
935 862 965 926 in
990 881 1043 942 ge·

119 949 280 1012 neratione
303 959 349 1009 est
383 945 413 1009 id
451 948 533 1033 quod
558 959 604 1012 est
638 947 906 1033 perfectissimum:
943 949 1045 1035 perle-

120 1035 295 1101 ctissimum
320 1047 422 1099 autem
446 1050 493 1101 εει
516 1037 617 1122 ipsum
642 1037 836 1102 individuum
854 1050 1046 1121 generatum,

121 1124 207 1210 qnod
232 1125 262 1188 in
292 1124 493 1206 generatione
531 1126 666 1190 bumana
707 1140 751 1190 est
787 1126 959 1211 hypostasis
997 1127 1045 1192 rel

122 1232 275 1299 persona,·
291 1210 329 1275 ad
352 1211 440 1297 eujus
466 1214 715 1278 constitutionem
732 1289 734 1294 ¹
754 1215 936 1279 ordinantur
959 1227 988 1278 et
1012 1237 1044 1280 a·

120 1301 207 1365 nima
228 1315 258 1364 et
280 1321 401 1387 corpus.
426 1302 527 1367 Posito
552 1303 644 1386 igitur
666 1303 887 1389 personalitate
911 1303 1045 1370 bominis

119 1390 268 1474 generati,
290 1410 418 1454 necesse
440 1405 486 1455 εει
509 1390 635 1477 quidem
660 1391 791 1456 existere
826 1405 854 1456 et
879 1412 991 1478 corpus
1014 1406 1045 1456 ει

121 1479 260 1545 animam
299 1479 491 1544 rationalem.
527 1479 731 1545 personalitas
768 1493 870 1544 nutem
910 1481 1044 1546 bominis

119 1565 232 1632 Christi
258 1588 320 1632 non
345 1582 391 1632 est
414 1567 471 1632 alia
495 1579 594 1654 quam·
626 1569 827 1655 personalitas
862 1567 952 1634 Verbi
979 1569 1046 1645 θεὴ

117 1655 255 1721 Verbum
280 1671 382 1722 autem
405 1657 462 1721 Dei
486 1657 517 1721 in
542 1657 606 1742 ipsa
629 1658 830 1743 conceptione
864 1657 961 1722 unirit
984 1657 1045 1722 sibi

119 1765 232 1830 corpus
256 1745 437 1810 humanum.
461 1744 531 1809 Fuit
554 1747 646 1832 igitur
670 1745 710 1810 ibi
735 1745 939 1832 personalitas
964 1745 1046 1811 illius

120 1833 266 1912 hominis;
288 1853 364 1920 ergo
387 1833 525 1920 oportuit
562 1833 647 1920 quod
685 1847 715 1898 et
749 1834 851 1898 anima
890 1835 1045 1900 rationulis

119 1922 251 1986 adesset.
778 1927 781 1934 ’

187 2010 410 2076 inconveniens
433 2012 525 2076 etiam
565 2010 674 2077 luisset
709 2024 742 2075 ut
776 2009 923 2090 Verbum,
960 2012 1044 2097 quud

118 2114 167 2165 εει
189 2098 259 2163 lons
282 2113 313 2163 et
336 2100 424 2184 origo
448 2101 589 2164 omnium
625 2098 851 2187 perfectionum
876 2113 907 2164 ει
930 2098 1046 2165 forma-

118 2209 203 2263 rum,
237 2187 327 2253 alicui
350 2190 395 2254 rei
420 2187 543 2253 informi
570 2202 602 2252 et
641 2188 780 2253 nondum
821 2187 1044 2273 perlectionem

119 2277 385 2342 naturaebabenti
411 2278 561 2341 uniretur.
586 2276 744 2361 Quidquid
758 2290 860 2341 autem
880 2277 913 2341 lit
936 2298 1046 2363 corpo-

120 2385 222 2442 reum,
237 2380 307 2430 ante
319 2367 540 2431 animationem
552 2380 596 2429 εει
609 2364 743 2430 inlorme
754 2365 930 2430 etnondum
944 2365 1045 2452 perie-

121 2454 256 2519 ctionem
281 2468 409 2520 naturae
432 2454 560 2519 babens.
583 2454 650 2519 Non
676 2455 767 2537 igitur
779 2452 835 2517 l’uit
858 2455 1046 2519 conveniens

122 2555 157 2607 ut
179 2542 315 2609 Verbum
338 2543 396 2607 Dei
420 2544 559 2607 uniretur
581 2544 704 2628 corpori
729 2542 874 2605 nondum
898 2542 1044 2620 animat03

122 2643 153 2695 ει
175 2631 229 2709 εἰε,
251 2652 269 2694 a
293 2631 444 2717 principio
479 2630 702 2717 conceptionis,
736 2632 872 2715 oportuit
909 2630 1045 2697 animam

122 2719 207 2783 illam
231 2720 353 2804 corpori
378 2720 469 2785 uniri.

189 2808 231 2873 Ex
255 2808 315 2872 boc
338 2809 430 2872 ctiam
465 2820 593 2893 apparet
630 2805 714 2891 quod
753 2826 865 2892 corpus
901 2806 976 2872 illud
1000 2828 1047 2873 as·

121 2911 285 2983 sumptum
310 2917 327 2960 a
352 2897 510 2983 principio'
531 2894 742 2981 conceptionis
779 2894 834 2959 luit
869 2893 1048 2976 formatum,

121 2987 195 3070 quia
219 2985 295 3049 nibil
319 2985 453 3050 inlorme
476 2985 532 3050 Dei
556 2984 693 3051 Verbum
733 3002 891 3047 assumere
930 2984 1046 3049 debuit.

121 3073 223 3139 Simul
246 3088 350 3138 autem
385 3074 487 3139 anima
523 3072 650 3158 requirit
689 3072 845 3158 propriam
884 3073 1062 3137 materiam

122 3163 202 3227 siout
227 3178 258 3226 et
281 3162 434 3248 quaelibet
458 3162 517 3226 alia
540 3160 640 3225 l'orrne
675 3160 833 3227 naturalis.
869 3160 919 3225 Est
942 3175 1046 3225 autern

123 3252 247 3337 propria
271 3252 399 3316 materia
436 3250 558 3315 animae
592 3269 705 3334 corpus
744 3247 966 3331 organizatum;
1001 3262 1047 3313 est

118 3339 207 3404 enim
238 3340 340 3404 anima
363 3338 534 3403 entelecbia
567 3337 705 3423 eorporis
744 3336 881 3419 organici
917 3337 1060 3423 physici,-

121 3428 258 3514 potentia
282 3431 375 3493 vitum
399 3427 551 3492 habentis.
575 3426 607 3491 Si
631 3426 722 3509 igitur
738 3426 839 3489 anima
864 3424 1046 3511 aprincipio

123 3517 343 3605 conceptionis,
365 3517 487 3607 corpori
520 3517 561 3581 sit
593 3516 689 3593 unita,
723 3526 757 3597 ut
795 3525 953 3579 ostensum
988 3526 1065 3595 est„
