2484 3975
337 244 374 289 os
402 243 587 290 suasrsttrtrs
609 241 764 286 semiustis
941 215 1005 283 lllll

87 311 253 378 seeundum
277 334 379 387 suain,
402 314 695 401 praecognitionem,
720 305 887 375 attribuere
911 309 1005 374 rebus

86 422 155 467 ase
177 402 332 487 productis
356 404 403 470 tel
435 402 649 467 necessitatem
686 397 733 463 tel
769 395 1007 482 possibilitatem

85 492 214 555 emendi.
238 491 481 557 concedendurn
503 505 550 556 est
584 489 676 573 igitur
698 486 783 573 quod
807 484 912 550 dirius
934 503 1005 572 pru·

83 577 222 656 ridentia,
245 580 285 645 ab
308 593 435 646 aeterno
458 579 689 666 praeexistens,
726 595 818 640 eausa
855 586 903 638 est
937 593 1004 640 out·

84 666 166 738 nium
198 668 363 734 effectuum
387 667 440 756 qui
462 664 634 733 seeundum
672 663 770 750 ipsam
795 664 873 730 liunt
897 675 928 727 et
951 661 1007 749 qul

83 756 261 822 immutabili
285 758 484 844 dispositione
506 756 545 820 ab
569 756 633 841 ipsa
657 752 839 838 procedunt.
871 749 934 816 Neo
958 765 1004 816 ta·

82 863 151 909 men
174 845 218 910 sio
240 849 350 910 omnes
378 845 550 933 procedunt
573 856 607 907 ut
630 842 793 906 necessarii
830 841 901 918 sinu
924 841 1005 918 sed,

81 933 155 998 sieut
176 933 244 1020 ejus
260 934 450 1020 providentia
467 933 602 1019 disponit
617 945 650 994 ut
669 929 744 995 tales
766 927 893 996 effeetus
917 927 1003 1010 fiant,

81 1022 119 1086 ita
140 1024 231 1088 etiam
249 1024 384 1108 disponit
406 1037 439 1088 ut
460 1021 586 1088 effeetus
601 1018 727 1108 quidam
745 1020 806 1084 sint
821 1018 1003 1097 necessarii,

80 1109 118 1174 ad
140 1129 218 1196 quos
239 1132 348 1177 eausas
371 1111 510 1198 proprias
532 1131 570 1175 ex
593 1107 774 1174 necessitate
805 1119 930 1191 agentes
952 1127 1003 1170 or·

79 1198 202 1277 tllaatlt3
223 1201 349 1288 quidam
373 1221 445 1266 vero
467 1201 704 1284 contingentes,
727 1195 766 1260 ad
793 1214 871 1281 quos
894 1214 1002 1262 trusus

78 1289 215 1375 proprias
237 1292 451 1375 contingentes
472 1287 635 1353 ordinavit.

140 1377 184 1443 llx
206 1378 254 1442 bis
276 1393 379 1444 autern
402 1392 530 1464 apparet
563 1376 690 1463 quintae
724 1371 851 1439 rationis
873 1371 1000 1438 solutio.

75 1462 158 1530 Siout
178 1467 262 1531 euim
286 1488 303 1532 a
327 1467 404 1543 Deo,
423 1466 510 1551 eujus
533 1479 671 1531 esseest
694 1483 749 1549 per
771 1481 805 1524 se
821 1473 851 1525 et
876 1483 999 1528 sumine

73 1557 292 1634 necessarium,
315 1555 487 1642 procedunt
512 1555 726 1638 contingentes
762 1549 889 1616 effeetus
925 1571 999 1636 pro·

74 1654 142 1727 pter
174 1646 368 1729 propriarum
391 1663 555 1708 causarum
571 1668 577 1680 ¹
593 1641 816 1716 oottditionem,
841 1640 881 1704 ita
903 1641 998 1705 etiam

72 1733 111 1796 ab
133 1751 183 1811 eo,
204 1732 256 1818 qui
279 1748 326 1798 est
347 1753 505 1798 summurn
530 1732 671 1808 bonum,
710 1726 881 1816 procedunt
904 1727 999 1814 aliqui

72 1819 209 1898 elluatus,
229 1824 282 1908 qui
305 1822 442 1908 quidem,
467 1821 497 1886 in
521 1839 559 1884 ea
582 1818 665 1906 quod
688 1839 704 1882 a
729 1817 795 1881 beo
817 1829 900 1890 sunt,
922 1815 996 1882 boni

71 1923 154 1977 sunt:
181 1910 318 1976 incidunt
338 1924 441 1975 tamen
465 1909 496 1974 in
519 1911 563 1974 eis
591 1908 685 1995 aliqui
709 1904 846 1994 delectus
874 1919 1000 1993 propter

70 1999 279 2065 conditionem
295 2018 421 2066 auarum
436 2018 602 2065 causarum
626 2011 751 2083 propter
765 2013 842 2080 quas
863 1994 933 2061 mali
951 1996 998 2059 di·

69 2100 196 2153 eanturr
209 2088 243 2155 Et
256 2088 429 2154 seeundum
453 2090 512 2153 boo
534 2088 646 2174 ipsum,
670 2086 787 2150 bonum
810 2099 856 2151 est
879 2082 997 2171 quoda

68 2175 137 2240 Deo
159 2177 235 2243 tales
257 2176 397 2244 deleatur
420 2179 637 2264 permittantur
671 2174 796 2238 evenire
827 2174 859 2238 in
883 2172 999 2251 rebus,

67 2278 134 2332 tutu
157 2267 229 2351 quia
253 2280 301 2331 ast
322 2268 509 2333 conveniens
532 2284 636 2331 rerum
654 2262 775 2341 ordini,
802 2262 831 2325 in
855 2282 918 2348 quo
941 2261 997 2326 bo·

66 2371 143 2417 uuor
174 2354 309 2420 universi
343 2356 454 2429 existit,
482 2368 515 2418 ut
537 2353 663 2419 effeetus
696 2365 865 2436 sequantur
887 2369 997 2415 saeuu-

64 2440 143 2507 dum
165 2444 376 2509 aonditionetn
399 2462 586 2518 causarum
609 2455 675 2505 tum
713 2441 808 2504 etiarn
848 2440 920 2526 quia
958 2457 996 2505 ex

63 2529 152 2595 tualo
175 2534 267 2598 unius
289 2534 429 2617 provenit
451 2532 569 2597 bonum
592 2531 727 2605 alterius,
746 2530 824 2594 sieut
848 2529 878 2591 in
900 2527 1001 2593 rebus.

62 2619 260 2686 naturalibus
282 2622 440 2708 corruptio
463 2621 554 2685 unius
590 2633 637 2684 est
668 2617 792 2683 alterius
814 2615 995 2702 generatio,

61 2720 95 2771 et
118 2709 153 2773 ia
175 2709 344 2775 moralibus
367 2730 405 2775 ex
438 2709 652 2797 perseeutione
690 2708 815 2794 tyranni
854 2705 994 2792 requitur

61 2796 212 2879 patientia
233 2797 317 2885 justu
340 2799 423 2864 ande
446 2818 503 2886 per
516 2800 653 2863 divinam
676 2794 901 2883 providentiam
929 2812 992 2859 nott

57 2885 169 2953 deruit
192 2886 326 2953 totaliter
347 2887 428 2953 mala
452 2888 607 2975 impediri.

384 3062 668 3131 ctuuutttt.

114 3244 118 3251 ’
189 3198 290 3309 llror
310 3240 562 3307 Manichaeorum
583 3240 667 3305 cirta
685 3224 889 3327 praedicta·
955 3284 957 3291 ·

367 3343 399 3397 et
418 3333 484 3415 ejus
506 3330 694 3414 reprobatio.

68 3556 75 3566 ·
121 3488 247 3576 Omnes
269 3464 373 3588 autern
396 3509 710 3597 praediotosertores
729 3463 997 3591 tnttpioltaeorum¹

100 3598 137 3665 S.
169 3598 225 3665 Tlt
252 3598 399 3666 &minae
422 3599 501 3665 Part.
527 3599 561 3666 ll.
584 3599 615 3664 5.
901 3593 943 3660 55
