2484 3975
330 248 385 292 cta.
412 249 448 292 ιι.
473 249 536 294 ειι.
561 250 606 293 ιι.
632 250 667 292 rr
691 249 746 293 ιιι.
941 230 1005 296 957
1035 263 1040 274 =

84 330 242 406 peceatum
265 315 355 402 primi
380 318 514 384 hominis
538 317 593 382 luit
614 319 702 405 quasi
720 317 898 383 universalis
911 339 1004 384 eausa

84 407 299 472 damnationis
333 403 463 492 Oportet
496 421 599 473 autem
638 407 844 474 universalem
879 427 1004 472 eausam

84 496 229 582 appliesri
252 495 290 559 ad
315 496 559 598 unumquodque
592 496 776 580 specialiter,
801 510 833 559 ut
856 495 1001 561 ellectum

83 584 263 648 uniuersalis
284 604 396 647 causae
408 587 579 671 participet
604 583 737 648 Effectus
772 585 863 668 igitur
887 587 1002 670 pcccati

82 674 173 774 primi
198 673 331 758 parentis
347 674 485 758 peruenit
507 677 546 738 ad
562 693 818 760 unumquemque
836 693 891 760 per
903 677 1003 738 earnis

82 762 244 845 originenu
267 760 395 825 effeetus
428 775 532 826 autem
569 764 678 826 mortis
714 761 823 826 Christi
860 763 1005 848 pertingit

82 851 121 913 ad
145 870 400 934 unumquemque
424 871 479 936 ρει
500 851 692 937 spiritualem
725 850 1002 952 regenerationem,

80 959 252 1024 perquam
278 940 372 1002 horno
394 939 515 1005 Christo
537 939 772 1025 quodammodo
804 939 1002 1040 conjungitur

84 1041 115 1090 et
138 1027 364 1113 incorporatum
389 1043 421 1092 et
444 1027 514 1092 ideo
540 1042 661 1115 oportet
684 1029 766 1113 quod
794 1029 1006 1112 unusquisqne

82 1129 215 1215 quaerat
234 1119 407 1216 regenerari
432 1137 487 1203 per
509 1116 663 1182 Christum
700 1131 731 1180 et
753 1117 811 1180 alia
844 1117 1001 1202 suscipere

83 1204 249 1289 inquibus
272 1205 365 1270 virtus
389 1207 496 1270 mortis
519 1205 637 1270 Christi·
653 1222 807 1291 operetur.

151 1294 190 1358 Ex
213 1314 276 1377 quo
299 1308 382 1378 patet
403 1295 487 1380 qnod
510 1294 644 1358 ollluxus
667 1295 804 1358 salutisa
827 1292 946 1358 Christo
971 1295 1000 1358 in

81 1381 223 1445 homines
246 1403 308 1445 non
332 1397 378 1446 est
401 1404 457 1468 per
479 1399 606 1447 naturae
631 1385 842 1468 propaginem,
867 1385 921 1446 sed
945 1403 1001 1468 per

79 1471 215 1534 studium
239 1470 341 1535 bonae
363 1472 526 1536 vokrntotis
549 1492 609 1558 qua
634 1474 728 1537 homo
745 1471 864 1536 Christo
888 1472 1001 1535 adlrae-

78 1574 136 1635 ret;
159 1561 253 1625 etsie
275 1561 360 1642 quod
383 1581 400 1622 a
424 1560 546 1624 Christo
570 1563 780 1646 unusquisque
803 1562 1001 1644 consequitur

78 1663 127 1710 est
150 1650 311 1749 personale
334 1651 463 1725 bonum3
486 1649 570 1713 unde
607 1669 670 1712 non
704 1649 860 1712 derivatur
884 1654 922 1712 od
947 1669 999 1734 po·

77 1751 190 1810 steros,
211 1737 290 1801 sicut
313 1752 472 1823 peccatum
496 1737 586 1823 prirni
625 1738 769 1824 parentis,
807 1737 889 1822 quod
928 1757 998 1800 cum

78 1838 207 1889 naturae
230 1827 398 1911 propagine
434 1828 623 1912 producitur
658 1826 694 1890 Et
716 1826 788 1890 inde
826 1839 871 1889 est
904 1827 999 1910 quod,

74 1911 148 1976 licet
170 1931 313 2000 parentes
334 1916 396 1978 sint
418 1937 434 1977 a
460 1927 584 2001 peccato
606 1915 750 1997 originali
775 1915 914 1978 mundati
945 1936 999 2000 pet

75 2002 244 2081 Christum,
268 2025 330 2067 non
347 2017 460 2068 tamen
483 2016 529 2067 est
545 2006 766 2069 inconveniens
784 2007 866 2089 quod
890 2024 999 2067 corum

73 2092 131 2156 lilii
154 2112 227 2156 corn
250 2107 375 2178 peccato
398 2093 542 2176 originali
560 2109 725 2157 nascantur
747 2106 777 2158 ει
800 2097 998 2157 sacramentis

72 2180 183 2245 salutis
206 2181 373 2265 indigeant,
394 2196 428 2246 ut
450 2182 730 2268 vigesimaseptima
754 2183 830 2247 ratio
853 2181 904 2267 (l)
926 2201 997 2245 eon·

72 2269 232 2334 eludebat.

143 2358 193 2421 Sic
217 2359 308 2459 igitur
330 2377 367 2421 ει
390 2358 565 2443 praemissis
588 2356 782 2459 aliquatenus
806 2370 885 2443 patet
911 2359 995 2443 quod

72 2466 111 2508 ea
136 2466 217 2532 quae
240 2447 320 2510 eirca
343 2448 528 2531 mysterium
552 2448 771 2511 incarnationis
796 2447 872 2511 fides
894 2449 997 2511 catlto

72 2535 136 2600 lica
157 2536 312 2638 praedicat
334 2556 438 2621 neque
459 2535 662 2622 impossibilia
701 2554 802 2621 neque
826 2536 995 2619 incongrua

71 2624 281 2689 inteniuntur.

395 2711 418 2777 C
430 2712 454 2775 t
466 2710 490 2775 Ρ
503 2710 526 2775 tl
538 2710 565 2776 T
599 2710 673 2779 tvl.

264 2891 313 2955 De
331 2889 510 2953 necesitate
531 2897 806 2955 sacromentorum

138 3068 218 3150 Quia
242 3087 325 3146 uero,
348 3067 425 3131 siout
445 3064 510 3151 jam
533 3066 649 3131 dietum
673 3081 731 3147 ese,
760 3086 845 3131 mors
882 3064 994 3133 Claristi

122 3242 166 3310 (ll
184 3245 253 3305 llaec
271 3244 383 3312 objectio
398 3238 651 3313 vigesimasrptiroa,
679 3259 747 3312 quae
765 3244 869 3299 deest
863 3258 889 3295 ιιι
919 3259 942 3295 e
960 3242 994 3297 55

67 3323 94 3368 et
113 3317 209 3368 nullibi
226 3320 372 3388 reperitur,
391 3314 590 3369 videturiuisse
618 3316 687 3369 talis:
711 3316 788 3367 uPer
807 3321 917 3371 naturae
937 3332 995 3385 pro·

65 3390 190 3457 paginem
209 3388 304 3440 salus
298 3404 324 3439 ιιι
343 3388 460 3438 homines
478 3383 614 3437 effluxila
648 3386 759 3438 Christo.
788 3386 856 3453 Ergo
875 3384 920 3436 stlri
948 3388 992 3455 qui

65 3474 98 3508 ex
115 3460 270 3527 parentibus
288 3458 448 3527 regeneratis
461 3463 606 3507 naseuntur
619 3472 678 3508 eum
694 3458 812 3525 originali
825 3465 929 3527 peceato
940 3473 991 3509 nou

50 3537 223 3625 ‘nascuntor3
242 3537 269 3582 et
286 3532 344 3582 ideo
363 3530 532 3583 sacramentis
550 3528 641 3605 salutis
660 3544 711 3581 non
731 3529 857 3597 indigent
870 3546 882 3578 n
930 3534 935 3551 ‘
