2484 3975
224 223 267 287 dl
541 241 597 285 nto.
623 241 659 285 ru.
683 240 748 287 car.
772 239 832 286 viu.

221 323 267 377 est
290 329 394 375 meum
420 308 495 375 dare
519 308 619 387 alicni;
643 310 718 390 quin
742 308 856 397 potius,
890 307 1024 375 ostendit
1057 310 1148 395 quod

220 420 313 464 suurn
337 412 403 465 erat
427 399 486 465 hoc
509 397 584 463 darc
622 398 683 466 illis
721 397 833 485 quibus
871 412 937 463 erat
960 410 1147 486 paratumn

221 488 311 553 Patre
334 508 401 555 suo.
425 488 492 553 Non
518 488 603 551 eninr
627 487 688 554 hoc
712 484 787 552 darc
810 486 850 550 ad
873 503 946 551 eum
969 488 1149 573 pertinebat

220 575 392 643 secundum
415 576 498 662 qnod
523 590 589 641 erat
612 575 693 643 filins
716 576 859 659 Virginis,
882 576 937 641 sed
970 574 1148 643 secundnm
1225 619 1226 624 κ

220 666 304 751 quod
328 678 394 731 erat
416 665 510 731 Filius
533 665 602 741 Dei;
627 680 657 731 et
687 665 759 731 idco
781 684 845 729 non
869 678 935 729 erat
970 686 1063 731 sunm
1087 667 1154 731 hoc

219 754 294 821 dare
319 754 472 841 aliquibus
496 768 621 840 propter
646 755 707 819 hoc
729 755 815 839 quod
838 752 878 818 ad
902 774 976 819 curn
1011 757 1151 842 pcrtine-

222 844 275 909 bat
297 843 469 909 seeundum
494 843 578 928 quod
604 856 669 908 erat
700 842 781 909 lilius
804 843 946 927 Virginis
978 845 1156 911 secundum

223 932 485 1019 propinquitatem
509 931 679 1010 carnalem,
702 931 757 997 sed
781 945 907 1018 propter
930 933 990 999 lroc
1017 934 1155 1020 pertine·

221 1022 275 1087 bat
297 1022 334 1087 ad
359 1040 430 1085 curn
454 1019 630 1087 secundun]
654 1021 819 1106 quoderat
840 1022 934 1087 Filius
951 1023 1020 1101 Dei,
1035 1022 1152 1108 quibus

221 1110 340 1175 scilicet
363 1123 504 1196 paratum
528 1122 593 1173 erat
615 1130 633 1173 a
657 1110 747 1175 Patre
771 1131 826 1196 per
837 1109 1152 1197 praedestinationem

221 1212 388 1264 aeternam.
412 1197 474 1263 Sed
509 1198 594 1283 quod
629 1200 725 1264 ctiam
761 1198 839 1265 haec
877 1202 1070 1287 praeparatio
1108 1202 1152 1267 ad

222 1298 404 1373 potestatem
429 1286 496 1351 Filii
521 1288 578 1351 Dei
596 1289 757 1374 pertineat,
795 1290 861 1374 ipse
899 1289 1054 1355 Dominus
1075 1311 1153 1355 con·

224 1376 337 1455 fitetur,
360 1375 476 1445 dicens:
500 1378 537 1441 lo
558 1378 769 1442 domoPotris
783 1378 845 1442 mei
865 1381 1041 1444 mansiones
1069 1382 1153 1445 mul-

226 1476 275 1529 toc
298 1478 378 1543 sunu
403 1466 431 1529 si
452 1486 512 1550 quo
535 1466 651 1544 minus,
673 1467 821 1531 dicissent
842 1466 940 1546 volis,
972 1470 1045 1552 quau
1068 1471 1153 1534 raudo

222 1574 341 1637 perure
362 1553 448 1620 uobis
474 1555 584 1633 locum,
605 1555 708 1634 loon,
732 1556 785 1629 ll,
807 1556 838 1621 ἢ.
862 1556 1154 1625 llansioncsautena

224 1642 338 1709 multae
361 1657 432 1709 sunt
455 1642 566 1709 diversi
592 1644 706 1727 gradus
730 1644 961 1731 participandae
988 1646 1155 1712 beatitudi-

227 1732 284 1808 nis,
320 1733 371 1818 qui
407 1732 446 1798 ab
483 1746 610 1798 aeterno
646 1754 664 1797 a
702 1733 770 1799 Deo
806 1734 838 1797 in
873 1735 1156 1821 praedestinatione

229 1825 404 1907 praeparati
428 1835 508 1887 sunt.
533 1820 610 1887 Cum
624 1840 700 1904 ergo
715 1822 869 1887 Dominus
879 1823 951 1889 dicit
963 1822 1057 1910 quod,
1072 1825 1096 1889 si
1122 1826 1157 1890 in

228 1909 332 1996 aliquo
355 1911 458 1975 miuus
481 1923 574 1988 essct,
597 1909 677 1975 idest
713 1912 739 1975 si
762 1908 931 1977 delicerent
953 1927 1158 2001 praeparatae

227 2000 404 2066 mansiones
428 2000 607 2066 hominibus
620 1999 661 2064 ad
675 2000 898 2066 beatitudinem
910 2002 1158 2082 introducendis,

227 2105 258 2154 et
280 2088 393 2154 subdit:
420 2089 574 2154 Dixissem
595 2088 682 2152 vobis
705 2091 780 2174 quio
812 2093 894 2155 vodo
930 2111 1048 2174 parcre
1067 2092 1159 2158 codis

186 2201 190 2210 ·
230 2180 339 2254 locum,
363 2178 496 2242 ostendit
518 2175 698 2262 hujusmodi
723 2181 990 2265 praeparationem
1003 2181 1042 2246 ad
1064 2198 1159 2248 suam
1225 2244 1226 2271 ᾖ

229 2279 412 2354 potestatem
429 2267 594 2352 pertinere.

295 2355 402 2441 Neque
425 2355 517 2419 etiarn
543 2366 643 2440 potest
668 2354 794 2440 intelligi
817 2355 901 2443 quod
924 2357 1019 2422 Filius
1042 2358 1156 2424 horam

230 2446 381 2512 adventus
404 2444 451 2510 sui
475 2444 608 2528 ignoret,
630 2463 701 2508 curn
727 2444 758 2508 in
790 2466 829 2510 eo
851 2445 912 2510 sint
949 2465 1054 2510 omncs
1090 2449 1158 2510 tlte-

144 2581 152 2588 .
226 2537 313 2600 sauri
336 2533 508 2616 supientiae
531 2543 561 2596 et
581 2533 727 2601 scientiae
738 2532 921 2610 absconditi,
934 2546 970 2599 ut
990 2535 1158 2621 Apostolus

228 2623 311 2700 dicit,
334 2622 462 2699 Coloss,
485 2623 517 2701 9,
541 2622 573 2693 5,
598 2632 723 2688 etcum
746 2622 777 2687 id
801 2623 889 2708 quod.
912 2623 1012 2709 majus
1026 2638 1072 2689 est
1084 2647 1159 2710 per·
1225 2624 1227 2633 '

227 2711 306 2776 lecte
329 2725 506 2795 cognoscat,
529 2709 651 2775 scilicet
670 2711 806 2789 Patrem3
829 2711 884 2776 sed
908 2712 1161 2797 hocintelligen·

228 2799 303 2865 dum
328 2799 468 2884 estquis
492 2799 598 2876 Filius,
623 2798 703 2864 inter
727 2800 871 2866 homines
910 2802 1005 2867 homo
1039 2803 1162 2867 consti·

225 2903 319 2966 tutus,
342 2887 381 2952 ad
405 2889 532 2952 modum
555 2887 727 2973 ignorantis
750 2909 784 2953 sc
813 2889 933 2966 habuit,
969 2889 1045 2955 dum
1063 2890 1160 2957 disci-

225 2977 307 3063 pulis
331 2997 394 3040 non
417 2976 571 3042 revelavit.
597 2977 647 3040 Est
670 2977 756 3042 eninr
779 2991 947 3043 consuetus
973 2979 1087 3045 modus
1111 2980 1162 3045 lo-

227 3064 341 3151 quendi
365 3066 395 3128 in
413 3064 624 3151 Scripturisut
647 3065 733 3130 Deus
756 3066 877 3132 dicatur
897 3068 1014 3153 aliquid
1037 3089 1160 3146 cogno·

226 3176 324 3232 scere,
347 3155 372 3218 si
398 3152 473 3218 illud
497 3173 686 3236 cognoscere
709 3153 793 3232 lacit;
815 3160 892 3220 sicut
908 3157 1050 3222 liabetur:
1064 3157 1162 3226 Nunc
1225 3230 1226 3233 ,

227 3247 352 3330 cognovi
373 3243 456 3327 quod
480 3242 589 3308 timeus
624 3243 733 3322 neam,
757 3243 846 3322 Gen,
868 3246 924 3322 ll,
952 3245 1005 3324 ta,
1042 3244 1073 3310 id
1109 3263 1162 3314 cst

228 3353 310 3397 nunc
331 3351 521 3412 cognoscere
545 3331 614 3408 leci3
647 3333 746 3398 etsie
768 3353 824 3420 per
846 3333 1023 3422 oppositum
1060 3334 1161 3402 Filius

228 3422 347 3486 nescire
370 3419 481 3486 dicitur
504 3420 588 3505 qnod
613 3441 677 3486 non
693 3419 764 3486 lacit
786 3442 842 3487 nos
864 3424 954 3489 scire.

294 3508 430 3576 Tristitia
453 3529 537 3588 tero,
562 3508 655 3581 timor
677 3522 708 3575 et
729 3509 788 3576 alia
812 3509 993 3596 hujusmodi
1020 3510 1160 3580 manife-
