2484 3975
4 298 7 323 ‚
385 261 442 306 nm.
466 263 504 309 rr.
528 259 591 310 err.
622 263 718 313 nrrtr.
953 248 1020 313 505

4 390 5 411 p
101 350 202 397 eorum
226 350 345 408 semen,
368 329 452 415 quad
492 347 536 396 est
571 331 764 419 superfluum
800 332 948 412 alimenti,
982 353 1020 403 er

100 421 238 486 carnibus
263 418 371 484 alienis
408 435 591 503 generatum
627 422 675 500 sit,
714 436 855 507 resurget
892 425 1019 509 quidem

99 528 198 575 semen
223 509 254 574 iu
279 530 316 573 eo
340 508 392 593 qui
416 522 461 572 cst
486 524 574 573 natus
598 531 634 575 ex
658 511 786 587 semine,
826 511 894 577 foco
932 515 1020 598 cujus

98 598 123 661 ei
146 598 232 683 cujus
256 617 365 662 carnes
389 614 544 663 comestae
569 612 641 663 sum
664 598 858 684 supplebitur
885 601 1019 668 aliunde.

98 686 159 752 Hoc
181 688 264 752 enim
290 686 321 751 in
345 688 570 751 resurrectione
594 686 767 760 seruabitur
800 689 895 774 quod,
918 692 943 755 si
967 692 1021 757 afi-

97 776 167 861 quid
193 774 393 841 materialiter
414 772 471 845 fuit
495 777 524 839 in
550 772 690 861 pluribus
713 777 900 855 homiuibus,
917 800 1020 845 resur·

4 940 6 951 ἦ
97 878 145 949 get
169 865 200 929 in
225 884 262 929 eo
287 863 324 928 ad
349 862 437 948 cujus
462 863 686 951 perfectionem
711 866 809 949 magis
839 869 1021 951 pertinebas

97 952 188 1031 unde,
209 953 234 1017 si
260 952 315 1017 fuit
338 952 368 1016 iu
394 973 456 1016 ono
482 966 514 1016 ut
538 952 672 1018 radicale
695 974 803 1018 semen
827 976 865 1018 ex
888 977 950 1042 quo
973 974 1019 1024 est

94 1056 270 1125 generatus,
295 1042 325 1105 in
350 1040 411 1105 afio
436 1062 509 1105 uero
549 1044 628 1106 sicut
665 1042 886 1129 superveniens
924 1046 1019 1111 nutri·

93 1146 246 1207 mentum,
272 1144 412 1212 resurget
435 1130 466 1193 in
491 1151 529 1194 eu
554 1130 606 1215 qui
632 1146 678 1194 est
702 1150 866 1214 generatus
899 1154 937 1199 ex
961 1137 1020 1201 hoc

92 1220 170 1285 sicut
195 1239 232 1283 ert
256 1220 384 1283 semine.
409 1217 440 1281 Si
466 1239 537 1283 vero
564 1222 593 1283 io
619 1240 682 1283 uau
718 1218 773 1283 fuit
798 1233 829 1284 ut
863 1223 1020 1307 pertinens

92 1308 129 1371 ad
154 1306 376 1395 perfectionem
404 1307 563 1387 individui,
588 1308 618 1372 in
646 1308 706 1372 ofio
729 1323 833 1373 autem
857 1326 890 1376 ut
924 1311 1019 1400 depu-

92 1408 189 1462 tatum
213 1396 252 1461 ad
276 1394 497 1482 perfectionem
521 1396 646 1481 speciei,
671 1412 811 1482 resurget
832 1396 879 1480 'tin
918 1422 957 1465 eo
980 1401 1020 1468 ad

90 1504 185 1569 quem
211 1486 384 1572 pertinebat
406 1484 580 1549 seeundum
606 1484 828 1570 perfectionem
861 1487 1020 1567 individue

91 1574 175 1639 unde
198 1593 305 1639 semen
332 1589 471 1657 resurget
495 1576 645 1658 ingenito
668 1588 698 1639 ct
715 1594 779 1639 nou
794 1577 824 1639 in
840 1593 1020 1659 generante,

91 1676 121 1727 et
143 1677 228 1729 coste
252 1662 335 1727 Adae
360 1676 502 1746 resurget
525 1662 555 1725 io
592 1663 664 1735 Eva.
689 1683 750 1727 oon
786 1664 816 1727 io
855 1665 1018 1747 boemia

91 1771 154 1837 quo
179 1750 236 1817 fuit
258 1753 335 1815 sicut
359 1750 389 1816 io
414 1765 543 1816 naturae
577 1751 739 1838 principio.
775 1751 806 1816 Si
829 1768 932 1819 nutem
969 1778 1019 1822 sc·

90 1839 241 1905 cundum·
255 1838 402 1905 eumdem
427 1839 624 1927 perfectionis
649 1841 776 1905 modurn
798 1839 866 1929 'fuit
890 1844 920 1907 in
937 1858 1019 1910 utro

89 1949 163 2016 qne,
185 1926 327 2014 resurget
350 1930 380 1993 in
405 1948 443 1994 eo
467 1928 498 1994 in
521 1949 584 2015 quo
608 1928 750 2016 primitus
766 1928 832 1995 fuit.

156 2018 203 2084 Ad
228 2018 258 2082 id
283 2037 356 2084 tero
379 2017 463 2103 quod
502 2033 587 2083 sexto
627 2018 785 2105 obiectum
819 2033 875 2098 est,
911 2041 949 2086 ex
972 2021 1019 2090 his

87 2126 170 2192 quae
194 2106 273 2173 diota
297 2119 368 2172 snut
388 2107 453 2193 jam
479 2119 560 2192 patet
584 2107 709 2173 solutio.
724 2107 918 2176 Resurrectio
935 2113 1018 2178 euim

85 2209 240 2282 quantum
263 2195 302 2260 ud
328 2195 422 2260 finem
440 2195 588 2260 naturalis
601 2207 659 2272 est,
676 2198 862 2282 inquantum
880 2201 1019 2266 uaturafe

85 2299 132 2350 cst
157 2285 281 2350 animae
304 2303 372 2349 esse
406 2285 528 2371 corpori
573 2285 704 2363 unitam3
739 2285 796 2352 sed
834 2288 1020 2375 principium

83 2372 154 2459 ejus
178 2375 311 2440 activum
337 2393 398 2439 nou
423 2386 469 2438 est
497 2372 650 2452 noturnfc,
672 2374 728 2440 sed
751 2374 816 2440 sofa
840 2376 951 2442 virtute
972 2377 1019 2442 di-

84 2465 160 2528 vina
184 2476 338 2528 causatur.

155 2550 219 2616 Nec
249 2552 341 2616 etiam
366 2549 543 2633 negandum
567 2563 613 2614 est
641 2551 782 2617 omnium
820 2555 1019 2620 resurrectio

83 2660 162 2706 nem
185 2659 253 2706 esse
276 2639 422 2717 futuram,
445 2640 586 2724 quamtis
611 2658 675 2704 noo
698 2660 807 2706 omnes
831 2661 888 2728 per
922 2643 1017 2708 fidem

84 2727 212 2794 Cbristu
235 2728 423 2794 adhaereant
446 2747 503 2792 nec
527 2726 594 2813 ejus
627 2729 780 2814 mysteriis
812 2731 874 2795 sint
897 2731 1020 2797 imbuti.

84 2817 186 2884 Filius
209 2817 292 2883 euim
316 2817 374 2882 Dei
408 2831 534 2903 propter
568 2817 629 2881 boc
664 2833 807 2884 notorem
848 2819 1020 2887 humanam
1057 2844 1062 2858 ¹

84 2906 254 2992 assumpsit
277 2919 311 2970 ut
333 2925 403 2970 eam
426 2919 594 2992 repararet.
619 2905 653 2970 fd
677 2907 771 2992 igitur
793 2909 879 2994 quod
903 2924 948 2974 est
964 2911 1019 2975 dc·

84 2995 187 3065 fectus
211 3008 339 3078 noturue
360 2995 391 3059 in
417 2994 562 3060 omnibus
585 2998 792 3081 reparabitur;
809 2999 892 3062 uude
907 3019 1019 3066 omues

82 3105 102 3149 a
128 3096 231 3148 morte
253 3083 399 3148 redibunt
422 3083 460 3148 ad
486 3084 589 3159 ritam3
623 3084 679 3149 sed
717 3084 856 3159 defectus
880 3086 1017 3174 perfecte

80 3193 153 3239 non
174 3171 368 3260 reparabitur
392 3171 449 3237 nisi
467 3172 496 3235 in
514 3171 574 3236 iffis
593 3171 646 3258 qui
659 3173 780 3241 Christo
797 3174 1014 3255 adhaeserunt,

83 3261 137 3327 vel
162 3281 217 3347 per
239 3261 399 3348 proprium
428 3274 529 3324 actum
568 3261 724 3330 credendo
761 3265 794 3329 in
828 3263 942 3351 ipsum,
964 3267 1014 3332 ref

82 3349 199 3416 saltem
224 3371 280 3438 per
301 3347 373 3415 fidei
397 3361 638 3416 sacramentum.
996 3390 1000 3400 ·
