2484 3975
212 209 277 274 tuo
587 226 759 273 musenius

211 296 334 385 proprie
346 296 376 361 in
393 296 642 383 praedicamento
658 296 847 362 substantioe
862 295 1040 375 collocatur,
1062 295 1138 363 iden

211 391 243 451 iu
265 388 442 451 substantiis
475 386 601 451 nomino
632 401 773 451 concrete
811 404 891 472 quoe
928 387 1135 473 compositum

210 476 530 561 significentproprie
553 476 584 539 in
608 494 722 558 genere
760 496 827 539 esse
865 475 1020 554 dicuntur,
1057 474 1138 541 sieut

210 584 325 649 gerrem
349 564 397 628 vei
419 564 547 650 speeies,
570 577 604 627 ιιι
627 564 722 629 homo
745 563 933 640 terentinae
956 578 1135 629 nonnutem

211 652 311 719 iormo
334 654 383 717 rel
407 653 534 717 materie
557 664 604 717 est
627 652 657 715 in
683 654 932 738 praedicamento
950 652 1008 719 hoe
1031 652 1139 728 modo,

1234 268 1237 309 i

212 741 270 807 nisi
293 762 349 829 per
371 743 597 819 reductionem,
619 742 697 806 sieut
714 742 860 828 principie
874 743 904 804 in
920 759 1036 825 genere
1051 742 1135 827 prin·
1234 760 1235 767 ¹

211 832 395 917 eipietorum
417 851 485 896 esse
507 829 662 894 dicuntur.
686 830 748 895 Sed
771 852 809 895 ex
831 831 989 895 accidente
1015 842 1045 898 et
1059 831 1135 895 sub·

209 920 292 1004 jecto
312 940 377 983 non
401 919 434 983 dt
456 939 553 983 unum
578 939 633 1005 per
655 939 699 997 se,
733 919 816 985 unde
839 940 901 983 oon
932 918 1060 983 resuitet
1096 939 1136 985 ex

211 1028 320 1075 eorum
343 1008 563 1093 conjunctione
583 1009 685 1092 ulique
709 1022 817 1077 nature
848 1008 897 1073 eoi
931 1008 1058 1073 intentio
1081 1027 1135 1091 ge.
1236 1008 1237 1049 t

212 1099 294 1161 neris
318 1097 366 1161 rel
388 1097 500 1183 speciei
525 1098 619 1197 possit
642 1096 775 1162 attribui.
811 1096 897 1161 Unde
935 1098 1060 1161 nomina
1083 1117 1136 1161 uo·

212 1185 380 1250 ridentium
403 1186 578 1250 concretive
600 1185 680 1249 diets
705 1207 767 1251 nou
791 1198 948 1272 ponuntur
975 1186 1005 1249 in
1044 1205 1135 1271 pree·

211 1275 397 1351 dieementu,
420 1275 497 1338 sieut
519 1276 638 1359 speeies
661 1274 712 1339 vei
749 1294 877 1359 genera,
899 1286 931 1337 ιιι
957 1273 1062 1339 uibum
1087 1275 1136 1339 rei

212 1366 375 1439 musicum,
399 1362 457 1426 nisi
473 1382 528 1449 per
541 1364 763 1440 reductionem,
779 1364 833 1428 sed
846 1363 945 1429 soium
950 1349 1135 1427 seeundum

211 1452 295 1535 quod
319 1452 468 1516 abstineto
488 1453 711 1535 significentur,
734 1466 767 1517 ut
782 1452 901 1517 albedo
924 1464 954 1515 et
977 1451 1104 1515 musice.

280 1536 314 1604 Ει
337 1542 408 1626 quin
431 1541 598 1606 renidentis
623 1562 698 1605 uon
701 1554 936 1643 componuntur
953 1559 990 1605 os
1004 1540 1134 1605 materia

212 1642 243 1693 et
264 1628 375 1707 forme,
397 1627 468 1694 ideo
490 1648 553 1693 non
577 1642 676 1715 potest
699 1632 729 1695 iu
753 1631 798 1694 eis
820 1630 899 1695 sumi
915 1648 1013 1713 genus
1034 1650 1134 1693 amu-

212 1716 288 1783 teria
311 1732 342 1783 et
363 1718 533 1783 differentis
556 1738 573 1781 n
597 1717 707 1795 formo,
730 1702 849 1785 sidutin
863 1719 1134 1784 submentiiscom

213 1808 328 1907 positis;
350 1807 405 1871 sed
429 1820 550 1893 oportet
573 1820 605 1871 ut
628 1808 762 1893 primum
798 1828 895 1894 genus
929 1818 1069 1873 sumetur
1094 1827 1134 1871 ex

212 1900 281 1981 ipso
303 1896 398 1959 modo
420 1896 553 1997 essendi,
574 1896 745 1962 secuudum
762 1897 845 1981 quod
858 1916 913 1961 ens
925 1893 1134 1961 diversimode

210 1985 382 2050 seeundum
406 1986 490 2086 prius
512 2000 544 2050 et
566 1986 717 2072 posterius
747 1985 786 2050 do
820 1986 928 2050 decem
966 1984 1134 2070 generibus
1236 2009 1237 2014 ¹

211 2073 414 2159 praedicatum
435 2077 513 2138 sieut
536 2072 647 2139 dieitur
670 2078 822 2161 quantitas
845 2096 882 2140 ex
905 2096 942 2140 eo
981 2074 1064 2159 quod
1084 2087 1134 2138 est

211 2182 356 2227 mensura
378 2163 575 2240 substantioe,
587 2179 617 2228 et
629 2163 758 2250 qualitas
780 2163 952 2230 seeundum
979 2161 1062 2248 quod
1085 2176 1134 2227 est

209 2252 368 2338 dispositio
390 2251 590 2332 substantioe,
611 2266 643 2316 et
664 2255 708 2318 siu
719 2253 759 2318 de
774 2251 853 2326 eliis,
875 2253 1047 2318 seeundum
1061 2250 1134 2316 Phi·

206 2340 372 2440 iosophum
396 2341 410 2410 (
402 2339 602 2427 Metnphyr.‚
631 2343 688 2426 ι).

273 2413 472 2494 Differentiae
494 2450 567 2494 vero
590 2430 622 2494 in
645 2435 689 2495 eis
712 2441 877 2495 sumuntur
893 2447 930 2516 ex
953 2427 1131 2494 diversitate

208 2517 429 2621 principiorum
452 2538 488 2583 ex
511 2518 623 2603 quibus
645 2533 819 2584 densentur.
843 2519 878 2583 Et
893 2517 964 2604 quie
988 2517 1132 2604 propriae

209 2609 370 2708 passiones
388 2626 427 2671 ex
449 2606 579 2693 propriis
602 2609 757 2709 principiis
790 2606 919 2692 subiecti
953 2621 1133 2682 onusentur,

210 2696 281 2761 ideo
303 2694 476 2797 subjeetum
500 2696 625 2782 ponitur
648 2698 678 2760 in
713 2695 891 2761 definitione
929 2715 1037 2760 eorum
1061 2694 1133 2759 loeo

210 2785 411 2862 differentiae,
441 2785 467 2849 ri
490 2786 522 2848 in
545 2786 698 2850 obstructo
733 2785 932 2857 definiuntur,
957 2784 1130 2848 seeundum

210 2875 294 2959 quod
318 2887 390 2938 sunt
412 2873 537 2960 proprie
565 2874 597 2938 in
627 2893 753 2958 genere,
785 2875 863 2938 sieut
900 2873 1012 2938 dieitur
1045 2873 1131 2957 quod

210 2963 327 3027 simitus
349 2976 395 3027 est
418 2965 483 3025 nusi
495 2964 647 3038 1eurvitus3
668 2963 763 3028 sede
795 2981 945 3028 ettrtrerso
977 2975 1068 3038 esset,
1104 2961 1133 3026 si

210 3071 319 3116 eorum
343 3051 481 3116 definitio
502 3065 677 3117 sumeretur
699 3050 869 3116 secundum
892 3051 975 3137 quod
1001 3069 1132 3116 nouere·-

210 3143 268 3205 rire
290 3141 445 3217 dicuntum
466 3141 510 3204 sic
532 3141 614 3205 enirn
638 3140 810 3225 subiectum
834 3141 865 3204 in
888 3159 997 3204 eorum
1020 3117 1131 3202 d'eiini-

205 3231 290 3294 tiono
313 3242 479 3316 poneretur
500 3230 579 3292 siout
600 3247 712 3313 genum
732 3229 803 3315 quio
838 3243 910 3294 tuno
947 3228 1130 3294 definiretur
1236 3259 1237 3280 ι

205 3337 261 3402 per
283 3320 412 3382 modum
434 3316 676 3384 substantiarum
698 3316 937 3404 compositurum
961 3318 992 3382 in
1015 3317 1129 3402 quinus

206 3407 283 3470 rutio
305 3407 427 3491 generis
449 3411 582 3470 sumitur
603 3411 621 3469 i
645 3407 783 3484 materie,
804 3405 882 3472 sieut
897 3406 1027 3472 dicimus
1041 3406 1129 3491 quod

205 3493 319 3576 simum
342 3507 389 3558 est
412 3513 504 3558 nesus
526 3514 649 3562 curvus.
672 3495 818 3588 Similiter
840 3495 931 3560 etism
956 3509 1013 3576 est,
1040 3495 1066 3560 si
1089 3515 1129 3560 u·
