2484 3975
439 240 496 285 ua.
530 240 568 286 ru.
591 239 658 285 cnr.
678 238 716 284 ιι.
984 217 1027 285 bd

107 332 177 380 sum
201 319 257 377 est.
281 306 411 395 Oportet
434 309 525 395 igitur
561 308 665 373 dicere
697 305 810 372 Filium
841 304 924 378 Patri
956 325 1026 375 esse

104 399 276 489 aequalem.
301 398 379 463 llinc
401 412 447 464 est
469 396 552 483 quod
576 395 783 481 diciturquod
797 394 1027 463 lctusPotrem

13 546 14 549 ,
104 510 195 559 suum
217 485 339 553 dicabat
363 485 471 562 Deum,
485 486 647 570 aequalem
659 504 692 548 sc
702 485 820 567 [ueiens
835 484 911 561 Deo,
925 484 1026 562 luam,

13 654 14 663 χ
105 578 137 657 5,
161 578 213 654 l8;
236 591 267 641 et
289 575 402 641 dicitur
425 574 508 660 quod
531 594 593 639 uon
615 576 765 657 rapinam
786 571 959 639 arbitratos
980 584 1029 639 est

103 686 170 735 ecre
192 686 226 731 ac
247 665 409 749 aequalem
432 663 510 737 Deo,
533 662 679 747 Plriltpp„
704 662 736 740 2,
759 660 790 728 6.

170 751 437 825 Considerandum
461 751 554 816 etiam
578 750 662 837 quod
686 751 718 815 id
742 749 827 836 quod
850 761 1027 836 generatur,

105 841 253 929 quamdiu
278 842 308 905 in
321 853 488 925 generante
501 853 614 916 manet,
628 838 740 904 dicitur
751 858 818 905 esse
830 852 1026 925 conceptum.

12 984 13 1021 p
103 929 242 999 Verbum
266 942 369 995 autem
392 928 449 993 Dei
473 928 514 993 ita
537 940 623 995 esta
662 927 741 1001 lleo¹
768 927 907 1013 genitum
941 926 1026 1013 quod

104 1034 209 1086 tamen
232 1016 271 1085 ab
294 1018 362 1104 ipso
385 1037 447 1083 nott
471 1017 597 1095 recedit,
631 1015 688 1081 sed
726 1016 757 1081 in
781 1035 819 1082 eo
856 1028 971 1094 manet,
994 1026 1028 1080 ut

12 1166 13 1199 p
104 1128 144 1175 ex
180 1105 390 1193 superioribus
427 1117 520 1192 patet.
556 1104 650 1170 Recte
686 1124 762 1190 ergo
796 1104 931 1172 Verbum
969 1102 1027 1169 Dei

104 1210 206 1285 potest
227 1195 286 1261 dici
309 1215 327 1259 a
350 1193 417 1259 Deo
440 1207 638 1281 conceptum.
660 1192 738 1259 lliuc
772 1208 818 1259 est
851 1192 936 1280 quod
970 1192 1027 1259 Dei

12 1282 13 1287 ’
104 1282 253 1372 sapientia
276 1282 358 1349 dicit:
382 1281 528 1348 Nondum
558 1280 840 1368 constupratae
875 1302 930 1369 ego
955 1282 1028 1365 jum

104 1383 252 1457 concepto
275 1392 373 1450 mum,
396 1370 541 1437 Proverb.
566 1371 597 1449 8,
620 1372 675 1436 nl.

173 1460 223 1527 Est
245 1475 349 1526 autem
372 1458 545 1527 differentia
569 1460 649 1525 inter
671 1458 907 1545 conceptionem
936 1458 1028 1525 Verbi

104 1550 162 1618 Dei
185 1564 217 1616 et
240 1548 431 1616 materialem
452 1550 688 1635 conceptionem
713 1567 794 1634 quae
816 1547 899 1633 apud
922 1566 979 1613 nos
996 1548 1028 1613 iu

104 1637 291 1704 animalibus
313 1636 478 1703 invenitur.
493 1636 570 1702 Nam
586 1636 699 1725 proles,
713 1635 863 1723 quamdiu
880 1648 1029 1721 concepta

104 1740 153 1793 est
174 1741 206 1793 et
227 1728 259 1791 in
283 1739 371 1791 utero
394 1724 558 1801 clauditur,
585 1724 724 1791 noudum
758 1723 852 1791 babet
889 1724 1030 1792 ultimam
1107 1726 1113 1749 ²
1229 1759 1230 1782 ι

104 1814 339 1905 perlectionem,
362 1827 395 1880 ut
418 1834 472 1901 per
494 1834 529 1881 se
550 1814 706 1893 subsistat,
740 1833 759 1882 o
791 1826 959 1898 generante
981 1833 1031 1879 se·

105 1903 244 1971 eundum
288 1903 391 1969 locum
429 1902 559 1979 diversa3
593 1903 677 1969 unde
711 1914 832 1990 oportet
868 1901 963 1989 quod,
998 1902 1030 1967 iu

11 1991 13 2016 ³
105 1989 259 2079 corporali
285 1993 486 2077 generatione
508 1991 704 2067 animalium,
728 1989 813 2058 aliud
846 1992 885 2057 sit
907 1993 1031 2078 genitae

106 2081 202 2170 prolis
225 2081 384 2168 conceptio
400 2094 493 2168 atquc
516 2080 598 2146 aliud
617 2092 722 2170 partus
735 2081 841 2167 ipsius,
855 2080 1030 2148 secuudum

72 2171 81 2183 “
107 2188 203 2257 quem
225 2170 318 2234 etiam
340 2168 409 2237 loco
432 2182 592 2256 separatur
623 2168 724 2255 proles
746 2169 849 2254 genita
882 2190 900 2235 a
934 2188 1028 2255 gene-

108 2273 207 2334 rante,
229 2257 268 2324 ab
295 2271 382 2325 utero
405 2258 581 2343 generantis
608 2258 781 2342 egrediens.
818 2257 955 2325 Verbum
977 2279 1032 2326 au·

11 2339 13 2348 '
107 2360 171 2412 tem
194 2346 265 2425 Dei,
287 2346 318 2412 in
341 2346 408 2433 ipso
432 2344 1032 2433 Deodicenteexistens,estperlectum

109 2437 142 2500 in
166 2454 201 2510 se
222 2435 400 2513 subsistens,
415 2434 592 2501 distinctum
616 2433 932 2512 aDeodiceute3uon
949 2436 1033 2503 cuim
1134 2462 1137 2467 ·

11 2531 13 2544 '
109 2537 286 2610 expectatur
308 2522 351 2590 ibi
374 2523 480 2590 localis
518 2522 683 2601 distinctio,
716 2523 744 2588 si
778 2521 847 2589 solo
883 2523 1031 2590 relatione

11 2607 13 2698 J
109 2613 351 2698 distinguuntur,
383 2625 416 2680 ut
437 2612 556 2682 dictum
593 2625 651 2676 est.
685 2609 771 2676 ldem
805 2622 852 2677 est
888 2630 964 2696 ergo
996 2614 1028 2680 iu

11 2705 12 2788 J
108 2702 308 2788 generatione
334 2699 423 2768 Verbi
461 2700 517 2766 Dei
540 2711 571 2764 et
605 2699 766 2787 conceptio
800 2712 831 2771 et
853 2713 969 2788 partus3
1003 2715 1035 2766 et

11 2797 12 2868 I
106 2790 192 2870 ideo,
214 2803 378 2878 postquam
399 2809 438 2856 ex
460 2808 515 2856 ore
538 2787 714 2876 Sapientiae
736 2787 852 2854 dictum
887 2802 945 2855 ests
968 2788 1033 2874 Epo

11 2887 12 2902 ¹
99 2881 174 2966 jum
196 2889 339 2964 conceptu
362 2898 459 2960 mum,
482 2890 551 2968 post
573 2897 672 2964 pauca
695 2875 848 2944 subditur:
869 2877 949 2944 Ante
969 2880 1034 2944 cut·

11 2967 12 2978 ’
108 2971 156 3036 icc
177 2987 231 3054 epo
263 2966 476 3052 parturiebar,
513 2966 660 3032 Proverb.
694 2964 727 3046 8,
764 2965 818 3034 db.
854 2965 928 3046 Sed,
960 2967 1034 3054 quia

11 3055 12 3136 J
109 3057 271 3144 conceptio
305 3067 336 3123 et
369 3069 474 3158 partus
511 3056 544 3120 in
576 3055 671 3121 rebus
711 3055 925 3141 corporobbus
961 3075 1034 3122 curu

11 3161 12 3166 ’
110 3159 199 3214 ιιιοιιι
221 3157 293 3212 sunt
314 3145 438 3226 etudeo
462 3155 582 3232 oportet
604 3143 637 3208 in
660 3144 704 3210 eis
730 3143 1034 3229 quamdomsuecea·

111 3236 232 3304 sionem
255 3253 334 3313 esse,
350 3254 427 3308 „cum
457 3232 666 3320 conceptionis
701 3231 854 3298 terminus
890 3233 930 3298 sit
965 3251 1035 3302 csse

11 3337 12 3350 ¹
111 3323 251 3409 concepti
274 3324 306 3388 in
328 3322 529 3410 concipiente,
555 3321 708 3386 terminus
740 3333 847 3410 putem
870 3334 975 3408 partus
996 3323 1036 3388 sit

107 3432 180 3480 ,esse
202 3410 342 3498 ejusqui
365 3409 546 3499 parturitur,
575 3409 784 3476 distinctuma
806 3411 956 3497 pariente,
978 3431 1033 3478 ue·

109 3520 197 3573 cesse
219 3515 265 3570 est
288 3499 380 3588 igitur
402 3500 434 3570 in
456 3499 669 3592 corporalibus
692 3497 777 3588 quod
805 3498 838 3570 id
860 3497 945 3595 quod
959 3519 1034 3586 cou-
