2484 3975
215 238 278 304 tro
466 259 521 304 tin.
545 259 582 302 iv.
607 259 670 302 une.
693 257 772 302 xrrv.
797 259 832 302 rr
855 257 922 302 xxv.

212 327 328 392 dictum
351 339 406 392 est.
429 327 501 392 Esse
524 326 616 411 igitur
629 327 812 414 principium
828 326 958 413 Spiritus
972 324 1074 391 Sancti
1089 339 1140 392 est

165 485 168 491 Α
212 435 379 480 commune
403 415 483 481 Patri
509 429 537 481 et
561 415 648 480 Filio.

278 503 425 589 Amplius,
450 503 598 590 quidquid
625 526 686 570 uon
709 519 755 570 est
776 516 884 570 eontra
907 503 1062 568 rationem
1081 501 1139 567 ali-

161 668 165 678 ¹
212 591 300 677 eujus
323 612 385 657 non
410 606 456 658 εει
487 592 678 678 impossibile
700 593 728 656 ci
752 594 932 668 convenire,
965 591 1021 656 nisi
1056 589 1139 656 sorte

212 701 267 768 per
290 681 442 746 accidens.
467 682 538 746 Esse
555 694 659 746 autem
676 681 861 768 principium
877 680 1007 766 Spiritus
1030 679 1141 747 Sancti

211 790 274 836 non
297 783 343 835 est
366 785 472 836 contra
509 771 660 836 rationem
699 771 778 846 Filii,
815 789 918 856 neque
952 770 1140 853 inquantum

211 871 257 924 est
280 859 374 938 Deus,
396 859 468 944 quia
493 859 592 936 Pater,
615 858 667 944 qui
691 871 738 924 εει
760 860 855 931 Deus,
878 871 924 924 est
951 857 1139 945 principium

184 949 343 1036 Spiritus
367 949 482 1020 Sancti,
512 967 612 1032 neque
636 947 667 1012 in
697 961 849 1032 quantum
889 960 936 1012 est
970 947 1062 1021 lilius,
1097 965 1139 1010 eo

211 1038 294 1123 quod
317 1036 376 1102 alia
399 1050 445 1101 est
469 1037 623 1123 processio
647 1037 778 1123 Spiritus
802 1037 907 1104 Sancti
930 1052 960 1102 ει
976 1035 1036 1100 alia
1054 1033 1139 1107 Filii,-

182 1148 184 1166 ¹
211 1139 345 1194 nonest
367 1138 470 1190 autem
495 1145 671 1210 repugnans
694 1125 726 1189 id
749 1124 831 1211 quod
864 1137 910 1189 est
934 1147 952 1190 a
988 1122 1139 1210 principio

210 1214 380 1282 secundum
405 1234 498 1280 unam
523 1215 753 1302 processionem
775 1235 844 1280 esse
866 1214 1050 1300 principium
1068 1231 1141 1297 pro·

209 1304 356 1372 cessionis
390 1302 525 1370 alterius.
561 1302 753 1388 Relinquitur
786 1304 878 1388 igitur
907 1302 991 1388 quod
1014 1301 1141 1364 nonsit

211 1391 401 1480 impossibile
431 1392 540 1457 Filium
565 1411 633 1456 esse
656 1391 840 1478 principium
868 1392 999 1477 Spiritus
1023 1387 1141 1456 Sancti.

211 1483 302 1565 Quod
318 1495 421 1548 autem
446 1495 569 1546 nonest
591 1480 782 1566 impossibile
804 1493 905 1567 potest
926 1499 1005 1546 esse.
1027 1478 1061 1542 ln
1090 1476 1141 1542 di·

213 1573 291 1637 uinis
314 1585 418 1637 autem
444 1591 506 1634 uon
530 1571 630 1635 dillert
662 1589 730 1634 esse
752 1584 782 1635 et
806 1590 906 1657 posse.
929 1570 1010 1654 Ergo
1044 1566 1142 1632 Filius

212 1673 257 1726 est
273 1661 458 1749 principium
475 1661 606 1746 Spiritus
623 1657 738 1725 Sancti.

520 1835 708 1902 cneus
737 1835 833 1903 XXVr

211 2017 357 2082 Rationes
379 2012 538 2087 ostendere
561 2013 730 2080 volentium
753 2015 836 2098 qnod
854 2012 989 2096 Spiritus
1008 2010 1144 2077 Sanetus

298 2125 359 2169 non
388 2104 575 2187 procedota
597 2103 690 2182 Filio,
714 2114 743 2167 et
764 2104 877 2169 solutio
899 2103 1049 2187 ipsorum.

278 2281 412 2363 Quidam
437 2300 520 2358 vcro,
551 2281 751 2367 pertinaciter
780 2280 899 2347 veritati
924 2280 1065 2346 resistere
1088 2297 1145 2342 vo·

211 2372 320 2447 lentes,
343 2368 496 2458 quaedam
522 2370 552 2433 in
577 2370 766 2451 contrarium
798 2369 959 2447 inducunt,
989 2387 1069 2455 quae
1091 2368 1146 2432 rix

209 2462 411 2547 responsione
434 2470 505 2523 sunt
528 2458 631 2542 digna.
997 2490 1003 2508 ι

246 2578 248 2581 ·
278 2550 391 2615 Dicunt
413 2548 496 2615 enim
521 2548 603 2635 quod
627 2545 1054 2633 Dominus,de‘processione
1070 2543 1146 2630 Spi-

212 2639 289 2703 ritus
313 2637 416 2705 Sancti
439 2637 580 2722 loqucns‚
604 2656 676 2702 eum
701 2658 718 2701 a
750 2637 840 2702 Patre
863 2635 1033 2722 procedere
1056 2633 1148 2713 dixit,

212 2728 296 2793 nulla
319 2727 478 2792 mentione
502 2725 579 2789 lacta
603 2726 643 2789 de
667 2726 754 2803 Filio,
777 2739 810 2790 ut
838 2738 921 2813 patet
943 2724 997 2789 ubi
1020 2722 1145 2787 dicitur:

215 2816 292 2881 Com
315 2815 433 2881 venerit
457 2814 645 2893 Porcelitos,
678 2835 766 2898 quem
790 2835 843 2899 epo
868 2814 992 2878 mittum
1014 2810 1101 2877 rolris
1123 2830 1148 2875 a
1224 2885 1225 2892 ἵ

212 2904 317 2980 Putre,
331 2905 473 2990 spiritum
486 2904 637 2981 veritatis,
652 2904 706 2985 qui
716 2924 738 2968 α
750 2903 845 2967 Patre
858 2903 1009 2987 procedit,
1020 2902 1149 2979 loann„
1224 2907 1225 2922 ¹

213 2993 266 3069 ts,
289 2995 343 3062 96.
368 2990 465 3069 Unde,
489 3011 559 3056 cum
596 2992 635 3056 de
658 2992 726 3057 Deo
765 2991 840 3056 nilril
874 2993 912 3056 sit
945 2988 1147 3055 sentiendum

212 3086 269 3149 nisi
292 3082 376 3170 quod
411 3080 568 3165 Scriptura
591 3080 692 3160 tradit,
715 3100 777 3145 non
801 3094 847 3145 εει
869 3079 1035 3145 dicendum
1059 3075 1147 3163 quod

212 3175 346 3261 Spiritus
371 3174 501 3238 Sanetus
524 3169 671 3255 procedat
695 3190 712 3235 a
735 3169 821 3235 Filio.

277 3263 340 3330 Sed
365 3262 424 3325 hoo
447 3259 574 3322 omuino
610 3257 756 3323 lrivolum
795 3270 851 3323 est.
889 3255 978 3334 Nam,
1016 3266 1147 3341 propter

213 3352 360 3421 unitatem
385 3345 548 3424 essentiae,
570 3346 655 3429 quod
679 3348 709 3411 in
737 3347 903 3431 Scripturis
927 3345 966 3409 de
990 3364 1051 3409 uua
1075 3362 1150 3429 per·

213 3460 288 3505 sona
307 3426 423 3503 ‘dicitur
445 3447 475 3498 et
498 3434 537 3499 de
559 3435 618 3499 alia
650 3449 770 3519 oportet
806 3434 945 3518 intelligi,
970 3432 1028 3497 nisi
1052 3452 1149 3518 repu-

213 3542 286 3612 gnet
312 3523 490 3614 proprietati
527 3524 680 3609 personali
703 3524 810 3611 ipsius,
833 3523 953 3589 etiamsi
976 3520 1069 3587 dictio
1091 3539 1148 3585 ex·
