<?xml version="1.0" encoding="UTF-8"?>
<!DOCTYPE html PUBLIC "-//W3C//DTD XHTML 1.0 Transitional//EN"
    "http://www.w3.org/TR/xhtml1/DTD/xhtml1-transitional.dtd">
<html xmlns="http://www.w3.org/1999/xhtml" xml:lang="en" lang="en">
 <head>
  <title>
</title>
<meta http-equiv="Content-Type" content="text/html;charset=utf-8" />
  <meta name='ocr-system' content='tesseract 3.04.00' />
  <meta name='ocr-capabilities' content='ocr_page ocr_carea ocr_par ocr_line ocrx_word'/>
</head>
<body>
  <div class='ocr_page' id='page_1' title='image "./sanctithomaeaqu01thomgoog_0405.png"; bbox 0 0 2484 3975; ppageno 0'>
   <div class='ocr_carea' id='block_1_1' title="bbox 50 242 1104 3683">
    <p class='ocr_par' dir='ltr' id='par_1_1' title="bbox 50 242 1104 3613">
     <span class='ocr_line' id='line_1_1' title="bbox 403 242 1104 307; baseline 0 0"><span class='ocrx_word' id='word_1_1' title='bbox 403 263 440 307; x_wconf 84' lang='lat' dir='ltr'>na</span> <span class='ocrx_word' id='word_1_2' title='bbox 465 262 537 307; x_wconf 81' lang='lat' dir='ltr'>atur</span> <span class='ocrx_word' id='word_1_3' title='bbox 562 263 596 305; x_wconf 83' lang='lat' dir='ltr'>rr·</span> <span class='ocrx_word' id='word_1_4' title='bbox 620 261 755 305; x_wconf 78' lang='lat' dir='ltr'>assumta</span> <span class='ocrx_word' id='word_1_5' title='bbox 973 242 1033 307; x_wconf 81' lang='lat' dir='ltr'>tot</span> <span class='ocrx_word' id='word_1_6' title='bbox 1100 278 1104 286; x_wconf 90' lang='lat'><em>·</em></span> 
     </span>
     <span class='ocr_line' id='line_1_2' title="bbox 113 328 1038 417; baseline 0.003 -23"><span class='ocrx_word' id='word_1_7' title='bbox 113 328 310 394; x_wconf 84' lang='lat' dir='ltr'>determinata</span> <span class='ocrx_word' id='word_1_8' title='bbox 335 346 475 417; x_wconf 86' lang='lat' dir='ltr'>respectu</span> <span class='ocrx_word' id='word_1_9' title='bbox 500 331 660 407; x_wconf 83' lang='lat' dir='ltr'>individui,</span> <span class='ocrx_word' id='word_1_10' title='bbox 684 334 761 395; x_wconf 84' lang='lat' dir='ltr'>sieut</span> <span class='ocrx_word' id='word_1_11' title='bbox 785 344 894 394; x_wconf 79' lang='lat' dir='ltr'>natum</span> <span class='ocrx_word' id='word_1_12' title='bbox 917 351 1038 413; x_wconf 78' lang='lat' dir='ltr'>generis</span> 
     </span>
     <span class='ocr_line' id='line_1_3' title="bbox 112 418 1038 505; baseline 0.003 -23"><span class='ocrx_word' id='word_1_13' title='bbox 112 433 249 505; x_wconf 87' lang='lat' dir='ltr'>respectu</span> <span class='ocrx_word' id='word_1_14' title='bbox 272 422 398 503; x_wconf 87' lang='lat' dir='ltr'>speciei,</span> <span class='ocrx_word' id='word_1_15' title='bbox 423 421 497 485; x_wconf 89' lang='lat' dir='ltr'>inde</span> <span class='ocrx_word' id='word_1_16' title='bbox 518 420 682 505; x_wconf 89' lang='lat' dir='ltr'>estquod,</span> <span class='ocrx_word' id='word_1_17' title='bbox 713 420 792 484; x_wconf 84' lang='lat' dir='ltr'>sicut</span> <span class='ocrx_word' id='word_1_18' title='bbox 815 418 845 484; x_wconf 92' lang='lat' dir='ltr'>id</span> <span class='ocrx_word' id='word_1_19' title='bbox 885 420 969 504; x_wconf 90' lang='lat' dir='ltr'>quod</span> <span class='ocrx_word' id='word_1_20' title='bbox 993 434 1038 485; x_wconf 89' lang='grc' dir='ltr'>εει</span> 
     </span>
     <span class='ocr_line' id='line_1_4' title="bbox 111 508 1038 596; baseline 0.001 -24"><span class='ocrx_word' id='word_1_21' title='bbox 111 527 215 591; x_wconf 73' lang='lat' dir='ltr'>genus,</span> <span class='ocrx_word' id='word_1_22' title='bbox 249 524 340 593; x_wconf 94' lang='lat' dir='ltr'>prout</span> <span class='ocrx_word' id='word_1_23' title='bbox 374 509 570 596; x_wconf 80' lang='lat' dir='ltr'>praedicator</span> <span class='ocrx_word' id='word_1_24' title='bbox 602 509 642 572; x_wconf 85' lang='lat' dir='ltr'>de</span> <span class='ocrx_word' id='word_1_25' title='bbox 676 509 790 592; x_wconf 83' lang='lat' dir='ltr'>specie,</span> <span class='ocrx_word' id='word_1_26' title='bbox 825 508 971 592; x_wconf 76' lang='lat' dir='ltr'>implicite</span> <span class='ocrx_word' id='word_1_27' title='bbox 1005 510 1038 573; x_wconf 93' lang='lat' dir='ltr'>iu</span> 
     </span>
     <span class='ocr_line' id='line_1_5' title="bbox 111 595 1037 684; baseline 0.001 -24"><span class='ocrx_word' id='word_1_28' title='bbox 111 617 162 660; x_wconf 86' lang='lat' dir='ltr'>sua</span> <span class='ocrx_word' id='word_1_29' title='bbox 184 595 420 680; x_wconf 73' lang='lat' dir='ltr'>significatione,</span> <span class='ocrx_word' id='word_1_30' title='bbox 458 597 599 684; x_wconf 84' lang='lat' dir='ltr'>quamtis</span> <span class='ocrx_word' id='word_1_31' title='bbox 638 597 822 675; x_wconf 84' lang='lat' dir='ltr'>indistincte,</span> <span class='ocrx_word' id='word_1_32' title='bbox 858 597 1037 681; x_wconf 79' lang='lat' dir='ltr'>(siguificat)</span> 
     </span>
     <span class='ocr_line' id='line_1_6' title="bbox 110 686 1035 772; baseline 0.002 -23"><span class='ocrx_word' id='word_1_33' title='bbox 110 699 205 750; x_wconf 90' lang='lat' dir='ltr'>totum</span> <span class='ocrx_word' id='word_1_34' title='bbox 228 686 259 749; x_wconf 92' lang='lat' dir='ltr'>id</span> <span class='ocrx_word' id='word_1_35' title='bbox 283 688 366 770; x_wconf 91' lang='lat' dir='ltr'>quod</span> <span class='ocrx_word' id='word_1_36' title='bbox 390 687 595 753; x_wconf 85' lang='lat' dir='ltr'>determinate</span> <span class='ocrx_word' id='word_1_37' title='bbox 628 699 675 750; x_wconf 89' lang='grc' dir='ltr'>εει</span> <span class='ocrx_word' id='word_1_38' title='bbox 710 687 740 750; x_wconf 87' lang='lat' dir='ltr'>itt</span> <span class='ocrx_word' id='word_1_39' title='bbox 776 687 889 772; x_wconf 82' lang='lat' dir='ltr'>specie,</span> <span class='ocrx_word' id='word_1_40' title='bbox 928 687 968 749; x_wconf 88' lang='lat' dir='ltr'>ita</span> <span class='ocrx_word' id='word_1_41' title='bbox 1005 686 1035 751; x_wconf 91' lang='lat' dir='ltr'>id</span> 
     </span>
     <span class='ocr_line' id='line_1_7' title="bbox 110 773 1037 863; baseline 0.001 -25"><span class='ocrx_word' id='word_1_42' title='bbox 110 775 191 857; x_wconf 88' lang='lat' dir='ltr'>quod</span> <span class='ocrx_word' id='word_1_43' title='bbox 214 788 261 839; x_wconf 89' lang='grc' dir='ltr'>εει</span> <span class='ocrx_word' id='word_1_44' title='bbox 283 778 412 863; x_wconf 82' lang='grc' dir='ltr'><strong>ερεείεε,</strong></span> <span class='ocrx_word' id='word_1_45' title='bbox 435 775 608 841; x_wconf 78' lang='lat' dir='ltr'>secondum</span> <span class='ocrx_word' id='word_1_46' title='bbox 643 773 727 859; x_wconf 88' lang='lat' dir='ltr'>quod</span> <span class='ocrx_word' id='word_1_47' title='bbox 761 776 960 859; x_wconf 82' lang='lat' dir='ltr'>praedicetur</span> <span class='ocrx_word' id='word_1_48' title='bbox 997 774 1037 839; x_wconf 91' lang='lat' dir='ltr'>de</span> 
     </span>
     <span class='ocr_line' id='line_1_8' title="bbox 109 862 1036 951; baseline 0.001 -26"><span class='ocrx_word' id='word_1_49' title='bbox 109 862 274 939; x_wconf 78' lang='lat' dir='ltr'>individuo,</span> <span class='ocrx_word' id='word_1_50' title='bbox 297 877 419 951; x_wconf 86' lang='lat' dir='ltr'>oportet</span> <span class='ocrx_word' id='word_1_51' title='bbox 440 865 522 950; x_wconf 94' lang='lat' dir='ltr'>quod</span> <span class='ocrx_word' id='word_1_52' title='bbox 545 863 696 946; x_wconf 79' lang='lat' dir='ltr'>significet</span> <span class='ocrx_word' id='word_1_53' title='bbox 719 877 816 927; x_wconf 91' lang='lat' dir='ltr'>totum</span> <span class='ocrx_word' id='word_1_54' title='bbox 830 863 912 949; x_wconf 85' lang='lat' dir='ltr'>quod</span> <span class='ocrx_word' id='word_1_55' title='bbox 930 883 1036 927; x_wconf 84' lang='lat' dir='ltr'>esseu-</span> 
     </span>
     <span class='ocr_line' id='line_1_9' title="bbox 110 951 1035 1031; baseline 0.002 -17"><span class='ocrx_word' id='word_1_56' title='bbox 110 951 219 1016; x_wconf 86' lang='lat' dir='ltr'>tiaiiter</span> <span class='ocrx_word' id='word_1_57' title='bbox 242 968 287 1017; x_wconf 89' lang='lat' dir='ltr'>est</span> <span class='ocrx_word' id='word_1_58' title='bbox 310 955 341 1017; x_wconf 93' lang='lat' dir='ltr'>in</span> <span class='ocrx_word' id='word_1_59' title='bbox 376 954 545 1031; x_wconf 87' lang='lat' dir='ltr'>individuo,</span> <span class='ocrx_word' id='word_1_60' title='bbox 581 952 650 1016; x_wconf 76' lang='lat' dir='ltr'>lieet</span> <span class='ocrx_word' id='word_1_61' title='bbox 689 952 873 1029; x_wconf 83' lang='lat' dir='ltr'>indistinete3</span> <span class='ocrx_word' id='word_1_62' title='bbox 908 966 938 1015; x_wconf 88' lang='lat' dir='ltr'>et</span> <span class='ocrx_word' id='word_1_63' title='bbox 976 953 1035 1017; x_wconf 84' lang='lat' dir='ltr'>hoc</span> 
     </span>
     <span class='ocr_line' id='line_1_10' title="bbox 110 1040 1034 1127; baseline 0.003 -25"><span class='ocrx_word' id='word_1_64' title='bbox 110 1040 203 1103; x_wconf 92' lang='lat' dir='ltr'>modo</span> <span class='ocrx_word' id='word_1_65' title='bbox 225 1044 356 1107; x_wconf 74' lang='lat' dir='ltr'>essentia</span> <span class='ocrx_word' id='word_1_66' title='bbox 380 1042 492 1127; x_wconf 87' lang='lat' dir='ltr'>speciei</span> <span class='ocrx_word' id='word_1_67' title='bbox 517 1042 708 1125; x_wconf 77' lang='lat' dir='ltr'>significatur</span> <span class='ocrx_word' id='word_1_68' title='bbox 731 1042 858 1105; x_wconf 90' lang='lat' dir='ltr'>nomine</span> <span class='ocrx_word' id='word_1_69' title='bbox 892 1042 1034 1119; x_wconf 60' lang='lat' dir='ltr'>hominia</span> 
     </span>
     <span class='ocr_line' id='line_1_11' title="bbox 110 1128 1035 1215; baseline 0.002 -24"><span class='ocrx_word' id='word_1_70' title='bbox 110 1128 191 1193; x_wconf 90' lang='lat' dir='ltr'>unde</span> <span class='ocrx_word' id='word_1_71' title='bbox 214 1130 303 1195; x_wconf 80' lang='lat' dir='ltr'>itomo</span> <span class='ocrx_word' id='word_1_72' title='bbox 327 1132 366 1195; x_wconf 91' lang='lat' dir='ltr'>de</span> <span class='ocrx_word' id='word_1_73' title='bbox 390 1131 516 1195; x_wconf 85' lang='lat' dir='ltr'>Socrate</span> <span class='ocrx_word' id='word_1_74' title='bbox 539 1130 744 1215; x_wconf 86' lang='lat' dir='ltr'>praedicatur.</span> <span class='ocrx_word' id='word_1_75' title='bbox 767 1130 796 1193; x_wconf 86' lang='lat' dir='ltr'>Si</span> <span class='ocrx_word' id='word_1_76' title='bbox 822 1143 925 1194; x_wconf 89' lang='lat' dir='ltr'>autem</span> <span class='ocrx_word' id='word_1_77' title='bbox 943 1130 1035 1214; x_wconf 79' lang='lat' dir='ltr'>signi-</span> 
     </span>
     <span class='ocr_line' id='line_1_12' title="bbox 109 1216 1032 1305; baseline 0.004 -26"><span class='ocrx_word' id='word_1_78' title='bbox 109 1216 215 1281; x_wconf 83' lang='lat' dir='ltr'>iieatur</span> <span class='ocrx_word' id='word_1_79' title='bbox 236 1235 342 1284; x_wconf 84' lang='lat' dir='ltr'>natura</span> <span class='ocrx_word' id='word_1_80' title='bbox 367 1220 480 1305; x_wconf 81' lang='lat' dir='ltr'>speciei</span> <span class='ocrx_word' id='word_1_81' title='bbox 503 1239 574 1285; x_wconf 87' lang='lat' dir='ltr'>eum</span> <span class='ocrx_word' id='word_1_82' title='bbox 598 1218 789 1305; x_wconf 81' lang='lat' dir='ltr'>praecisione</span> <span class='ocrx_word' id='word_1_83' title='bbox 813 1224 959 1283; x_wconf 85' lang='lat' dir='ltr'>materiae</span> <span class='ocrx_word' id='word_1_84' title='bbox 991 1219 1032 1283; x_wconf 84' lang='lat' dir='ltr'>si-</span> 
     </span>
     <span class='ocr_line' id='line_1_13' title="bbox 107 1306 1033 1395; baseline 0.004 -28"><span class='ocrx_word' id='word_1_85' title='bbox 107 1320 216 1388; x_wconf 78' lang='lat' dir='ltr'>gnatae</span> <span class='ocrx_word' id='word_1_86' title='bbox 238 1328 318 1392; x_wconf 87' lang='lat' dir='ltr'>quae</span> <span class='ocrx_word' id='word_1_87' title='bbox 340 1324 385 1373; x_wconf 88' lang='lat' dir='ltr'>est</span> <span class='ocrx_word' id='word_1_88' title='bbox 409 1308 595 1395; x_wconf 88' lang='lat' dir='ltr'>principium</span> <span class='ocrx_word' id='word_1_89' title='bbox 620 1306 882 1387; x_wconf 68' lang='lat' dir='ltr'>iudiridoationiS,</span> <span class='ocrx_word' id='word_1_90' title='bbox 921 1309 964 1371; x_wconf 86' lang='lat' dir='ltr'>sic</span> <span class='ocrx_word' id='word_1_91' title='bbox 1000 1328 1033 1371; x_wconf 86' lang='lat' dir='ltr'>se</span> 
     </span>
     <span class='ocr_line' id='line_1_14' title="bbox 106 1394 1034 1483; baseline 0.003 -27"><span class='ocrx_word' id='word_1_92' title='bbox 106 1394 231 1459; x_wconf 85' lang='lat' dir='ltr'>habebit</span> <span class='ocrx_word' id='word_1_93' title='bbox 254 1418 310 1481; x_wconf 87' lang='lat' dir='ltr'>per</span> <span class='ocrx_word' id='word_1_94' title='bbox 333 1396 461 1461; x_wconf 91' lang='lat' dir='ltr'>modum</span> <span class='ocrx_word' id='word_1_95' title='bbox 486 1398 590 1483; x_wconf 61' lang='lat' dir='ltr'>partim</span> <span class='ocrx_word' id='word_1_96' title='bbox 612 1408 643 1459; x_wconf 91' lang='lat' dir='ltr'>et</span> <span class='ocrx_word' id='word_1_97' title='bbox 667 1396 726 1459; x_wconf 89' lang='lat' dir='ltr'>hoc</span> <span class='ocrx_word' id='word_1_98' title='bbox 750 1398 843 1460; x_wconf 93' lang='lat' dir='ltr'>modo</span> <span class='ocrx_word' id='word_1_99' title='bbox 882 1395 1034 1480; x_wconf 79' lang='lat' dir='ltr'>siguificat</span> 
     </span>
     <span class='ocr_line' id='line_1_15' title="bbox 107 1483 1033 1567; baseline 0.004 -22"><span class='ocrx_word' id='word_1_100' title='bbox 107 1504 221 1548; x_wconf 90' lang='lat' dir='ltr'>nomen</span> <span class='ocrx_word' id='word_1_101' title='bbox 245 1486 455 1562; x_wconf 64' lang='lat' dir='ltr'>humanitatum</span> <span class='ocrx_word' id='word_1_102' title='bbox 492 1486 666 1549; x_wconf 79' lang='lat' dir='ltr'>immanitas</span> <span class='ocrx_word' id='word_1_103' title='bbox 700 1483 783 1548; x_wconf 88' lang='lat' dir='ltr'>euim</span> <span class='ocrx_word' id='word_1_104' title='bbox 817 1486 969 1567; x_wconf 80' lang='lat' dir='ltr'>signiiioat</span> <span class='ocrx_word' id='word_1_105' title='bbox 1003 1487 1033 1550; x_wconf 92' lang='lat' dir='ltr'>id</span> 
     </span>
     <span class='ocr_line' id='line_1_16' title="bbox 107 1573 1033 1657; baseline 0.004 -24"><span class='ocrx_word' id='word_1_106' title='bbox 107 1573 190 1638; x_wconf 90' lang='lat' dir='ltr'>unde</span> <span class='ocrx_word' id='word_1_107' title='bbox 212 1573 308 1638; x_wconf 86' lang='lat' dir='ltr'>homo</span> <span class='ocrx_word' id='word_1_108' title='bbox 330 1589 377 1639; x_wconf 86' lang='grc' dir='ltr'>εει</span> <span class='ocrx_word' id='word_1_109' title='bbox 399 1577 504 1639; x_wconf 85' lang='lat' dir='ltr'>immo.</span> <span class='ocrx_word' id='word_1_110' title='bbox 529 1574 654 1637; x_wconf 83' lang='lat' dir='ltr'>Materia</span> <span class='ocrx_word' id='word_1_111' title='bbox 678 1587 781 1637; x_wconf 83' lang='lat' dir='ltr'>autem</span> <span class='ocrx_word' id='word_1_112' title='bbox 817 1575 934 1657; x_wconf 69' lang='lat' dir='ltr'>signatu</span> <span class='ocrx_word' id='word_1_113' title='bbox 969 1593 1033 1637; x_wconf 88' lang='lat' dir='ltr'>nou</span> 
     </span>
     <span class='ocr_line' id='line_1_17' title="bbox 107 1662 1032 1738; baseline 0.002 -15"><span class='ocrx_word' id='word_1_114' title='bbox 107 1674 153 1724; x_wconf 87' lang='lat' dir='ltr'>est</span> <span class='ocrx_word' id='word_1_115' title='bbox 176 1662 250 1725; x_wconf 83' lang='lat' dir='ltr'>iliud</span> <span class='ocrx_word' id='word_1_116' title='bbox 274 1663 357 1727; x_wconf 90' lang='lat' dir='ltr'>unde</span> <span class='ocrx_word' id='word_1_117' title='bbox 381 1664 476 1727; x_wconf 84' lang='lat' dir='ltr'>homo</span> <span class='ocrx_word' id='word_1_118' title='bbox 500 1676 546 1726; x_wconf 85' lang='grc' dir='ltr'>εει</span> <span class='ocrx_word' id='word_1_119' title='bbox 569 1664 676 1738; x_wconf 91' lang='lat' dir='ltr'>homo;</span> <span class='ocrx_word' id='word_1_120' title='bbox 699 1676 729 1725; x_wconf 88' lang='lat' dir='ltr'>et</span> <span class='ocrx_word' id='word_1_121' title='bbox 753 1662 795 1726; x_wconf 85' lang='lat' dir='ltr'>ita</span> <span class='ocrx_word' id='word_1_122' title='bbox 819 1662 904 1726; x_wconf 81' lang='lat' dir='ltr'>nullo</span> <span class='ocrx_word' id='word_1_123' title='bbox 939 1663 1032 1727; x_wconf 91' lang='lat' dir='ltr'>modo</span> 
     </span>
     <span class='ocr_line' id='line_1_18' title="bbox 104 1750 1032 1839; baseline 0.002 -27"><span class='ocrx_word' id='word_1_124' title='bbox 104 1751 277 1815; x_wconf 73' lang='lat' dir='ltr'>continetur</span> <span class='ocrx_word' id='word_1_125' title='bbox 300 1752 377 1817; x_wconf 87' lang='lat' dir='ltr'>iuter</span> <span class='ocrx_word' id='word_1_126' title='bbox 402 1752 452 1816; x_wconf 85' lang='lat' dir='ltr'>ilia</span> <span class='ocrx_word' id='word_1_127' title='bbox 476 1752 649 1839; x_wconf 86' lang='lat' dir='ltr'>exquibus</span> <span class='ocrx_word' id='word_1_128' title='bbox 688 1750 783 1815; x_wconf 90' lang='lat' dir='ltr'>homo</span> <span class='ocrx_word' id='word_1_129' title='bbox 819 1751 912 1815; x_wconf 80' lang='lat' dir='ltr'>habet</span> <span class='ocrx_word' id='word_1_130' title='bbox 939 1751 1032 1837; x_wconf 51' lang='lat' dir='ltr'>*quod</span> 
     </span>
     <span class='ocr_line' id='line_1_19' title="bbox 103 1837 1031 1925; baseline 0.004 -25"><span class='ocrx_word' id='word_1_131' title='bbox 103 1837 143 1901; x_wconf 84' lang='lat' dir='ltr'>sit</span> <span class='ocrx_word' id='word_1_132' title='bbox 165 1838 269 1904; x_wconf 88' lang='lat' dir='ltr'>homo.</span> <span class='ocrx_word' id='word_1_133' title='bbox 294 1840 370 1905; x_wconf 84' lang='lat' dir='ltr'>Cum</span> <span class='ocrx_word' id='word_1_134' title='bbox 396 1842 488 1925; x_wconf 82' lang='lat' dir='ltr'>igitur</span> <span class='ocrx_word' id='word_1_135' title='bbox 512 1842 689 1905; x_wconf 83' lang='lat' dir='ltr'>humanitus</span> <span class='ocrx_word' id='word_1_136' title='bbox 714 1842 743 1903; x_wconf 92' lang='lat' dir='ltr'>iu</span> <span class='ocrx_word' id='word_1_137' title='bbox 779 1860 836 1904; x_wconf 88' lang='lat' dir='ltr'>suo</span> <span class='ocrx_word' id='word_1_138' title='bbox 874 1840 1031 1905; x_wconf 72' lang='lat' dir='ltr'>intellectu</span> 
     </span>
     <span class='ocr_line' id='line_1_20' title="bbox 104 1926 1031 2015; baseline 0.005 -26"><span class='ocrx_word' id='word_1_139' title='bbox 104 1926 239 1993; x_wconf 83' lang='lat' dir='ltr'>includat</span> <span class='ocrx_word' id='word_1_140' title='bbox 263 1944 381 1994; x_wconf 84' lang='lat' dir='ltr'>tantum</span> <span class='ocrx_word' id='word_1_141' title='bbox 404 1950 441 1994; x_wconf 84' lang='lat' dir='ltr'>ea</span> <span class='ocrx_word' id='word_1_142' title='bbox 464 1948 501 1994; x_wconf 85' lang='lat' dir='ltr'>ex</span> <span class='ocrx_word' id='word_1_143' title='bbox 536 1930 648 2015; x_wconf 83' lang='lat' dir='ltr'>quibus</span> <span class='ocrx_word' id='word_1_144' title='bbox 686 1929 781 1994; x_wconf 86' lang='lat' dir='ltr'>itomo</span> <span class='ocrx_word' id='word_1_145' title='bbox 818 1928 910 1994; x_wconf 79' lang='lat' dir='ltr'>habet</span> <span class='ocrx_word' id='word_1_146' title='bbox 947 1931 1031 2014; x_wconf 90' lang='lat' dir='ltr'>quod</span> 
     </span>
     <span class='ocr_line' id='line_1_21' title="bbox 101 2017 1032 2105; baseline 0.004 -27"><span class='ocrx_word' id='word_1_147' title='bbox 101 2019 141 2080; x_wconf 82' lang='lat' dir='ltr'>sit</span> <span class='ocrx_word' id='word_1_148' title='bbox 165 2019 271 2095; x_wconf 83' lang='lat' dir='ltr'>homo,</span> <span class='ocrx_word' id='word_1_149' title='bbox 293 2033 375 2104; x_wconf 86' lang='lat' dir='ltr'>patet</span> <span class='ocrx_word' id='word_1_150' title='bbox 399 2020 482 2105; x_wconf 86' lang='lat' dir='ltr'>quod</span> <span class='ocrx_word' id='word_1_151' title='bbox 507 2040 524 2082; x_wconf 84' lang='lat' dir='ltr'>a</span> <span class='ocrx_word' id='word_1_152' title='bbox 547 2019 772 2104; x_wconf 77' lang='lat' dir='ltr'>significatione</span> <span class='ocrx_word' id='word_1_153' title='bbox 795 2017 861 2103; x_wconf 76' lang='lat' dir='ltr'>ejus</span> <span class='ocrx_word' id='word_1_154' title='bbox 897 2019 1032 2083; x_wconf 72' lang='lat' dir='ltr'>excludi·</span> 
     </span>
     <span class='ocr_line' id='line_1_22' title="bbox 103 2106 1032 2192; baseline 0.002 -24"><span class='ocrx_word' id='word_1_155' title='bbox 103 2121 153 2169; x_wconf 88' lang='lat' dir='ltr'>tur</span> <span class='ocrx_word' id='word_1_156' title='bbox 175 2107 224 2171; x_wconf 86' lang='lat' dir='ltr'>vel</span> <span class='ocrx_word' id='word_1_157' title='bbox 247 2109 432 2192; x_wconf 73' lang='lat' dir='ltr'>praeciditur</span> <span class='ocrx_word' id='word_1_158' title='bbox 455 2109 584 2172; x_wconf 84' lang='lat' dir='ltr'>materia</span> <span class='ocrx_word' id='word_1_159' title='bbox 610 2108 815 2172; x_wconf 84' lang='lat' dir='ltr'>determinata</span> <span class='ocrx_word' id='word_1_160' title='bbox 831 2106 879 2171; x_wconf 88' lang='lat' dir='ltr'>vel</span> <span class='ocrx_word' id='word_1_161' title='bbox 902 2109 1032 2192; x_wconf 81' lang='lat' dir='ltr'>signata:</span> 
     </span>
     <span class='ocr_line' id='line_1_23' title="bbox 101 2195 1030 2282; baseline 0.003 -25"><span class='ocrx_word' id='word_1_162' title='bbox 101 2209 132 2257; x_wconf 88' lang='lat' dir='ltr'>et</span> <span class='ocrx_word' id='word_1_163' title='bbox 155 2195 226 2279; x_wconf 85' lang='lat' dir='ltr'>quia</span> <span class='ocrx_word' id='word_1_164' title='bbox 250 2216 319 2280; x_wconf 86' lang='lat' dir='ltr'>pars</span> <span class='ocrx_word' id='word_1_165' title='bbox 342 2217 405 2260; x_wconf 90' lang='lat' dir='ltr'>nou</span> <span class='ocrx_word' id='word_1_166' title='bbox 430 2197 627 2282; x_wconf 82' lang='lat' dir='ltr'>praedicatur</span> <span class='ocrx_word' id='word_1_167' title='bbox 650 2196 689 2258; x_wconf 88' lang='lat' dir='ltr'>de</span> <span class='ocrx_word' id='word_1_168' title='bbox 714 2211 787 2274; x_wconf 91' lang='lat' dir='ltr'>toto,</span> <span class='ocrx_word' id='word_1_169' title='bbox 802 2196 873 2260; x_wconf 86' lang='lat' dir='ltr'>inde</span> <span class='ocrx_word' id='word_1_170' title='bbox 890 2199 1030 2282; x_wconf 76' lang='lat' dir='ltr'>estquod</span> 
     </span>
     <span class='ocr_line' id='line_1_24' title="bbox 100 2283 1031 2370; baseline 0.003 -25"><span class='ocrx_word' id='word_1_171' title='bbox 100 2285 277 2347; x_wconf 80' lang='lat' dir='ltr'>immanitas</span> <span class='ocrx_word' id='word_1_172' title='bbox 297 2304 356 2349; x_wconf 86' lang='lat' dir='ltr'>neo</span> <span class='ocrx_word' id='word_1_173' title='bbox 379 2285 420 2348; x_wconf 91' lang='lat' dir='ltr'>de</span> <span class='ocrx_word' id='word_1_174' title='bbox 444 2285 575 2349; x_wconf 81' lang='lat' dir='ltr'>houtiue</span> <span class='ocrx_word' id='word_1_175' title='bbox 596 2304 655 2349; x_wconf 89' lang='lat' dir='ltr'>nec</span> <span class='ocrx_word' id='word_1_176' title='bbox 678 2283 718 2348; x_wconf 86' lang='lat' dir='ltr'>de</span> <span class='ocrx_word' id='word_1_177' title='bbox 748 2285 874 2350; x_wconf 87' lang='lat' dir='ltr'>Socrate</span> <span class='ocrx_word' id='word_1_178' title='bbox 912 2285 1031 2370; x_wconf 82' lang='lat' dir='ltr'>praedi·</span> 
     </span>
     <span class='ocr_line' id='line_1_25' title="bbox 96 2372 1030 2459; baseline 0.003 -26"><span class='ocrx_word' id='word_1_179' title='bbox 96 2386 197 2435; x_wconf 83' lang='lat' dir='ltr'>catur:</span> <span class='ocrx_word' id='word_1_180' title='bbox 220 2374 304 2438; x_wconf 88' lang='lat' dir='ltr'>uude</span> <span class='ocrx_word' id='word_1_181' title='bbox 319 2373 393 2438; x_wconf 89' lang='lat' dir='ltr'>dicit</span> <span class='ocrx_word' id='word_1_182' title='bbox 416 2374 570 2438; x_wconf 79' lang='lat' dir='ltr'>avicenna</span> <span class='ocrx_word' id='word_1_183' title='bbox 585 2372 667 2458; x_wconf 89' lang='lat' dir='ltr'>quod</span> <span class='ocrx_word' id='word_1_184' title='bbox 681 2373 834 2457; x_wconf 86' lang='lat' dir='ltr'>quidditos</span> <span class='ocrx_word' id='word_1_185' title='bbox 868 2373 1030 2459; x_wconf 82' lang='lat' dir='ltr'>compositi</span> 
     </span>
     <span class='ocr_line' id='line_1_26' title="bbox 97 2460 1030 2548; baseline 0.003 -26"><span class='ocrx_word' id='word_1_186' title='bbox 97 2480 164 2524; x_wconf 92' lang='lat' dir='ltr'>ttou</span> <span class='ocrx_word' id='word_1_187' title='bbox 182 2474 228 2524; x_wconf 88' lang='grc' dir='ltr'>εει</span> <span class='ocrx_word' id='word_1_188' title='bbox 241 2464 341 2548; x_wconf 88' lang='lat' dir='ltr'>ipsum</span> <span class='ocrx_word' id='word_1_189' title='bbox 354 2463 560 2547; x_wconf 84' lang='lat' dir='ltr'>compositum</span> <span class='ocrx_word' id='word_1_190' title='bbox 576 2460 664 2546; x_wconf 85' lang='lat' dir='ltr'>cujus</span> <span class='ocrx_word' id='word_1_191' title='bbox 680 2477 724 2525; x_wconf 88' lang='lat' dir='ltr'>est</span> <span class='ocrx_word' id='word_1_192' title='bbox 739 2462 907 2548; x_wconf 87' lang='lat' dir='ltr'>quidditus,</span> <span class='ocrx_word' id='word_1_193' title='bbox 923 2481 1030 2546; x_wconf 87' lang='lat' dir='ltr'>quam·</span> 
     </span>
     <span class='ocr_line' id='line_1_27' title="bbox 99 2548 1029 2637; baseline 0.002 -26"><span class='ocrx_word' id='word_1_194' title='bbox 99 2549 146 2612; x_wconf 84' lang='lat' dir='ltr'>vis</span> <span class='ocrx_word' id='word_1_195' title='bbox 170 2548 261 2614; x_wconf 88' lang='lat' dir='ltr'>etiam</span> <span class='ocrx_word' id='word_1_196' title='bbox 285 2553 350 2637; x_wconf 88' lang='lat' dir='ltr'>ipsa</span> <span class='ocrx_word' id='word_1_197' title='bbox 375 2549 529 2636; x_wconf 81' lang='lat' dir='ltr'>quidditas</span> <span class='ocrx_word' id='word_1_198' title='bbox 552 2552 591 2614; x_wconf 89' lang='lat' dir='ltr'>sit</span> <span class='ocrx_word' id='word_1_199' title='bbox 613 2554 795 2634; x_wconf 63' lang='lat' dir='ltr'>compositu</span> <span class='ocrx_word' id='word_1_200' title='bbox 817 2550 895 2614; x_wconf 89' lang='lat' dir='ltr'>sicut</span> <span class='ocrx_word' id='word_1_201' title='bbox 921 2552 1029 2614; x_wconf 86' lang='lat' dir='ltr'>huma·</span> 
     </span>
     <span class='ocr_line' id='line_1_28' title="bbox 99 2637 1029 2724; baseline 0.001 -23"><span class='ocrx_word' id='word_1_202' title='bbox 99 2637 191 2715; x_wconf 87' lang='lat' dir='ltr'>tritas,</span> <span class='ocrx_word' id='word_1_203' title='bbox 216 2638 286 2704; x_wconf 87' lang='lat' dir='ltr'>licet</span> <span class='ocrx_word' id='word_1_204' title='bbox 309 2641 347 2703; x_wconf 90' lang='lat' dir='ltr'>sit</span> <span class='ocrx_word' id='word_1_205' title='bbox 369 2642 549 2724; x_wconf 87' lang='lat' dir='ltr'>composita,</span> <span class='ocrx_word' id='word_1_206' title='bbox 573 2658 635 2702; x_wconf 89' lang='lat' dir='ltr'>nou</span> <span class='ocrx_word' id='word_1_207' title='bbox 661 2652 763 2702; x_wconf 88' lang='lat' dir='ltr'>tamen</span> <span class='ocrx_word' id='word_1_208' title='bbox 788 2655 834 2702; x_wconf 89' lang='grc' dir='ltr'>εει</span> <span class='ocrx_word' id='word_1_209' title='bbox 850 2641 955 2715; x_wconf 83' lang='lat' dir='ltr'>homo,</span> <span class='ocrx_word' id='word_1_210' title='bbox 967 2641 1029 2702; x_wconf 90' lang='lat' dir='ltr'>imo</span> 
     </span>
     <span class='ocr_line' id='line_1_29' title="bbox 97 2727 1029 2814; baseline 0.003 -26"><span class='ocrx_word' id='word_1_211' title='bbox 97 2741 223 2811; x_wconf 85' lang='lat' dir='ltr'>oportet</span> <span class='ocrx_word' id='word_1_212' title='bbox 245 2727 328 2812; x_wconf 92' lang='lat' dir='ltr'>quod</span> <span class='ocrx_word' id='word_1_213' title='bbox 352 2729 390 2791; x_wconf 86' lang='lat' dir='ltr'>sit</span> <span class='ocrx_word' id='word_1_214' title='bbox 413 2745 535 2814; x_wconf 84' lang='lat' dir='ltr'>recepta</span> <span class='ocrx_word' id='word_1_215' title='bbox 559 2728 590 2790; x_wconf 92' lang='lat' dir='ltr'>in</span> <span class='ocrx_word' id='word_1_216' title='bbox 613 2727 718 2812; x_wconf 84' lang='lat' dir='ltr'>aliquo</span> <span class='ocrx_word' id='word_1_217' title='bbox 739 2727 822 2811; x_wconf 89' lang='lat' dir='ltr'>quod</span> <span class='ocrx_word' id='word_1_218' title='bbox 840 2743 883 2792; x_wconf 86' lang='lat' dir='ltr'>est</span> <span class='ocrx_word' id='word_1_219' title='bbox 903 2727 1029 2791; x_wconf 81' lang='lat' dir='ltr'>materia</span> 
     </span>
     <span class='ocr_line' id='line_1_30' title="bbox 93 2815 1030 2902; baseline 0.003 -24"><span class='ocrx_word' id='word_1_220' title='bbox 93 2815 227 2899; x_wconf 75' lang='lat' dir='ltr'>signate.</span> <span class='ocrx_word' id='word_1_221' title='bbox 251 2818 312 2881; x_wconf 84' lang='lat' dir='ltr'>Sed</span> <span class='ocrx_word' id='word_1_222' title='bbox 336 2819 420 2902; x_wconf 77' lang='lat' dir='ltr'>quia,</span> <span class='ocrx_word' id='word_1_223' title='bbox 443 2833 476 2881; x_wconf 93' lang='lat' dir='ltr'>ut</span> <span class='ocrx_word' id='word_1_224' title='bbox 498 2816 615 2881; x_wconf 86' lang='lat' dir='ltr'>dictum</span> <span class='ocrx_word' id='word_1_225' title='bbox 639 2829 694 2895; x_wconf 86' lang='grc' dir='ltr'><strong>εει,</strong></span> <span class='ocrx_word' id='word_1_226' title='bbox 721 2815 891 2900; x_wconf 79' lang='lat' dir='ltr'>designatio</span> <span class='ocrx_word' id='word_1_227' title='bbox 914 2815 1030 2902; x_wconf 84' lang='lat' dir='ltr'>speciei</span> 
     </span>
     <span class='ocr_line' id='line_1_31' title="bbox 93 2904 1026 2991; baseline 0.002 -24"><span class='ocrx_word' id='word_1_228' title='bbox 93 2919 239 2989; x_wconf 78' lang='lat' dir='ltr'>respectu</span> <span class='ocrx_word' id='word_1_229' title='bbox 262 2909 385 2990; x_wconf 72' lang='lat' dir='ltr'>generis</span> <span class='ocrx_word' id='word_1_230' title='bbox 407 2921 452 2969; x_wconf 87' lang='grc' dir='ltr'>εει</span> <span class='ocrx_word' id='word_1_231' title='bbox 477 2925 533 2991; x_wconf 83' lang='lat' dir='ltr'>per</span> <span class='ocrx_word' id='word_1_232' title='bbox 555 2904 681 2981; x_wconf 78' lang='lat' dir='ltr'>formas,</span> <span class='ocrx_word' id='word_1_233' title='bbox 717 2906 889 2988; x_wconf 77' lang='lat' dir='ltr'>designatio</span> <span class='ocrx_word' id='word_1_234' title='bbox 922 2919 1026 2969; x_wconf 83' lang='lat' dir='ltr'>autem</span> 
     </span>
     <span class='ocr_line' id='line_1_32' title="bbox 93 2993 1026 3080; baseline 0.002 -26"><span class='ocrx_word' id='word_1_235' title='bbox 93 2993 247 3057; x_wconf 84' lang='lat' dir='ltr'>individui</span> <span class='ocrx_word' id='word_1_236' title='bbox 273 3009 414 3079; x_wconf 84' lang='lat' dir='ltr'>respectu</span> <span class='ocrx_word' id='word_1_237' title='bbox 436 2994 548 3080; x_wconf 86' lang='lat' dir='ltr'>speciei</span> <span class='ocrx_word' id='word_1_238' title='bbox 572 3007 619 3057; x_wconf 86' lang='grc' dir='ltr'>εει</span> <span class='ocrx_word' id='word_1_239' title='bbox 659 3013 713 3079; x_wconf 85' lang='lat' dir='ltr'>per</span> <span class='ocrx_word' id='word_1_240' title='bbox 750 2995 923 3071; x_wconf 83' lang='lat' dir='ltr'>materiam,</span> <span class='ocrx_word' id='word_1_241' title='bbox 956 2995 1026 3057; x_wconf 89' lang='lat' dir='ltr'>ideo</span> 
     </span>
     <span class='ocr_line' id='line_1_33' title="bbox 91 3081 1028 3167; baseline 0.002 -23"><span class='ocrx_word' id='word_1_242' title='bbox 91 3097 219 3165; x_wconf 87' lang='lat' dir='ltr'>oportet</span> <span class='ocrx_word' id='word_1_243' title='bbox 242 3097 274 3146; x_wconf 87' lang='lat' dir='ltr'>ut</span> <span class='ocrx_word' id='word_1_244' title='bbox 296 3103 412 3146; x_wconf 85' lang='lat' dir='ltr'>nornen</span> <span class='ocrx_word' id='word_1_245' title='bbox 435 3083 613 3167; x_wconf 77' lang='lat' dir='ltr'>significans</span> <span class='ocrx_word' id='word_1_246' title='bbox 635 3082 667 3145; x_wconf 93' lang='lat' dir='ltr'>id</span> <span class='ocrx_word' id='word_1_247' title='bbox 691 3081 773 3146; x_wconf 88' lang='lat' dir='ltr'>unde</span> <span class='ocrx_word' id='word_1_248' title='bbox 796 3097 905 3146; x_wconf 81' lang='lat' dir='ltr'>natura</span> <span class='ocrx_word' id='word_1_249' title='bbox 933 3101 1028 3165; x_wconf 59' lang='lat' dir='ltr'>geue*</span> 
     </span>
     <span class='ocr_line' id='line_1_34' title="bbox 90 3169 1027 3258; baseline 0.003 -25"><span class='ocrx_word' id='word_1_250' title='bbox 90 3171 136 3234; x_wconf 83' lang='lat' dir='ltr'>ris</span> <span class='ocrx_word' id='word_1_251' title='bbox 160 3173 293 3236; x_wconf 84' lang='lat' dir='ltr'>sumitur</span> <span class='ocrx_word' id='word_1_252' title='bbox 315 3191 387 3236; x_wconf 86' lang='lat' dir='ltr'>eum</span> <span class='ocrx_word' id='word_1_253' title='bbox 409 3235 414 3249; x_wconf 74' lang='grc'><em>,</em></span> <span class='ocrx_word' id='word_1_254' title='bbox 422 3173 614 3258; x_wconf 81' lang='lat' dir='ltr'>praecisione</span> <span class='ocrx_word' id='word_1_255' title='bbox 651 3169 771 3234; x_wconf 80' lang='lat' dir='ltr'>iormae</span> <span class='ocrx_word' id='word_1_256' title='bbox 805 3171 1027 3236; x_wconf 84' lang='lat' dir='ltr'>determinatae</span> 
     </span>
     <span class='ocr_line' id='line_1_35' title="bbox 89 3259 1026 3345; baseline 0 -23"><span class='ocrx_word' id='word_1_257' title='bbox 89 3259 287 3342; x_wconf 77' lang='lat' dir='ltr'>perficientis</span> <span class='ocrx_word' id='word_1_258' title='bbox 307 3262 456 3345; x_wconf 83' lang='lat' dir='ltr'>speeiem,</span> <span class='ocrx_word' id='word_1_259' title='bbox 483 3260 636 3343; x_wconf 76' lang='lat' dir='ltr'>significet</span> <span class='ocrx_word' id='word_1_260' title='bbox 676 3265 794 3345; x_wconf 81' lang='lat' dir='ltr'>partem</span> <span class='ocrx_word' id='word_1_261' title='bbox 834 3259 1026 3324; x_wconf 85' lang='lat' dir='ltr'>materialem</span> 
     </span>
     <span class='ocr_line' id='line_1_36' title="bbox 87 3347 1027 3434; baseline 0.002 -24"><span class='ocrx_word' id='word_1_262' title='bbox 87 3350 199 3427; x_wconf 86' lang='lat' dir='ltr'>totius,</span> <span class='ocrx_word' id='word_1_263' title='bbox 221 3351 299 3413; x_wconf 72' lang='lat' dir='ltr'>siout</span> <span class='ocrx_word' id='word_1_264' title='bbox 321 3369 435 3434; x_wconf 80' lang='lat' dir='ltr'>eorpus</span> <span class='ocrx_word' id='word_1_265' title='bbox 457 3362 503 3413; x_wconf 86' lang='lat' dir='ltr'>est</span> <span class='ocrx_word' id='word_1_266' title='bbox 527 3369 599 3434; x_wconf 88' lang='lat' dir='ltr'>pars</span> <span class='ocrx_word' id='word_1_267' title='bbox 619 3347 786 3413; x_wconf 79' lang='lat' dir='ltr'>materialis</span> <span class='ocrx_word' id='word_1_268' title='bbox 807 3348 950 3414; x_wconf 82' lang='lat' dir='ltr'>hominis.</span> <span class='ocrx_word' id='word_1_269' title='bbox 967 3347 1027 3412; x_wconf 77' lang='lat' dir='ltr'>No-</span> 
     </span>
     <span class='ocr_line' id='line_1_37' title="bbox 50 3436 1025 3522; baseline 0.001 -23"><span class='ocrx_word' id='word_1_270' title='bbox 50 3458 52 3465; x_wconf 93' lang='lat'>·</span> <span class='ocrx_word' id='word_1_271' title='bbox 87 3456 168 3501; x_wconf 91' lang='lat' dir='ltr'>meu</span> <span class='ocrx_word' id='word_1_272' title='bbox 192 3453 295 3502; x_wconf 87' lang='lat' dir='ltr'>autem</span> <span class='ocrx_word' id='word_1_273' title='bbox 320 3437 496 3522; x_wconf 77' lang='lat' dir='ltr'>significans</span> <span class='ocrx_word' id='word_1_274' title='bbox 519 3436 550 3500; x_wconf 90' lang='lat' dir='ltr'>id</span> <span class='ocrx_word' id='word_1_275' title='bbox 575 3439 657 3500; x_wconf 88' lang='lat' dir='ltr'>uude</span> <span class='ocrx_word' id='word_1_276' title='bbox 680 3437 812 3522; x_wconf 84' lang='lat' dir='ltr'>sumitur</span> <span class='ocrx_word' id='word_1_277' title='bbox 825 3451 934 3502; x_wconf 81' lang='lat' dir='ltr'>uatttru</span> <span class='ocrx_word' id='word_1_278' title='bbox 957 3457 1025 3522; x_wconf 85' lang='lat' dir='ltr'>spe·</span> 
     </span>
     <span class='ocr_line' id='line_1_38' title="bbox 84 3525 1025 3613; baseline 0.002 -23"><span class='ocrx_word' id='word_1_279' title='bbox 84 3525 149 3590; x_wconf 86' lang='lat' dir='ltr'>oiei</span> <span class='ocrx_word' id='word_1_280' title='bbox 174 3546 246 3590; x_wconf 90' lang='lat' dir='ltr'>cum</span> <span class='ocrx_word' id='word_1_281' title='bbox 270 3526 459 3613; x_wconf 76' lang='lat' dir='ltr'>praecisione</span> <span class='ocrx_word' id='word_1_282' title='bbox 482 3526 629 3593; x_wconf 82' lang='lat' dir='ltr'>materiae</span> <span class='ocrx_word' id='word_1_283' title='bbox 652 3525 840 3611; x_wconf 76' lang='lat' dir='ltr'>designatae,</span> <span class='ocrx_word' id='word_1_284' title='bbox 874 3527 1025 3612; x_wconf 78' lang='lat' dir='ltr'>siguificat</span> 
     </span>
    </p>

    <p class='ocr_par' dir='ltr' id='par_1_2' title="bbox 139 3612 976 3683">
     <span class='ocr_line' id='line_1_39' title="bbox 139 3612 976 3683; baseline 0.004 -7"><span class='ocrx_word' id='word_1_285' title='bbox 139 3612 172 3676; x_wconf 89' lang='lat' dir='ltr'>S.</span> <span class='ocrx_word' id='word_1_286' title='bbox 203 3616 258 3679; x_wconf 76' lang='lat' dir='ltr'>rt.</span> <span class='ocrx_word' id='word_1_287' title='bbox 285 3615 431 3683; x_wconf 82' lang='lat' dir='ltr'>Sttutrnoc</span> <span class='ocrx_word' id='word_1_288' title='bbox 456 3615 535 3680; x_wconf 66' lang='lat' dir='ltr'>Prot.</span> <span class='ocrx_word' id='word_1_289' title='bbox 561 3614 595 3682; x_wconf 82' lang='lat' dir='ltr'>V.</span> <span class='ocrx_word' id='word_1_290' title='bbox 620 3614 650 3681; x_wconf 82' lang='lat'>3.</span> <span class='ocrx_word' id='word_1_291' title='bbox 935 3617 976 3680; x_wconf 63' lang='lat' dir='ltr'>‘id</span> 
     </span>
    </p>
   </div>
   <div class='ocr_carea' id='block_1_2' title="bbox 0 0 1246 3975">
    <p class='ocr_par' dir='ltr' id='par_1_3' title="bbox 0 0 1246 3975">
     <span class='ocr_line' id='line_1_40' title="bbox 0 0 1246 3975; baseline 0 5"><span class='ocrx_word' id='word_1_292' title='bbox 0 0 1246 3975; x_wconf 95' lang='lat' dir='ltr'> </span> 
     </span>
    </p>
   </div>
  </div>
 </body>
</html>
