2484 3975
331 275 369 320 ns
392 267 577 319 suus'rrnrus
596 272 749 318 sursulus
935 257 1000 323 475

81 344 212 432 quamvis
235 345 295 410 sint
317 344 434 409 formae
458 356 589 421 tanturn,
612 363 649 406 ert
674 343 733 405 ltoo
757 341 839 426 quod
864 361 925 408 ttna
949 369 999 413 ea·

81 455 146 500 rum
168 445 213 498 est
236 433 294 498 alie
318 432 493 520 perfectior3
516 433 556 497 ita
591 430 674 517 quod
714 429 921 516 imperfectior
956 449 1001 502 εει

81 523 265 608 inpotentia
288 535 428 609 respectu
451 520 651 609 perfectioris,
675 538 774 603 usque
797 519 835 583 ad
869 522 1001 606 primam

80 631 192 689 earum,
215 623 363 697 quaeest
386 626 471 676 actus
495 624 625 686 tantum,
648 627 727 694 quac
757 607 841 672 Dens
874 627 932 690 esu
967 626 1002 678 ut

77 702 120 766 sic
141 719 249 764 omnes
271 698 430 764 inferiores
452 698 626 785 spirituales
664 697 853 760 substantiae
875 714 905 764 et
929 721 1000 788 poe·

77 787 134 853 sint
155 788 214 854 dici
237 791 385 854 materiae
406 788 578 855 secundum
601 788 661 852 ltoc
685 785 767 872 quod
791 788 916 854 suntin
946 811 1000 876 po·

77 877 175 952 tentia,
200 891 230 942 et
254 876 372 942 formae
395 875 565 943 secundom
591 877 650 942 ltoc
673 873 757 960 quod
779 890 851 940 suut
873 891 953 944 aeto.

141 965 227 1031 Unde
248 979 331 1052 patet
354 964 496 1033 frivolum
519 985 586 1029 esse
610 963 694 1050 quod
718 978 824 1028 contra
860 967 920 1032 hoc
944 967 998 1034 nb·

75 1053 148 1139 jicit,
170 1054 357 1120 concludens
379 1056 474 1140 quod,
497 1054 521 1119 si
545 1053 711 1140 spiritualis
749 1051 918 1120 substantia
951 1075 1000 1121 se-

76 1143 209 1208 eundum
234 1142 453 1229 perfectionem
465 1158 495 1207 et
508 1141 771 1229 imperfectionem
784 1141 894 1222 differt,
907 1165 998 1232 opor-

77 1245 118 1295 tet
140 1233 236 1319 ipssm
260 1251 330 1295 esse
353 1231 548 1318 perfectionis
572 1232 771 1295 substitutum
796 1233 858 1317 (l);
889 1248 924 1298 et
946 1235 999 1310 sie,

76 1341 146 1385 cum
169 1321 367 1386 substitutum
391 1322 541 1406 pertineat
576 1321 615 1384 ad
650 1320 800 1385 rationem
840 1323 1000 1402 materiae,

75 1408 227 1495 oportebit
250 1410 450 1474 substantiam
474 1409 664 1496 spiritualem
689 1408 805 1473 habere
828 1411 1000 1476 materiam.

72 1496 108 1561 ln
131 1518 193 1583 quo
217 1497 343 1584 quidem
367 1499 530 1584 dupliciter
553 1497 850 1564 fallitur-Primo
873 1500 999 1585 quidem

71 1587 143 1672 quia
167 1588 318 1652 existimet
341 1587 561 1674 perfectionem
585 1601 616 1651 ει
639 1585 903 1671 imperfectionem
929 1609 1000 1654 esec
1057 1651 1060 1654 .

71 1675 219 1760 quaedam
243 1675 358 1740 formas
381 1675 632 1761 supervenientes
656 1675 703 1738 rel
728 1675 899 1740 accidentia
919 1697 1000 1762 quac

70 1765 423 1848 substitutoindigean13
447 1764 530 1850 qnod
551 1764 677 1849 quidem
704 1763 865 1828 manifeste
889 1763 999 1831 falsum

70 1867 125 1917 cst.
149 1853 201 1918 Est
223 1854 306 1918 enim
331 1853 485 1938 quaedam
503 1857 547 1916 rei
559 1851 708 1938 perfectio
721 1852 890 1917 seeundum
910 1874 998 1920 suam

68 1942 205 2027 speciem
228 1942 436 2020 substitutam,
458 1960 538 2028 quae
561 1955 759 2027 rumperetur
781 1942 818 2006 ad
832 1963 898 2007 rem
923 1944 1000 2010 sicut

69 2032 214 2095 accidens
235 2032 275 2095 ad
298 2032 497 2095 substitutum
522 2031 571 2094 rel
594 2032 673 2096 sirm
697 2029 795 2095 forma
831 2032 868 2097 ad
905 2045 1001 2097 mate·

69 2121 159 2195 riam,
182 2119 238 2185 sed
260 2123 324 2207 ipsa
347 2122 504 2207 'propriam
528 2119 662 2204 speciem
687 2120 893 2206 reidesignat.
911 2120 999 2186 Sicut
1054 2116 1055 2119 '

69 2210 156 2273 enim
181 2210 210 2273 in
234 2209 373 2274 numeris
396 2230 476 2273 unos
513 2221 559 2272 εει
590 2206 691 2291 major
728 2208 789 2274 alio
826 2210 998 2275 secundum

67 2298 227 2383 propriam
251 2298 397 2382 speciem,
419 2298 502 2361 unde
525 2296 705 2381 inaequales
730 2299 851 2362 numeri
890 2320 1001 2363 seeun-

66 2387 144 2450 rlum
169 2389 305 2469 speciem
329 2387 484 2463 differunt,
509 2387 547 2448 ita
573 2386 604 2449 in
630 2383 746 2463 foturis,
770 2402 831 2450 tam
856 2389 999 2451 materia·

65 2475 147 2539 libus
171 2495 265 2559 quam
290 2496 307 2541 a
332 2478 459 2539 materia
483 2475 645 2558 separatis,
670 2494 728 2538 una
755 2490 800 2539 est
836 2475 1000 2560 perfectior

64 2562 125 2627 alia
149 2564 322 2629 secundum
339 2564 488 2628 rationem
514 2564 802 2649 propriaenoturae‚
815 2563 998 2648 inquantum

62 2652 183 2717 scilicet
206 2655 329 2739 propria
353 2654 429 2717 ratio
454 2655 565 2737 speciei
592 2652 621 2715 in
647 2652 697 2715 tali
721 2652 820 2736 gradu
835 2652 998 2737 perfectio-

61 2740 111 2804 nis
135 2742 282 2807 consistit.
309 2778 347 2791 -·
373 2741 527 2819 Secundo,
551 2741 620 2825 quin
646 2760 713 2804 esse
747 2740 917 2824 subjeetum
936 2762 998 2807 non

61 2830 267 2913 consequitur
289 2830 386 2895 solam
411 2834 573 2894 materiam
597 2848 680 2914 quae
704 2840 748 2891 cst
773 2850 842 2914 pars
858 2829 1000 2894 substan·

62 2918 137 2991 tine,
161 2918 216 2981 sed
234 2919 448 2983 universaliter
461 2918 663 3004 consequitur
680 2936 804 2981 omnem
820 2920 998 3004 potentiam.

60 3004 171 3069 Omne
194 3009 277 3072 enim
301 3007 384 3093 qnod
408 3028 441 3071 se
464 3008 557 3071 habet
581 3004 620 3070 ad
645 3004 775 3069 alterum
799 3019 834 3070 ut
862 3008 997 3092 potentia

60 3094 103 3157 ad
128 3109 247 3175 actum,
270 3096 298 3159 ei
322 3110 427 3159 natum
452 3111 499 3159 est
521 3094 640 3179 subjice
665 3108 694 3157 et
718 3114 773 3179 per
798 3096 880 3159 lruoc
904 3098 998 3159 etiam

59 3182 196 3247 modum
220 3184 384 3271 spiritualis
406 3186 586 3261 substantia,
609 3184 750 3269 qtramvis
786 3204 848 3248 non
885 3184 998 3249 lrabeat

60 3274 230 3337 materiam
254 3287 373 3361 partem
397 3274 455 3351 soi,
479 3274 544 3358 ipsa
583 3287 698 3349 tamen,
738 3286 829 3358 prout
863 3286 908 3337 est
942 3294 999 3339 ens

93 3478 169 3607 birli!
178 3480 361 3551 sichericurtem,
379 3484 498 3553 intellige
516 3499 569 3537 non
590 3485 847 3553 praesensentium,
868 3486 913 3538 sed
931 3488 1000 3556 quod

57 3569 91 3606 su
169 3590 177 3605 .
