2484 3975
398 255 454 301 tte.
478 253 517 297 tr.
538 251 604 300 cta.
627 253 730 298 usur.
952 231 1016 298 ild

95 320 256 390 sensitivae
272 323 392 389 ratione
415 326 557 401 carentis,
571 336 730 404 oporteret
741 319 825 404 quod
840 320 1016 385 eontinere·

95 425 146 478 tur
167 411 226 476 sub
249 414 351 499 aliqua
376 415 551 499 specierum
575 413 654 495 ejus,
677 424 782 495 utpote
804 409 888 493 qnod
923 409 1016 474 luerit

94 501 126 566 in
152 501 256 586 speeie
279 504 402 567 animae
426 501 524 566 leonis
546 502 596 565 vel
618 499 690 584 equi
714 512 767 561 aut
787 498 918 582 alicujus
938 499 1016 563 ttlte-

95 593 158 656 rius
182 589 315 667 belluae,
338 590 421 675 quod
445 603 491 654 est
514 591 643 655 omnino
666 586 847 652 absurdum.

163 679 313 766 Amplius,
336 681 455 764 Corpus
478 691 677 764 eomparatur
698 676 738 740 ad
761 677 899 740 animam
938 676 1017 739 sieut

94 768 223 835 materia
248 768 287 832 ad
310 767 442 832 formam
460 781 489 832 et
512 769 591 832 sieut
614 767 855 830 instrumentum
877 763 1016 849 adprirt·

94 859 194 944 nipale
218 877 322 940 agens.
347 855 477 941 Oportet
506 868 610 921 autem
648 854 811 921 materiam
845 853 1019 939 proportio·

95 963 199 1010 natam
223 965 292 1009 esse
314 943 443 1020 lormae,
465 959 496 1009 et
519 947 757 1008 instrumentum
787 942 948 1028 principaii
982 961 1017 1006 a·

95 1037 189 1118 genti.
216 1033 296 1117 Ergo
318 1034 487 1098 seeundum
511 1033 720 1098 diversitatem
732 1032 908 1096 animarum
921 1051 1016 1118 opor·

96 1136 139 1186 tet
161 1136 192 1187 et
214 1141 377 1209 corporum
400 1121 607 1187 diversitatem
631 1141 710 1195 esse3
732 1121 817 1206 quod
839 1134 870 1184 et
904 1141 1017 1186 seeun-

96 1211 172 1276 dum
196 1231 319 1274 sensum
344 1224 480 1297 apparet3
502 1231 575 1275 nam
598 1212 631 1276 in
662 1210 789 1274 dirersis
830 1207 1018 1275 animalibus

96 1300 254 1365 inveniunt
276 1299 415 1364 diversae
437 1300 652 1385 dispositiones
663 1298 891 1378 membrorum,
904 1317 1016 1364 seeun-

96 1387 171 1452 dum
195 1387 279 1473 quod
302 1389 489 1453 conveniunt
511 1388 642 1453 dirersis
663 1387 917 1472 dispositionibus
950 1389 1019 1452 ani·

95 1497 228 1542 marum.
252 1476 283 1540 st
307 1496 382 1562 ergo
395 1479 425 1541 in
448 1477 570 1542 Cbristo
593 1497 656 1542 nnn
669 1475 841 1540 initanima
856 1477 955 1564 qualis
969 1490 1018 1542 est

94 1567 197 1630 anima
222 1581 335 1643 nostra,
360 1585 419 1630 nee
455 1567 596 1630 membra
634 1564 794 1631 habuisset
828 1567 908 1631 siem
943 1579 1017 1631 sunt

95 1655 237 1720 membre
261 1655 409 1719 bumana.

163 1743 337 1816 Praeterea,
351 1743 441 1821 Cum,
456 1743 628 1808 seeundum
644 1741 865 1827 Apollinarem,
879 1741 1017 1808 Verbum

96 1833 155 1898 Dei
178 1833 216 1897 sit
239 1852 330 1896 verus
353 1833 449 1908 Deus,
471 1833 500 1896 ei
534 1832 698 1897 admiratio
735 1847 915 1917 ootttpetere
951 1851 1017 1898 non

95 1934 207 2009 potest;
231 1941 303 1985 nam
327 1939 364 1984 ea
387 1921 579 1986 admiremur
601 1939 738 2007 quorum
767 1941 895 1986 erumna
929 1921 1018 2007 igno-

97 2033 215 2077 ramus.
238 2010 385 2075 Similiter
407 2027 510 2075 autem
534 2032 592 2076 nee
614 2011 778 2075 admiratio
800 2013 923 2077 animae
947 2033 1018 2077 sen·

97 2102 204 2165 sititae
226 2114 425 2185 competeret,
445 2120 518 2164 oum
542 2104 580 2163 ad
604 2100 741 2163 animam
764 2103 942 2166 sensitivam
954 2121 1019 2166 non

97 2191 249 2277 pertineat
270 2188 425 2253 sollicitari
448 2190 488 2253 de
510 2189 685 2272 cognitione
696 2209 859 2255 causarum
874 2190 908 2253 in
929 2190 1018 2256 curt-

96 2296 145 2344 sto
157 2294 260 2343 autem
277 2277 440 2341 admiratio
452 2276 518 2355 luit,
533 2280 610 2342 sieut
624 2297 662 2342 ex
674 2277 845 2363 Evatrgeliis
860 2279 1019 2365 probattrt3

97 2367 301 2433 diciturenim
313 2366 634 2451 quodoudienslerns
648 2366 743 2431 verba
753 2367 949 2433 centurionis
959 2370 1018 2433 ari·

96 2454 411 2534 rotnsest‚llattb.‚8‚
423 2456 475 2520 lll.
488 2453 618 2540 Oportet
630 2456 732 2539 igitur,
743 2471 865 2543 praeter
876 2456 1021 2522 divinita·

98 2559 162 2611 tem
186 2544 276 2612 Verbi
300 2557 331 2607 et
354 2546 490 2609 animatu
512 2545 700 2621 sensitivam,
711 2543 742 2607 in
765 2544 887 2609 Cbristo
902 2545 1019 2634 aliquid

98 2654 217 2722 ponere
239 2633 411 2698 seeundum
436 2631 520 2719 quod
543 2632 706 2697 admiratio
721 2634 1021 2723 eieompeterepot·

97 2724 148 2803 sit,
171 2723 287 2788 seilicet
309 2735 446 2785 mentem
461 2723 639 2788 humanam.
652 2721 845 2787 llanilestum
857 2738 905 2788 est
926 2725 1022 2811 igitur

99 2833 138 2878 ex
161 2810 323 2899 praedietis
346 2809 430 2897 quod
453 2812 484 2875 in
508 2811 631 2875 Christo
652 2830 761 2876 rerum
782 2830 896 2899 eorpus
908 2814 1021 2880 birme-

98 2921 177 2966 num
200 2914 231 2965 et
253 2918 324 2963 vera
347 2900 449 2964 anima
473 2900 609 2964 bumana
631 2897 699 2963 luis

103 3012 106 3017 ·
168 2989 219 3055 Sie
240 2989 333 3073 igitur
355 2989 439 3073 quotl
461 2989 595 3054 loannes
618 2988 701 3053 diois
725 2987 765 3053 Et
794 2988 924 3055 Verbum
943 3012 1021 3058 euro

99 3078 282 3164 factumest,
305 3078 426 3156 loann.,
450 3079 481 3155 l,
504 3078 557 3156 ll,
579 3098 645 3143 non
665 3080 710 3143 sie
732 3078 910 3163 intelligitur
930 3082 1020 3167 quasi

101 3168 239 3236 Verbum
262 3168 301 3231 sit
323 3167 354 3230 in
377 3186 503 3231 earnem
526 3188 722 3243 conversum,
743 3186 847 3253 neque
867 3170 912 3234 sie
932 3170 1018 3256 quod

102 3258 239 3325 Verbum
262 3274 389 3321 earnem
426 3256 524 3321 solem
559 3256 757 3342 assumpserit
789 3270 844 3321 aut
879 3258 1020 3325 animam

100 3346 278 3413 sensitivam
300 3345 367 3409 sine
389 3357 504 3421 meute;
530 3344 595 3424 sed,
628 3343 801 3409 seeundum
835 3361 1020 3413 consumam

101 3435 277 3521 Scripturae
300 3432 440 3512 modum,
462 3434 586 3521 ponitur
608 3452 679 3519 pars
701 3453 758 3520 pro
790 3446 868 3509 toto,
904 3449 939 3501 ut
974 3438 1019 3503 sie

99 3526 217 3593 dietum
239 3526 286 3591 sit:
316 3520 448 3593 Verbum
474 3542 549 3593 roro
561 3523 749 3609 factumest,
765 3523 840 3593 aori
853 3522 1018 3593 bosone
