2484 3975
394 202 431 246 uu
456 199 578 246 uurrrru
594 201 786 246 tursttscrus
988 183 1046 248 obt

125 264 257 344 bomini,
278 268 392 334 soilioet
414 268 586 336 saorrntlum
609 270 807 335 intellectum.
825 267 892 334 Nou
909 282 955 335 est
976 291 1051 357 ergo

124 354 318 454 irppossibile
340 359 424 444 quod
447 359 549 446 aliqua
584 358 684 424 lorino
720 359 758 422 sit
793 359 822 424 in
859 359 985 424 materia
1021 375 1052 424 et

127 457 225 508 virtus
260 445 328 530 ejus
350 449 389 512 sit
414 463 565 536 separato,
603 447 682 513 siout
719 449 892 534 expositum
929 461 976 513 est
1013 449 1053 514 tle

125 532 293 600 intellectu.

191 621 428 690 Adbuoautora
452 626 631 690 ullomodo
667 623 839 709 procedunt
873 624 912 690 ad
948 638 1052 691 ostan-

124 709 265 776 dootlum
287 713 371 799 qootl
393 715 546 780 sententia
569 713 661 779 luerit
683 713 852 778 Aristotelis
886 713 970 800 quod
1005 715 1052 779 ln·

124 797 264 865 tellectus
286 821 349 866 non
372 803 412 868 sit
435 805 466 869 iu
490 804 591 868 anima
629 802 676 867 rel
711 822 781 889 pars
816 804 938 868 animae
972 823 1052 889 quae

123 887 232 954 unitur
252 892 374 976 corpori
397 906 432 957 ut
453 892 565 957 forma.
587 891 668 956 Dioit
702 891 785 956 enirn
810 890 997 970 Aristoteles,
1020 893 1053 956 in

123 975 266 1062 pluribus
288 979 378 1058 louis,
397 981 587 1047 intellectum
604 1001 675 1046 este
691 992 873 1066 perpetuum
897 995 927 1044 et
951 982 1052 1046 iocor·

123 1067 317 1152 ruptibilem‚
337 1070 415 1134 siout
438 1083 522 1155 patet
544 1071 575 1134 iu
598 1069 736 1134 seeundo
771 1068 810 1132 de
844 1070 963 1146 Anima,
998 1070 1052 1135 ubi

124 1153 203 1218 dixit
233 1183 247 1214 ι
270 1157 330 1222 boo
352 1158 453 1224 solum
476 1160 658 1243 contingere
680 1158 828 1244 separari,
849 1159 927 1222 siout
942 1177 1052 1245 perpe·

123 1256 213 1307 tuum
237 1266 254 1308 a
277 1247 470 1332 corruptibili
493 1273 526 1322 ι,
549 1262 579 1313 et
602 1248 633 1311 in
658 1247 769 1333 primo,
793 1247 845 1311 ubi
870 1246 944 1311 dixit
967 1249 1050 1334 quod
1102 1321 1107 1327 ,

131 1358 148 1390 ι
170 1333 342 1400 intellectus
365 1335 568 1402 videturesse
584 1335 755 1401 substantia
772 1336 924 1420 quaedam
942 1349 971 1400 et
988 1357 1051 1402 nou

122 1425 332 1509 eorrumpi»,
354 1439 385 1490 et
406 1427 438 1489 in
461 1426 563 1490 tertio.
586 1424 640 1489 ubi
664 1423 748 1489 dixit:
778 1451 793 1482 ι
808 1423 973 1510 separatus
996 1447 1052 1490 au-

126 1522 191 1574 tem
213 1513 382 1578 ostiolum
406 1515 466 1579 boo
489 1513 573 1600 quod
597 1534 668 1578 vere
701 1527 757 1589 est,
793 1525 823 1576 et
856 1513 915 1578 hoe
950 1514 1050 1580 solum

127 1597 305 1666 immortale
327 1616 357 1666 et
380 1616 564 1689 perpetuum
587 1613 633 1668 est
656 1624 688 1678 ³3
711 1601 850 1686 quamvis
887 1603 947 1667 buo
981 1604 1049 1669 ulti·

128 1706 216 1752 mum
240 1691 366 1774 quidam
389 1713 452 1758 non
474 1705 630 1778 exponant
652 1691 692 1755 de
716 1689 870 1754 intellectu
887 1692 1053 1776 possibili,

127 1777 183 1840 aed
207 1777 246 1842 do
269 1780 425 1846 intellectu
448 1795 569 1864 agents.
593 1781 635 1866 Ei
658 1779 769 1865 quibus
792 1777 936 1844 omnibus
958 1799 1051 1868 appa·

126 1878 174 1930 ret
195 1867 279 1952 quod
304 1868 479 1935 Aristoteles
504 1869 602 1935 voluit
625 1867 813 1933 intellectum
844 1886 912 1932 esse
935 1868 1050 1956 aliquid

124 1955 368 2043 incorruptibile.
382 1959 509 2026 Videtur
531 1972 635 2025 autern
660 1956 743 2043 quod
767 1956 842 2021 nihil
866 1957 1047 2044 incorrupti·

124 2041 187 2109 bile
222 2049 317 2131 possit
338 2068 405 2113 esse
428 2047 529 2113 forma
562 2048 702 2133 oorporis
736 2044 952 2133 corruptibilia
987 2066 1050 2112 non

124 2135 209 2197 anim
233 2148 279 2199 ast
302 2137 490 2201 accidentale
516 2135 647 2213 lormae‚
670 2133 726 2199 sed
750 2154 805 2221 per
827 2154 860 2199 se
883 2136 911 2199 oi
938 2156 1049 2201 couve-

123 2222 169 2285 nit
192 2242 261 2287 orsa
284 2226 315 2289 in
339 2227 478 2304 materia3
500 2224 638 2310 alioquin
662 2243 699 2287 ex
723 2224 851 2289 materia
889 2237 918 2288 et
951 2224 1050 2289 forma

123 2309 213 2374 lieret
235 2332 332 2378 unum
357 2335 412 2401 per
434 2313 588 2391 aooidens3
609 2311 688 2377 nihil
708 2325 813 2377 autem
849 2325 948 2398 potest
983 2333 1050 2379 osae

123 2398 191 2463 sine
213 2421 252 2465 oo
275 2404 359 2487 quod
382 2404 462 2468 inest
484 2404 513 2467 oi
538 2422 593 2487 per
616 2422 661 2477 se;
685 2420 759 2485 ergo
783 2400 881 2465 forma
911 2403 1051 2487 corporis

123 2507 186 2551 non
210 2502 310 2573 potest
332 2512 401 2557 esse
434 2493 500 2556 sine
534 2510 675 2577 corpore.
699 2488 730 2553 Si
754 2508 828 2573 argo
866 2509 979 2575 eorpus
1013 2494 1053 2556 sit

122 2579 332 2662 corruptibile,
356 2600 483 2645 neoesse
521 2594 704 2665 sequeretur
742 2576 874 2642 formam
913 2582 1051 2666 corporis

122 2668 354 2751 corruptibilem
377 2688 455 2735 esse.
479 2667 653 2745 Praeterea,
688 2665 806 2731 formae
838 2682 999 2753 separatae
1034 2690 1050 2732 a

122 2756 250 2819 materia
275 2773 305 2821 et
327 2758 447 2823 formae
470 2777 550 2842 quae
573 2770 648 2821 sunt
671 2755 701 2819 ln
727 2754 855 2819 materia
880 2775 942 2820 non
981 2771 1053 2821 sunt

120 2844 250 2907 eaedem
274 2848 389 2932 speria,
413 2860 446 2910 ut
469 2846 619 2932 probatur
648 2844 679 2908 in
713 2844 844 2931 septimo
868 2844 1051 2932 Metapbysi·

118 2950 238 2995 corum.
262 2933 358 2999 blulto
382 2954 457 3019 ergo
480 2936 585 3000 minus
608 2954 669 2997 uua
693 2944 724 2995 et
752 2930 861 2997 eadem
878 2931 978 2999 lurma
995 2956 1051 2999 uu·

119 3038 207 3084 mero
231 3038 333 3108 potest
354 3044 438 3087 narnu
460 3042 528 3087 esse
551 3024 620 3087 siae
646 3040 777 3106 corporo
811 3034 842 3085 st
875 3040 943 3087 esse
968 3042 1051 3087 nuno

118 3107 150 3171 in
173 3128 315 3196 corpore.
338 3112 503 3177 Destrooto
527 3130 603 3194 ergo
628 3129 771 3195 corpore,
805 3108 855 3175 vel
883 3108 1052 3177 destruitur

118 3194 220 3261 formo
242 3201 382 3287 eorporis
404 3199 453 3264 vel
476 3200 584 3263 transit
608 3199 648 3264 ad
670 3196 756 3262 aliud
772 3217 894 3285 corpus.
919 3197 950 3263 Si
974 3220 1050 3284 ergo

118 3284 293 3353 intellectus
316 3302 362 3353 est
384 3286 484 3352 lorma
507 3288 658 3373 corporis,
681 3285 1049 3353 videturexneoessitate

118 3376 207 3460 sequi
231 3376 314 3462 quod
337 3376 510 3443 intellectus
532 3377 572 3441 sit
593 3373 814 3462 corruptibilia.

184 3462 236 3527 Εει
258 3479 361 3532 autem
398 3464 559 3531 solendum
582 3464 666 3551 quod
692 3462 768 3530 ratio
793 3472 871 3531 baso
895 3462 1050 3551 plurimos
