<?xml version="1.0" encoding="UTF-8"?>
<!DOCTYPE html PUBLIC "-//W3C//DTD XHTML 1.0 Transitional//EN"
    "http://www.w3.org/TR/xhtml1/DTD/xhtml1-transitional.dtd">
<html xmlns="http://www.w3.org/1999/xhtml" xml:lang="en" lang="en">
 <head>
  <title>
</title>
<meta http-equiv="Content-Type" content="text/html;charset=utf-8" />
  <meta name='ocr-system' content='tesseract 3.04.00' />
  <meta name='ocr-capabilities' content='ocr_page ocr_carea ocr_par ocr_line ocrx_word'/>
</head>
<body>
  <div class='ocr_page' id='page_1' title='image "./sanctithomaeaqu01thomgoog_0446.png"; bbox 0 0 2484 3975; ppageno 0'>
   <div class='ocr_carea' id='block_1_1' title="bbox 142 218 1129 3589">
    <p class='ocr_par' dir='ltr' id='par_1_1' title="bbox 190 218 739 282">
     <span class='ocr_line' id='line_1_1' title="bbox 190 218 739 282; baseline -0.007 0"><span class='ocrx_word' id='word_1_1' title='bbox 190 218 254 282; x_wconf 76' lang='lat' dir='ltr'><strong>tlt</strong></span> <span class='ocrx_word' id='word_1_2' title='bbox 564 234 739 279; x_wconf 84' lang='lat' dir='ltr'><strong>oruscuunn</strong></span> 
     </span>
    </p>

    <p class='ocr_par' dir='ltr' id='par_1_2' title="bbox 142 300 1129 2256">
     <span class='ocr_line' id='line_1_2' title="bbox 190 300 1121 389; baseline -0.003 -18"><span class='ocrx_word' id='word_1_3' title='bbox 190 308 260 371; x_wconf 86' lang='lat' dir='ltr'><strong>bilia</strong></span> <span class='ocrx_word' id='word_1_4' title='bbox 291 303 469 377; x_wconf 77' lang='lat' dir='ltr'><strong>accidentia,</strong></span> <span class='ocrx_word' id='word_1_5' title='bbox 485 304 662 369; x_wconf 88' lang='lat' dir='ltr'><strong>communia</strong></span> <span class='ocrx_word' id='word_1_6' title='bbox 678 304 792 367; x_wconf 66' lang='lat' dir='ltr'><strong>station</strong></span> <span class='ocrx_word' id='word_1_7' title='bbox 805 315 833 367; x_wconf 89' lang='lat' dir='ltr'><strong>et</strong></span> <span class='ocrx_word' id='word_1_8' title='bbox 851 302 987 389; x_wconf 90' lang='lat' dir='ltr'><strong>propria,</strong></span> <span class='ocrx_word' id='word_1_9' title='bbox 1002 300 1121 369; x_wconf 80' lang='lat' dir='ltr'><strong>liabent</strong></span> 
     </span>
     <span class='ocr_line' id='line_1_3' title="bbox 189 392 1125 479; baseline -0.002 -20"><span class='ocrx_word' id='word_1_10' title='bbox 189 416 245 478; x_wconf 83' lang='lat' dir='ltr'><strong>pro</strong></span> <span class='ocrx_word' id='word_1_11' title='bbox 268 397 332 459; x_wconf 87' lang='lat' dir='ltr'><strong>suis</strong></span> <span class='ocrx_word' id='word_1_12' title='bbox 359 414 414 479; x_wconf 87' lang='lat' dir='ltr'><strong>per</strong></span> <span class='ocrx_word' id='word_1_13' title='bbox 430 412 464 457; x_wconf 90' lang='lat' dir='ltr'><strong>se</strong></span> <span class='ocrx_word' id='word_1_14' title='bbox 476 392 613 476; x_wconf 79' lang='lat' dir='ltr'><strong>objectis.</strong></span> <span class='ocrx_word' id='word_1_15' title='bbox 632 393 793 474; x_wconf 84' lang='lat' dir='ltr'><strong>Quidditas</strong></span> <span class='ocrx_word' id='word_1_16' title='bbox 809 406 913 456; x_wconf 88' lang='lat' dir='ltr'><strong>autem</strong></span> <span class='ocrx_word' id='word_1_17' title='bbox 930 392 974 457; x_wconf 93' lang='lat' dir='ltr'><strong>rei</strong></span> <span class='ocrx_word' id='word_1_18' title='bbox 989 394 1125 477; x_wconf 88' lang='lat' dir='ltr'><strong>particu-</strong></span> 
     </span>
     <span class='ocr_line' id='line_1_4' title="bbox 188 480 1125 568; baseline -0.003 -20"><span class='ocrx_word' id='word_1_19' title='bbox 188 484 260 549; x_wconf 86' lang='lat' dir='ltr'><strong>laris</strong></span> <span class='ocrx_word' id='word_1_20' title='bbox 286 485 316 547; x_wconf 90' lang='lat' dir='ltr'><strong>in</strong></span> <span class='ocrx_word' id='word_1_21' title='bbox 342 481 515 568; x_wconf 74' lang='lat' dir='ltr'><strong>particulari</strong></span> <span class='ocrx_word' id='word_1_22' title='bbox 539 503 599 545; x_wconf 93' lang='lat' dir='ltr'><strong>nou</strong></span> <span class='ocrx_word' id='word_1_23' title='bbox 625 496 754 567; x_wconf 87' lang='lat' dir='ltr'><strong>spectat,</strong></span> <span class='ocrx_word' id='word_1_24' title='bbox 775 495 807 547; x_wconf 88' lang='lat' dir='ltr'><strong>ut</strong></span> <span class='ocrx_word' id='word_1_25' title='bbox 832 502 887 565; x_wconf 89' lang='lat' dir='ltr'><strong>per</strong></span> <span class='ocrx_word' id='word_1_26' title='bbox 902 500 936 545; x_wconf 85' lang='lat' dir='ltr'><strong>se</strong></span> <span class='ocrx_word' id='word_1_27' title='bbox 952 480 1125 565; x_wconf 87' lang='lat' dir='ltr'><strong>objectum,</strong></span> 
     </span>
     <span class='ocr_line' id='line_1_5' title="bbox 188 569 1125 656; baseline -0.001 -20"><span class='ocrx_word' id='word_1_28' title='bbox 188 573 226 636; x_wconf 89' lang='lat' dir='ltr'><strong>ad</strong></span> <span class='ocrx_word' id='word_1_29' title='bbox 252 573 319 637; x_wconf 84' lang='lat' dir='ltr'><strong>illos</strong></span> <span class='ocrx_word' id='word_1_30' title='bbox 342 590 453 635; x_wconf 82' lang='lat' dir='ltr'><strong>sensus</strong></span> <span class='ocrx_word' id='word_1_31' title='bbox 476 571 653 648; x_wconf 75' lang='lat' dir='ltr'><strong>exteriores,</strong></span> <span class='ocrx_word' id='word_1_32' title='bbox 677 590 747 634; x_wconf 89' lang='lat' dir='ltr'><strong>curn</strong></span> <span class='ocrx_word' id='word_1_33' title='bbox 788 569 941 656; x_wconf 86' lang='lat' dir='ltr'><strong>quidditas</strong></span> <span class='ocrx_word' id='word_1_34' title='bbox 965 570 1020 634; x_wconf 89' lang='lat' dir='ltr'><strong>ista</strong></span> <span class='ocrx_word' id='word_1_35' title='bbox 1044 570 1125 635; x_wconf 91' lang='lat' dir='ltr'><strong>sub-</strong></span> 
     </span>
     <span class='ocr_line' id='line_1_6' title="bbox 142 657 1124 744; baseline -0.002 -19"><span class='ocrx_word' id='word_1_36' title='bbox 142 686 144 691; x_wconf 63' lang='grc'>’</span> <span class='ocrx_word' id='word_1_37' title='bbox 190 663 301 725; x_wconf 85' lang='lat' dir='ltr'><strong>stantia</strong></span> <span class='ocrx_word' id='word_1_38' title='bbox 324 660 362 726; x_wconf 88' lang='lat' dir='ltr'><strong>sit</strong></span> <span class='ocrx_word' id='word_1_39' title='bbox 384 675 415 724; x_wconf 87' lang='lat' dir='ltr'><strong>et</strong></span> <span class='ocrx_word' id='word_1_40' title='bbox 437 680 500 723; x_wconf 89' lang='lat' dir='ltr'><strong>uon</strong></span> <span class='ocrx_word' id='word_1_41' title='bbox 525 660 679 729; x_wconf 71' lang='lat' dir='ltr'><strong>aacideosa</strong></span> <span class='ocrx_word' id='word_1_42' title='bbox 703 680 760 723; x_wconf 89' lang='lat' dir='ltr'><strong>nec</strong></span> <span class='ocrx_word' id='word_1_43' title='bbox 783 660 822 724; x_wconf 79' lang='lat' dir='ltr'><strong>acl</strong></span> <span class='ocrx_word' id='word_1_44' title='bbox 835 657 1024 723; x_wconf 87' lang='lat' dir='ltr'><strong>intellectum</strong></span> <span class='ocrx_word' id='word_1_45' title='bbox 1049 679 1124 744; x_wconf 90' lang='lat' dir='ltr'><strong>per-</strong></span> 
     </span>
     <span class='ocr_line' id='line_1_7' title="bbox 187 746 1124 835; baseline -0.001 -21"><span class='ocrx_word' id='word_1_46' title='bbox 187 750 263 814; x_wconf 88' lang='lat' dir='ltr'><strong>tinet</strong></span> <span class='ocrx_word' id='word_1_47' title='bbox 286 762 319 814; x_wconf 90' lang='lat' dir='ltr'><strong>ut</strong></span> <span class='ocrx_word' id='word_1_48' title='bbox 342 769 398 835; x_wconf 90' lang='lat' dir='ltr'><strong>per</strong></span> <span class='ocrx_word' id='word_1_49' title='bbox 420 746 622 832; x_wconf 85' lang='lat' dir='ltr'><strong>seobjeotum</strong></span> <span class='ocrx_word' id='word_1_50' title='bbox 646 749 723 833; x_wconf 84' lang='lat' dir='ltr'><strong>ejus,</strong></span> <span class='ocrx_word' id='word_1_51' title='bbox 748 763 874 833; x_wconf 88' lang='lat' dir='ltr'><strong>propter</strong></span> <span class='ocrx_word' id='word_1_52' title='bbox 910 768 998 812; x_wconf 88' lang='lat' dir='ltr'><strong>suam</strong></span> <span class='ocrx_word' id='word_1_53' title='bbox 1023 762 1124 813; x_wconf 87' lang='lat' dir='ltr'><strong>mate·</strong></span> 
     </span>
     <span class='ocr_line' id='line_1_8' title="bbox 187 836 1124 922; baseline -0.003 -18"><span class='ocrx_word' id='word_1_54' title='bbox 187 839 363 904; x_wconf 85' lang='lat' dir='ltr'><strong>rialitatcm.</strong></span> <span class='ocrx_word' id='word_1_55' title='bbox 389 838 462 903; x_wconf 89' lang='lat' dir='ltr'><strong>ldeo</strong></span> <span class='ocrx_word' id='word_1_56' title='bbox 485 836 639 922; x_wconf 86' lang='lat' dir='ltr'><strong>quidditas</strong></span> <span class='ocrx_word' id='word_1_57' title='bbox 656 838 700 903; x_wconf 91' lang='lat' dir='ltr'><strong>rei</strong></span> <span class='ocrx_word' id='word_1_58' title='bbox 725 837 901 913; x_wconf 85' lang='lat' dir='ltr'><strong>ronterialis‚</strong></span> <span class='ocrx_word' id='word_1_59' title='bbox 925 836 956 899; x_wconf 91' lang='lat' dir='ltr'><strong>in</strong></span> <span class='ocrx_word' id='word_1_60' title='bbox 980 836 1044 921; x_wconf 90' lang='lat' dir='ltr'><strong>ipsa</strong></span> <span class='ocrx_word' id='word_1_61' title='bbox 1063 856 1124 901; x_wconf 88' lang='lat' dir='ltr'><strong>sua</strong></span> 
     </span>
     <span class='ocr_line' id='line_1_9' title="bbox 188 925 1124 1011; baseline -0.001 -20"><span class='ocrx_word' id='word_1_62' title='bbox 188 927 439 1011; x_wconf 67' lang='lat' dir='ltr'><strong>particularitate,</strong></span> <span class='ocrx_word' id='word_1_63' title='bbox 462 942 507 991; x_wconf 86' lang='lat' dir='ltr'><strong>est</strong></span> <span class='ocrx_word' id='word_1_64' title='bbox 530 926 686 1010; x_wconf 86' lang='lat' dir='ltr'><strong>objectum</strong></span> <span class='ocrx_word' id='word_1_65' title='bbox 712 927 838 991; x_wconf 88' lang='lat' dir='ltr'><strong>rationis</strong></span> <span class='ocrx_word' id='word_1_66' title='bbox 857 925 1048 1009; x_wconf 91' lang='lat' dir='ltr'><strong>particularis</strong></span> <span class='ocrx_word' id='word_1_67' title='bbox 1064 946 1124 990; x_wconf 86' lang='lat' dir='ltr'><strong>eu·</strong></span> 
     </span>
     <span class='ocr_line' id='line_1_10' title="bbox 185 1012 1123 1102; baseline -0.001 -22"><span class='ocrx_word' id='word_1_68' title='bbox 185 1017 238 1102; x_wconf 87' lang='lat' dir='ltr'><strong>jus</strong></span> <span class='ocrx_word' id='word_1_69' title='bbox 260 1031 306 1081; x_wconf 90' lang='lat' dir='ltr'><strong>est</strong></span> <span class='ocrx_word' id='word_1_70' title='bbox 328 1014 472 1080; x_wconf 75' lang='lat' dir='ltr'><strong>conferre</strong></span> <span class='ocrx_word' id='word_1_71' title='bbox 495 1015 534 1080; x_wconf 87' lang='lat' dir='ltr'><strong>de</strong></span> <span class='ocrx_word' id='word_1_72' title='bbox 549 1015 770 1081; x_wconf 90' lang='lat' dir='ltr'><strong>intentionibus</strong></span> <span class='ocrx_word' id='word_1_73' title='bbox 784 1014 1031 1100; x_wconf 78' lang='lat' dir='ltr'><strong>particularibus,</strong></span> <span class='ocrx_word' id='word_1_74' title='bbox 1049 1012 1123 1079; x_wconf 86' lang='lat' dir='ltr'><strong>loco</strong></span> 
     </span>
     <span class='ocr_line' id='line_1_11' title="bbox 187 1104 1121 1190; baseline -0.002 -21"><span class='ocrx_word' id='word_1_75' title='bbox 187 1106 276 1190; x_wconf 83' lang='lat' dir='ltr'><strong>cujus</strong></span> <span class='ocrx_word' id='word_1_76' title='bbox 299 1106 330 1170; x_wconf 94' lang='lat' dir='ltr'><strong>in</strong></span> <span class='ocrx_word' id='word_1_77' title='bbox 355 1105 451 1169; x_wconf 92' lang='lat' dir='ltr'><strong>brutis</strong></span> <span class='ocrx_word' id='word_1_78' title='bbox 474 1104 663 1169; x_wconf 83' lang='lat' dir='ltr'><strong>aestimativa</strong></span> <span class='ocrx_word' id='word_1_79' title='bbox 692 1105 839 1169; x_wconf 88' lang='lat' dir='ltr'><strong>naturalis</strong></span> <span class='ocrx_word' id='word_1_80' title='bbox 856 1116 913 1180; x_wconf 87' lang='lat' dir='ltr'><strong>est;</strong></span> <span class='ocrx_word' id='word_1_81' title='bbox 947 1123 1026 1187; x_wconf 88' lang='lat' dir='ltr'><strong>quac</strong></span> <span class='ocrx_word' id='word_1_82' title='bbox 1061 1123 1121 1188; x_wconf 94' lang='lat' dir='ltr'><strong>po·</strong></span> 
     </span>
     <span class='ocr_line' id='line_1_12' title="bbox 187 1191 1121 1277; baseline -0.003 -18"><span class='ocrx_word' id='word_1_83' title='bbox 187 1195 292 1271; x_wconf 88' lang='lat' dir='ltr'><strong>tentia,</strong></span> <span class='ocrx_word' id='word_1_84' title='bbox 316 1194 439 1277; x_wconf 84' lang='lat' dir='ltr'><strong>paraui</strong></span> <span class='ocrx_word' id='word_1_85' title='bbox 464 1192 713 1277; x_wconf 86' lang='lat' dir='ltr'><strong>conjunctionem</strong></span> <span class='ocrx_word' id='word_1_86' title='bbox 753 1214 823 1259; x_wconf 89' lang='lat' dir='ltr'><strong>eum</strong></span> <span class='ocrx_word' id='word_1_87' title='bbox 857 1193 1026 1269; x_wconf 87' lang='lat' dir='ltr'><strong>intellectu,</strong></span> <span class='ocrx_word' id='word_1_88' title='bbox 1064 1191 1121 1256; x_wconf 90' lang='lat' dir='ltr'><strong>ubi</strong></span> 
     </span>
     <span class='ocr_line' id='line_1_13' title="bbox 188 1281 1123 1368; baseline -0.003 -21"><span class='ocrx_word' id='word_1_89' title='bbox 188 1298 234 1347; x_wconf 90' lang='lat' dir='ltr'><strong>est</strong></span> <span class='ocrx_word' id='word_1_90' title='bbox 257 1284 334 1347; x_wconf 90' lang='lat' dir='ltr'><strong>ratio</strong></span> <span class='ocrx_word' id='word_1_91' title='bbox 358 1282 422 1368; x_wconf 88' lang='lat' dir='ltr'><strong>ipsa</strong></span> <span class='ocrx_word' id='word_1_92' title='bbox 445 1302 525 1366; x_wconf 86' lang='lat' dir='ltr'><strong>quae</strong></span> <span class='ocrx_word' id='word_1_93' title='bbox 548 1281 666 1346; x_wconf 78' lang='lat' dir='ltr'><strong>confert</strong></span> <span class='ocrx_word' id='word_1_94' title='bbox 702 1285 740 1348; x_wconf 91' lang='lat' dir='ltr'><strong>de</strong></span> <span class='ocrx_word' id='word_1_95' title='bbox 777 1281 1012 1358; x_wconf 86' lang='lat' dir='ltr'><strong>universalibus,</strong></span> <span class='ocrx_word' id='word_1_96' title='bbox 1048 1300 1123 1366; x_wconf 87' lang='lat' dir='ltr'><strong>par-</strong></span> 
     </span>
     <span class='ocr_line' id='line_1_14' title="bbox 189 1370 1121 1457; baseline -0.001 -22"><span class='ocrx_word' id='word_1_97' title='bbox 189 1372 293 1457; x_wconf 89' lang='lat' dir='ltr'><strong>ticipat</strong></span> <span class='ocrx_word' id='word_1_98' title='bbox 316 1371 376 1435; x_wconf 89' lang='lat' dir='ltr'><strong>vim</strong></span> <span class='ocrx_word' id='word_1_99' title='bbox 401 1370 585 1447; x_wconf 78' lang='lat' dir='ltr'><strong>collativam3</strong></span> <span class='ocrx_word' id='word_1_100' title='bbox 608 1373 662 1435; x_wconf 84' lang='lat' dir='ltr'><strong>sed</strong></span> <span class='ocrx_word' id='word_1_101' title='bbox 687 1373 756 1457; x_wconf 91' lang='lat' dir='ltr'><strong>quia</strong></span> <span class='ocrx_word' id='word_1_102' title='bbox 779 1393 848 1456; x_wconf 90' lang='lat' dir='ltr'><strong>pars</strong></span> <span class='ocrx_word' id='word_1_103' title='bbox 872 1370 1037 1435; x_wconf 84' lang='lat' dir='ltr'><strong>sensitivae</strong></span> <span class='ocrx_word' id='word_1_104' title='bbox 1061 1384 1121 1445; x_wconf 83' lang='lat' dir='ltr'><strong>est,</strong></span> 
     </span>
     <span class='ocr_line' id='line_1_15' title="bbox 190 1458 1124 1543; baseline -0.002 -18"><span class='ocrx_word' id='word_1_105' title='bbox 190 1475 255 1525; x_wconf 87' lang='lat' dir='ltr'><strong>uun</strong></span> <span class='ocrx_word' id='word_1_106' title='bbox 279 1459 427 1524; x_wconf 78' lang='lat' dir='ltr'><strong>abstrahit</strong></span> <span class='ocrx_word' id='word_1_107' title='bbox 456 1460 585 1523; x_wconf 89' lang='lat' dir='ltr'><strong>omuino</strong></span> <span class='ocrx_word' id='word_1_108' title='bbox 620 1482 636 1523; x_wconf 93' lang='lat' dir='ltr'><strong>a</strong></span> <span class='ocrx_word' id='word_1_109' title='bbox 675 1462 812 1527; x_wconf 86' lang='lat' dir='ltr'><strong>materia:</strong></span> <span class='ocrx_word' id='word_1_110' title='bbox 846 1461 929 1523; x_wconf 78' lang='lat' dir='ltr'><strong>unite</strong></span> <span class='ocrx_word' id='word_1_111' title='bbox 963 1458 1124 1543; x_wconf 87' lang='lat' dir='ltr'><strong>objectum</strong></span> 
     </span>
     <span class='ocr_line' id='line_1_16' title="bbox 188 1546 1127 1634; baseline -0.004 -20"><span class='ocrx_word' id='word_1_112' title='bbox 188 1570 280 1614; x_wconf 89' lang='lat' dir='ltr'><strong>suum</strong></span> <span class='ocrx_word' id='word_1_113' title='bbox 305 1550 463 1633; x_wconf 92' lang='lat' dir='ltr'><strong>proprium</strong></span> <span class='ocrx_word' id='word_1_114' title='bbox 487 1563 592 1613; x_wconf 89' lang='lat' dir='ltr'><strong>manet</strong></span> <span class='ocrx_word' id='word_1_115' title='bbox 619 1549 773 1633; x_wconf 86' lang='lat' dir='ltr'><strong>quidditas</strong></span> <span class='ocrx_word' id='word_1_116' title='bbox 811 1546 1001 1634; x_wconf 87' lang='lat' dir='ltr'><strong>particularis</strong></span> <span class='ocrx_word' id='word_1_117' title='bbox 1025 1561 1127 1611; x_wconf 89' lang='lat' dir='ltr'><strong>mate-</strong></span> 
     </span>
     <span class='ocr_line' id='line_1_17' title="bbox 189 1636 1128 1741; baseline -0.003 -38"><span class='ocrx_word' id='word_1_118' title='bbox 189 1639 282 1703; x_wconf 85' lang='lat' dir='ltr'><strong>rialis.</strong></span> <span class='ocrx_word' id='word_1_119' title='bbox 308 1638 370 1701; x_wconf 84' lang='lat' dir='ltr'><strong>Hoc</strong></span> <span class='ocrx_word' id='word_1_120' title='bbox 409 1652 511 1702; x_wconf 92' lang='lat' dir='ltr'><strong>autem</strong></span> <span class='ocrx_word' id='word_1_121' title='bbox 547 1658 609 1702; x_wconf 89' lang='lat' dir='ltr'><strong>aon</strong></span> <span class='ocrx_word' id='word_1_122' title='bbox 648 1652 694 1704; x_wconf 98' lang='grc' dir='ltr'><strong>εει</strong></span> <span class='ocrx_word' id='word_1_123' title='bbox 731 1638 814 1741; x_wconf 86' lang='lat' dir='ltr'><strong>quod</strong></span> <span class='ocrx_word' id='word_1_124' title='bbox 838 1638 888 1703; x_wconf 89' lang='lat' dir='ltr'><strong>illa</strong></span> <span class='ocrx_word' id='word_1_125' title='bbox 913 1636 1045 1723; x_wconf 75' lang='lat' dir='ltr'><strong>potentia</strong></span> <span class='ocrx_word' id='word_1_126' title='bbox 1070 1656 1128 1721; x_wconf 87' lang='lat' dir='ltr'><strong>ap·</strong></span> 
     </span>
     <span class='ocr_line' id='line_1_18' title="bbox 190 1725 1126 1830; baseline -0.001 -40"><span class='ocrx_word' id='word_1_127' title='bbox 190 1726 361 1830; x_wconf 83' lang='lat' dir='ltr'><strong>prehendat</strong></span> <span class='ocrx_word' id='word_1_128' title='bbox 385 1728 545 1789; x_wconf 89' lang='lat' dir='ltr'><strong>materiam</strong></span> <span class='ocrx_word' id='word_1_129' title='bbox 570 1728 600 1788; x_wconf 94' lang='lat' dir='ltr'><strong>in</strong></span> <span class='ocrx_word' id='word_1_130' title='bbox 625 1747 668 1800; x_wconf 82' lang='lat' dir='ltr'><strong>se.</strong></span> <span class='ocrx_word' id='word_1_131' title='bbox 692 1748 762 1791; x_wconf 87' lang='lat' dir='ltr'><strong>aum</strong></span> <span class='ocrx_word' id='word_1_132' title='bbox 779 1732 841 1813; x_wconf 89' lang='lat' dir='ltr'><strong>ipsa</strong></span> <span class='ocrx_word' id='word_1_133' title='bbox 866 1748 927 1789; x_wconf 94' lang='lat' dir='ltr'><strong>non</strong></span> <span class='ocrx_word' id='word_1_134' title='bbox 952 1725 1126 1825; x_wconf 87' lang='lat' dir='ltr'><strong>possitsciri</strong></span> 
     </span>
     <span class='ocr_line' id='line_1_19' title="bbox 189 1812 1127 1915; baseline -0.004 -34"><span class='ocrx_word' id='word_1_135' title='bbox 189 1816 247 1882; x_wconf 90' lang='lat' dir='ltr'><strong>nisi</strong></span> <span class='ocrx_word' id='word_1_136' title='bbox 286 1836 341 1901; x_wconf 90' lang='lat' dir='ltr'><strong>per</strong></span> <span class='ocrx_word' id='word_1_137' title='bbox 376 1815 549 1897; x_wconf 77' lang='lat' dir='ltr'><strong>analogiam</strong></span> <span class='ocrx_word' id='word_1_138' title='bbox 588 1815 627 1878; x_wconf 90' lang='lat' dir='ltr'><strong>ad</strong></span> <span class='ocrx_word' id='word_1_139' title='bbox 662 1815 805 1913; x_wconf 77' lang='lat' dir='ltr'><strong>formam,</strong></span> <span class='ocrx_word' id='word_1_140' title='bbox 828 1814 883 1879; x_wconf 87' lang='lat' dir='ltr'><strong>sad</strong></span> <span class='ocrx_word' id='word_1_141' title='bbox 901 1816 979 1915; x_wconf 35' lang='lat' dir='ltr'><strong>&#39;quia</strong></span> <span class='ocrx_word' id='word_1_142' title='bbox 1002 1812 1127 1878; x_wconf 85' lang='lat' dir='ltr'><strong>collatio</strong></span> 
     </span>
     <span class='ocr_line' id='line_1_20' title="bbox 190 1898 1127 2005; baseline -0.003 -36"><span class='ocrx_word' id='word_1_143' title='bbox 190 1905 230 1969; x_wconf 86' lang='lat' dir='ltr'><strong>de</strong></span> <span class='ocrx_word' id='word_1_144' title='bbox 254 1904 392 1978; x_wconf 85' lang='lat' dir='ltr'><strong>materia,</strong></span> <span class='ocrx_word' id='word_1_145' title='bbox 417 1905 447 1967; x_wconf 92' lang='lat' dir='ltr'><strong>in</strong></span> <span class='ocrx_word' id='word_1_146' title='bbox 471 1904 580 1967; x_wconf 90' lang='lat' dir='ltr'><strong>ordine</strong></span> <span class='ocrx_word' id='word_1_147' title='bbox 603 1904 641 1969; x_wconf 85' lang='lat' dir='ltr'><strong>ad</strong></span> <span class='ocrx_word' id='word_1_148' title='bbox 668 1898 797 1975; x_wconf 86' lang='lat' dir='ltr'><strong>iorr&#39;nam</strong></span> <span class='ocrx_word' id='word_1_149' title='bbox 823 1902 999 2005; x_wconf 81' lang='lat' dir='ltr'><strong>peripsam</strong></span> <span class='ocrx_word' id='word_1_150' title='bbox 1027 1916 1127 1966; x_wconf 85' lang='lat' dir='ltr'><strong>mate·</strong></span> 
     </span>
     <span class='ocr_line' id='line_1_21' title="bbox 190 1994 1129 2095; baseline -0.003 -36"><span class='ocrx_word' id='word_1_151' title='bbox 190 1994 267 2059; x_wconf 90' lang='lat' dir='ltr'><strong>riam</strong></span> <span class='ocrx_word' id='word_1_152' title='bbox 294 1994 528 2071; x_wconf 82' lang='lat' dir='ltr'><strong>individuatam,</strong></span> <span class='ocrx_word' id='word_1_153' title='bbox 550 2010 667 2095; x_wconf 80' lang='lat' dir='ltr'><strong>spectat</strong></span> <span class='ocrx_word' id='word_1_154' title='bbox 698 1996 735 2058; x_wconf 87' lang='lat' dir='ltr'><strong>ad</strong></span> <span class='ocrx_word' id='word_1_155' title='bbox 762 1997 839 2058; x_wconf 87' lang='lat' dir='ltr'><strong>banc</strong></span> <span class='ocrx_word' id='word_1_156' title='bbox 858 2007 1036 2080; x_wconf 79' lang='lat' dir='ltr'><strong>potentiam,</strong></span> <span class='ocrx_word' id='word_1_157' title='bbox 1048 2006 1129 2056; x_wconf 82' lang='lat' dir='ltr'><strong>sicut</strong></span> 
     </span>
     <span class='ocr_line' id='line_1_22' title="bbox 190 2079 1126 2160; baseline -0.004 -12"><span class='ocrx_word' id='word_1_158' title='bbox 190 2081 389 2148; x_wconf 82' lang='lat' dir='ltr'><strong>considerare</strong></span> <span class='ocrx_word' id='word_1_159' title='bbox 405 2082 444 2146; x_wconf 88' lang='lat' dir='ltr'><strong>de</strong></span> <span class='ocrx_word' id='word_1_160' title='bbox 457 2084 583 2147; x_wconf 84' lang='lat' dir='ltr'><strong>materia</strong></span> <span class='ocrx_word' id='word_1_161' title='bbox 597 2086 627 2146; x_wconf 91' lang='lat' dir='ltr'><strong>in</strong></span> <span class='ocrx_word' id='word_1_162' title='bbox 646 2084 815 2160; x_wconf 84' lang='lat' dir='ltr'><strong>communi,</strong></span> <span class='ocrx_word' id='word_1_163' title='bbox 830 2084 859 2147; x_wconf 89' lang='lat' dir='ltr'><strong>in</strong></span> <span class='ocrx_word' id='word_1_164' title='bbox 884 2082 993 2145; x_wconf 87' lang='lat' dir='ltr'><strong>ordine</strong></span> <span class='ocrx_word' id='word_1_165' title='bbox 1006 2081 1044 2144; x_wconf 88' lang='lat' dir='ltr'><strong>ad</strong></span> <span class='ocrx_word' id='word_1_166' title='bbox 1063 2079 1126 2144; x_wconf 89' lang='lat' dir='ltr'><strong>lor·</strong></span> 
     </span>
     <span class='ocr_line' id='line_1_23' title="bbox 190 2171 1035 2271; baseline -0.002 -35"><span class='ocrx_word' id='word_1_167' title='bbox 190 2191 275 2236; x_wconf 90' lang='lat' dir='ltr'><strong>mam</strong></span> <span class='ocrx_word' id='word_1_168' title='bbox 291 2171 417 2256; x_wconf 87' lang='lat' dir='ltr'><strong>speciei,</strong></span> <span class='ocrx_word' id='word_1_169' title='bbox 440 2184 556 2255; x_wconf 90' lang='lat' dir='ltr'><strong>spectat</strong></span> <span class='ocrx_word' id='word_1_170' title='bbox 594 2172 633 2236; x_wconf 87' lang='lat' dir='ltr'><strong>ad</strong></span> <span class='ocrx_word' id='word_1_171' title='bbox 658 2177 807 2238; x_wconf 85' lang='lat' dir='ltr'><strong>rationem</strong></span> <span class='ocrx_word' id='word_1_172' title='bbox 831 2172 1035 2271; x_wconf 83' lang='lat' dir='ltr'><strong>superiorem</strong></span> 
     </span>
    </p>

    <p class='ocr_par' dir='ltr' id='par_1_3' title="bbox 191 2259 1129 2503">
     <span class='ocr_line' id='line_1_24' title="bbox 262 2259 1129 2346; baseline -0.002 -22"><span class='ocrx_word' id='word_1_173' title='bbox 262 2259 305 2324; x_wconf 82' lang='lat' dir='ltr'><strong>Ex</strong></span> <span class='ocrx_word' id='word_1_174' title='bbox 328 2261 375 2324; x_wconf 83' lang='lat' dir='ltr'><strong>laia</strong></span> <span class='ocrx_word' id='word_1_175' title='bbox 398 2259 488 2324; x_wconf 87' lang='lat' dir='ltr'><strong>lacile</strong></span> <span class='ocrx_word' id='word_1_176' title='bbox 512 2272 558 2324; x_wconf 87' lang='lat' dir='ltr'><strong>est</strong></span> <span class='ocrx_word' id='word_1_177' title='bbox 580 2261 684 2325; x_wconf 84' lang='lat' dir='ltr'><strong>vidore</strong></span> <span class='ocrx_word' id='word_1_178' title='bbox 722 2260 881 2346; x_wconf 86' lang='lat' dir='ltr'><strong>quomodo</strong></span> <span class='ocrx_word' id='word_1_179' title='bbox 916 2259 1043 2323; x_wconf 87' lang='lat' dir='ltr'><strong>tuateria</strong></span> <span class='ocrx_word' id='word_1_180' title='bbox 1080 2272 1129 2322; x_wconf 87' lang='lat' dir='ltr'><strong>est</strong></span> 
     </span>
     <span class='ocr_line' id='line_1_25' title="bbox 192 2347 1124 2437; baseline -0.005 -24"><span class='ocrx_word' id='word_1_181' title='bbox 192 2349 375 2437; x_wconf 88' lang='lat' dir='ltr'><strong>principium</strong></span> <span class='ocrx_word' id='word_1_182' title='bbox 411 2348 672 2428; x_wconf 82' lang='lat' dir='ltr'><strong>individuationis3</strong></span> <span class='ocrx_word' id='word_1_183' title='bbox 711 2352 770 2416; x_wconf 87' lang='lat' dir='ltr'><strong>boc</strong></span> <span class='ocrx_word' id='word_1_184' title='bbox 808 2351 891 2414; x_wconf 88' lang='lat' dir='ltr'><strong>enim</strong></span> <span class='ocrx_word' id='word_1_185' title='bbox 926 2347 1124 2412; x_wconf 87' lang='lat' dir='ltr'><strong>iutemlirnus</strong></span> 
     </span>
     <span class='ocr_line' id='line_1_26' title="bbox 191 2436 366 2503; baseline -0.006 0"><span class='ocrx_word' id='word_1_186' title='bbox 191 2436 366 2503; x_wconf 85' lang='lat' dir='ltr'><strong>ostendere.</strong></span> 
     </span>
    </p>

    <p class='ocr_par' dir='ltr' id='par_1_4' title="bbox 193 2523 1124 2680">
     <span class='ocr_line' id='line_1_27' title="bbox 259 2523 1124 2613; baseline 0 -25"><span class='ocrx_word' id='word_1_187' title='bbox 259 2525 427 2590; x_wconf 87' lang='lat' dir='ltr'><strong>Sciendum</strong></span> <span class='ocrx_word' id='word_1_188' title='bbox 450 2541 496 2590; x_wconf 83' lang='lat' dir='ltr'><strong>eat</strong></span> <span class='ocrx_word' id='word_1_189' title='bbox 520 2527 690 2613; x_wconf 79' lang='lat' dir='ltr'><strong>ergoquod</strong></span> <span class='ocrx_word' id='word_1_190' title='bbox 714 2525 909 2593; x_wconf 82' lang='lat' dir='ltr'><strong>individuum</strong></span> <span class='ocrx_word' id='word_1_191' title='bbox 944 2523 1028 2611; x_wconf 87' lang='lat' dir='ltr'><strong>apud</strong></span> <span class='ocrx_word' id='word_1_192' title='bbox 1063 2543 1124 2588; x_wconf 85' lang='lat' dir='ltr'><strong>nos</strong></span> 
     </span>
     <span class='ocr_line' id='line_1_28' title="bbox 193 2614 541 2680; baseline -0.006 0"><span class='ocrx_word' id='word_1_193' title='bbox 193 2615 225 2680; x_wconf 93' lang='lat' dir='ltr'><strong>in</strong></span> <span class='ocrx_word' id='word_1_194' title='bbox 247 2614 370 2679; x_wconf 89' lang='lat' dir='ltr'><strong>duobus</strong></span> <span class='ocrx_word' id='word_1_195' title='bbox 394 2615 541 2679; x_wconf 87' lang='lat' dir='ltr'><strong>consistit.</strong></span> 
     </span>
    </p>

    <p class='ocr_par' dir='ltr' id='par_1_5' title="bbox 192 2701 1128 3589">
     <span class='ocr_line' id='line_1_29' title="bbox 258 2701 1125 2786; baseline -0.003 -19"><span class='ocrx_word' id='word_1_196' title='bbox 258 2703 309 2768; x_wconf 84' lang='lat' dir='ltr'><strong>Est</strong></span> <span class='ocrx_word' id='word_1_197' title='bbox 345 2704 429 2768; x_wconf 87' lang='lat' dir='ltr'><strong>enirn</strong></span> <span class='ocrx_word' id='word_1_198' title='bbox 467 2703 671 2780; x_wconf 79' lang='lat' dir='ltr'><strong>individuum,</strong></span> <span class='ocrx_word' id='word_1_199' title='bbox 706 2705 736 2768; x_wconf 93' lang='lat' dir='ltr'><strong>in</strong></span> <span class='ocrx_word' id='word_1_200' title='bbox 776 2701 984 2772; x_wconf 83' lang='lat' dir='ltr'><strong>sensibilibus.</strong></span> <span class='ocrx_word' id='word_1_201' title='bbox 1019 2701 1125 2786; x_wconf 87' lang='lat' dir='ltr'><strong>ipsum</strong></span> 
     </span>
     <span class='ocr_line' id='line_1_30' title="bbox 192 2789 1125 2877; baseline -0.003 -20"><span class='ocrx_word' id='word_1_202' title='bbox 192 2792 336 2857; x_wconf 90' lang='lat' dir='ltr'><strong>ultimum</strong></span> <span class='ocrx_word' id='word_1_203' title='bbox 360 2794 522 2875; x_wconf 74' lang='lat' dir='ltr'><strong>ingerere</strong></span> <span class='ocrx_word' id='word_1_204' title='bbox 545 2794 734 2858; x_wconf 86' lang='lat' dir='ltr'><strong>substantiae</strong></span> <span class='ocrx_word' id='word_1_205' title='bbox 768 2792 851 2877; x_wconf 91' lang='lat' dir='ltr'><strong>quod</strong></span> <span class='ocrx_word' id='word_1_206' title='bbox 875 2790 913 2854; x_wconf 89' lang='lat' dir='ltr'><strong>de</strong></span> <span class='ocrx_word' id='word_1_207' title='bbox 947 2789 1036 2855; x_wconf 91' lang='lat' dir='ltr'><strong>nullo</strong></span> <span class='ocrx_word' id='word_1_208' title='bbox 1059 2789 1125 2855; x_wconf 88' lang='lat' dir='ltr'><strong>alio</strong></span> 
     </span>
     <span class='ocr_line' id='line_1_31' title="bbox 192 2879 1126 2968; baseline -0.003 -24"><span class='ocrx_word' id='word_1_209' title='bbox 192 2880 399 2968; x_wconf 89' lang='lat' dir='ltr'><strong>praedicatur,</strong></span> <span class='ocrx_word' id='word_1_210' title='bbox 420 2881 483 2945; x_wconf 92' lang='lat' dir='ltr'><strong>imo</strong></span> <span class='ocrx_word' id='word_1_211' title='bbox 506 2881 607 2965; x_wconf 84' lang='lat' dir='ltr'><strong>ipsum</strong></span> <span class='ocrx_word' id='word_1_212' title='bbox 642 2896 687 2946; x_wconf 82' lang='lat' dir='ltr'><strong>cst</strong></span> <span class='ocrx_word' id='word_1_213' title='bbox 723 2882 821 2964; x_wconf 91' lang='lat' dir='ltr'><strong>prima</strong></span> <span class='ocrx_word' id='word_1_214' title='bbox 856 2879 1037 2955; x_wconf 87' lang='lat' dir='ltr'><strong>substantia,</strong></span> <span class='ocrx_word' id='word_1_215' title='bbox 1073 2899 1126 2942; x_wconf 90' lang='lat' dir='ltr'><strong>sc·</strong></span> 
     </span>
     <span class='ocr_line' id='line_1_32' title="bbox 194 2965 1128 3055; baseline -0.005 -20"><span class='ocrx_word' id='word_1_216' title='bbox 194 2970 332 3035; x_wconf 86' lang='lat' dir='ltr'><strong>cundum</strong></span> <span class='ocrx_word' id='word_1_217' title='bbox 356 2968 579 3055; x_wconf 83' lang='lat' dir='ltr'><strong>Plrilosupltum</strong></span> <span class='ocrx_word' id='word_1_218' title='bbox 603 2969 814 3054; x_wconf 77' lang='lat' dir='ltr'><strong>(Praedia),</strong></span> <span class='ocrx_word' id='word_1_219' title='bbox 838 2983 868 3033; x_wconf 88' lang='lat' dir='ltr'><strong>et</strong></span> <span class='ocrx_word' id='word_1_220' title='bbox 893 2970 1028 3054; x_wconf 88' lang='lat' dir='ltr'><strong>primum</strong></span> <span class='ocrx_word' id='word_1_221' title='bbox 1054 2965 1128 3031; x_wconf 86' lang='lat' dir='ltr'><strong>luu-</strong></span> 
     </span>
     <span class='ocr_line' id='line_1_33' title="bbox 195 3055 1128 3124; baseline -0.004 0"><span class='ocrx_word' id='word_1_222' title='bbox 195 3059 377 3124; x_wconf 87' lang='lat' dir='ltr'><strong>damenturn</strong></span> <span class='ocrx_word' id='word_1_223' title='bbox 401 3061 545 3122; x_wconf 89' lang='lat' dir='ltr'><strong>omnium</strong></span> <span class='ocrx_word' id='word_1_224' title='bbox 571 3057 713 3122; x_wconf 86' lang='lat' dir='ltr'><strong>aliorum.</strong></span> <span class='ocrx_word' id='word_1_225' title='bbox 745 3058 859 3124; x_wconf 85' lang='lat' dir='ltr'><strong>Natura</strong></span> <span class='ocrx_word' id='word_1_226' title='bbox 883 3058 966 3122; x_wconf 89' lang='lat' dir='ltr'><strong>euim</strong></span> <span class='ocrx_word' id='word_1_227' title='bbox 1006 3055 1128 3120; x_wconf 80' lang='lat' dir='ltr'><strong>formae</strong></span> 
     </span>
     <span class='ocr_line' id='line_1_34' title="bbox 193 3143 1126 3232; baseline -0.004 -20"><span class='ocrx_word' id='word_1_228' title='bbox 193 3146 369 3224; x_wconf 86' lang='lat' dir='ltr'><strong>materialis,</strong></span> <span class='ocrx_word' id='word_1_229' title='bbox 392 3167 463 3211; x_wconf 88' lang='lat' dir='ltr'><strong>cum</strong></span> <span class='ocrx_word' id='word_1_230' title='bbox 497 3148 561 3231; x_wconf 90' lang='lat' dir='ltr'><strong>ipsa</strong></span> <span class='ocrx_word' id='word_1_231' title='bbox 585 3167 648 3210; x_wconf 93' lang='lat' dir='ltr'><strong>non</strong></span> <span class='ocrx_word' id='word_1_232' title='bbox 682 3149 778 3232; x_wconf 87' lang='lat' dir='ltr'><strong>possit</strong></span> <span class='ocrx_word' id='word_1_233' title='bbox 811 3166 878 3212; x_wconf 86' lang='lat' dir='ltr'><strong>asse</strong></span> <span class='ocrx_word' id='word_1_234' title='bbox 914 3148 972 3210; x_wconf 88' lang='lat' dir='ltr'><strong>boo</strong></span> <span class='ocrx_word' id='word_1_235' title='bbox 1007 3143 1126 3230; x_wconf 87' lang='lat' dir='ltr'><strong>aliquid</strong></span> 
     </span>
     <span class='ocr_line' id='line_1_35' title="bbox 193 3234 1125 3321; baseline -0.004 -21"><span class='ocrx_word' id='word_1_236' title='bbox 193 3236 384 3320; x_wconf 86' lang='lat' dir='ltr'><strong>completum</strong></span> <span class='ocrx_word' id='word_1_237' title='bbox 408 3237 438 3299; x_wconf 90' lang='lat' dir='ltr'><strong>in</strong></span> <span class='ocrx_word' id='word_1_238' title='bbox 454 3236 568 3321; x_wconf 85' lang='lat' dir='ltr'><strong>specie,</strong></span> <span class='ocrx_word' id='word_1_239' title='bbox 593 3236 681 3320; x_wconf 85' lang='lat' dir='ltr'><strong>cujus</strong></span> <span class='ocrx_word' id='word_1_240' title='bbox 706 3239 807 3300; x_wconf 90' lang='lat' dir='ltr'><strong>solum</strong></span> <span class='ocrx_word' id='word_1_241' title='bbox 842 3248 980 3300; x_wconf 85' lang='lat' dir='ltr'><strong>esseest</strong></span> <span class='ocrx_word' id='word_1_242' title='bbox 1004 3234 1125 3298; x_wconf 84' lang='lat' dir='ltr'><strong>incom-</strong></span> 
     </span>
     <span class='ocr_line' id='line_1_36' title="bbox 194 3323 1127 3409; baseline -0.001 -22"><span class='ocrx_word' id='word_1_243' title='bbox 194 3323 391 3400; x_wconf 86' lang='lat' dir='ltr'><strong>municabile,</strong></span> <span class='ocrx_word' id='word_1_244' title='bbox 417 3337 462 3387; x_wconf 87' lang='lat' dir='ltr'><strong>est</strong></span> <span class='ocrx_word' id='word_1_245' title='bbox 486 3324 590 3388; x_wconf 86' lang='lat' dir='ltr'><strong>multis</strong></span> <span class='ocrx_word' id='word_1_246' title='bbox 606 3323 885 3400; x_wconf 81' lang='lat' dir='ltr'><strong>communicabilis,</strong></span> <span class='ocrx_word' id='word_1_247' title='bbox 909 3336 1060 3409; x_wconf 88' lang='lat' dir='ltr'><strong>quantum</strong></span> <span class='ocrx_word' id='word_1_248' title='bbox 1077 3335 1127 3386; x_wconf 84' lang='lat' dir='ltr'><strong>eat</strong></span> 
     </span>
     <span class='ocr_line' id='line_1_37' title="bbox 195 3410 1126 3489; baseline -0.001 -15"><span class='ocrx_word' id='word_1_249' title='bbox 195 3413 235 3476; x_wconf 81' lang='lat' dir='ltr'><strong>ale</strong></span> <span class='ocrx_word' id='word_1_250' title='bbox 257 3411 375 3474; x_wconf 90' lang='lat' dir='ltr'><strong>ratione</strong></span> <span class='ocrx_word' id='word_1_251' title='bbox 397 3431 464 3476; x_wconf 85' lang='lat' dir='ltr'><strong>sua:</strong></span> <span class='ocrx_word' id='word_1_252' title='bbox 484 3411 539 3476; x_wconf 84' lang='lat' dir='ltr'><strong>sed</strong></span> <span class='ocrx_word' id='word_1_253' title='bbox 555 3425 601 3476; x_wconf 91' lang='lat' dir='ltr'><strong>est</strong></span> <span class='ocrx_word' id='word_1_254' title='bbox 626 3412 934 3489; x_wconf 85' lang='lat' dir='ltr'><strong>incommunicabilis,</strong></span> <span class='ocrx_word' id='word_1_255' title='bbox 959 3410 1059 3476; x_wconf 86' lang='lat' dir='ltr'><strong>solum</strong></span> <span class='ocrx_word' id='word_1_256' title='bbox 1073 3429 1126 3474; x_wconf 89' lang='lat' dir='ltr'><strong>ra-</strong></span> 
     </span>
     <span class='ocr_line' id='line_1_38' title="bbox 197 3499 1124 3589; baseline -0.002 -27"><span class='ocrx_word' id='word_1_257' title='bbox 197 3502 279 3562; x_wconf 89' lang='lat' dir='ltr'><strong>tione</strong></span> <span class='ocrx_word' id='word_1_258' title='bbox 303 3500 451 3583; x_wconf 87' lang='lat' dir='ltr'><strong>suppositi</strong></span> <span class='ocrx_word' id='word_1_259' title='bbox 474 3499 557 3584; x_wconf 90' lang='lat' dir='ltr'><strong>quod</strong></span> <span class='ocrx_word' id='word_1_260' title='bbox 580 3514 626 3564; x_wconf 88' lang='lat' dir='ltr'><strong>est</strong></span> <span class='ocrx_word' id='word_1_261' title='bbox 643 3501 765 3588; x_wconf 88' lang='lat' dir='ltr'><strong>aliquid</strong></span> <span class='ocrx_word' id='word_1_262' title='bbox 792 3502 981 3589; x_wconf 88' lang='lat' dir='ltr'><strong>completum</strong></span> <span class='ocrx_word' id='word_1_263' title='bbox 1005 3501 1124 3586; x_wconf 87' lang='lat' dir='ltr'><strong>inspe-</strong></span> 
     </span>
    </p>
   </div>
   <div class='ocr_carea' id='block_1_2' title="bbox 0 0 1250 3975">
    <p class='ocr_par' dir='ltr' id='par_1_6' title="bbox 0 0 1250 3975">
     <span class='ocr_line' id='line_1_39' title="bbox 0 0 1250 3975; baseline 0 0"><span class='ocrx_word' id='word_1_264' title='bbox 0 0 1250 3975; x_wconf 95' lang='lat' dir='ltr'><strong> </strong></span> 
     </span>
    </p>
   </div>
  </div>
 </body>
</html>
