2484 3975
409 273 465 322 uta.
500 275 538 320 rs.
561 275 626 320 car.
649 274 725 322 xxm.
952 255 1016 320 tte

100 367 180 436 quae
202 344 302 412 solum
326 344 445 410 ratione
479 345 624 410 differunt
646 343 685 409 de
706 363 741 408 se
762 344 893 408 invicem
929 364 1019 429 prae·

100 437 250 512 dicantur,
275 454 381 498 verum
405 434 488 499 enim
526 445 573 498 est
606 433 710 497 dicere
732 432 816 518 quud
839 432 941 497 divina
963 453 1020 499 vu·

98 525 200 591 luntas
222 537 269 589 est
291 521 462 587 tutettenus
493 521 570 606 ejus,
605 534 676 585 ete
709 541 870 586 converso.
904 519 1019 586 Verum

98 634 174 700 ergo
197 612 254 678 erit
275 611 378 676 dicere
413 609 497 696 quod
522 610 655 697 Spiritus
688 613 821 677 Sanctus
843 621 889 674 est
912 610 1019 685 Filius,

98 716 130 768 et
152 722 170 768 e
193 719 353 777 curaversm
376 700 459 784 quud
482 711 527 764 est
550 697 737 764 sabellianae
759 697 935 784 impictatis.
951 699 1021 764 Non

99 791 193 875 igitur
215 788 336 865 sufficit,
359 788 397 851 ad
432 787 658 852 distinctionem
694 788 827 874 Spiritus
862 788 967 854 Sancti
990 801 1022 853 et

102 880 181 958 Fiiii,
204 878 306 943 dicere
329 875 412 963 quod
439 878 531 942 Filius
556 875 701 963 procedat
724 897 780 962 per
813 876 941 941 modum
976 877 1022 941 irt-

102 969 241 1034 tcllcctus
264 979 294 1030 et
317 964 447 1052 Spiritus
470 970 601 1034 Sanctus
625 984 681 1051 per
704 965 1023 1044 modumroiuntatis,

101 1058 160 1122 nisi
183 1076 254 1122 cunt
284 1055 343 1120 hcc
365 1053 482 1120 dicatur
509 1054 601 1119 ctiam
625 1053 710 1139 quod
733 1054 866 1142 Spiritus
889 1057 1022 1122 Sanctus

104 1147 142 1211 sit
165 1165 182 1209 a
209 1144 294 1209 Filio.

171 1233 343 1309 Praeterea,
365 1231 407 1296 Ex
430 1231 489 1296 hoc
513 1231 579 1318 ipso
601 1230 686 1318 quod
710 1231 821 1297 dicitur
842 1230 926 1317 quod
951 1231 1023 1317 Spi-

105 1322 181 1387 ritus
214 1321 342 1386 Sanctus
377 1320 514 1406 procedit
547 1340 603 1405 per
625 1320 755 1385 modum
789 1319 957 1384 uoluntatis
990 1333 1023 1384 et

104 1410 197 1476 Filius
220 1431 275 1496 per
298 1408 435 1474 modum.
450 1408 633 1485 intellectus,
655 1410 794 1494 sequitur
815 1408 898 1494 quod
922 1409 1023 1495 Spiri-

104 1511 153 1564 tus
175 1499 304 1564 Sanctus
327 1500 365 1562 sit
387 1519 404 1562 a
427 1498 515 1575 Fili03
538 1518 610 1561 nam
623 1518 711 1564 amor
729 1497 1023 1582 proceditaVerbo,

102 1607 140 1652 co
164 1588 245 1673 quod
270 1587 346 1652 nihil
372 1607 477 1651 amare
510 1606 686 1674 possumus,
708 1587 767 1651 nisi
802 1586 897 1652 verbo
919 1585 1023 1651 cordis

103 1676 180 1741 iliud
202 1676 422 1760 concipiamus.

170 1766 257 1842 item,
279 1765 310 1828 Si
336 1764 404 1850 quis
428 1763 562 1828 diuersas
579 1764 698 1849 specics
711 1782 816 1828 rerum
839 1762 1024 1840 consideret,

103 1853 136 1919 in
159 1856 202 1918 eis
226 1854 350 1940 quidam
375 1851 452 1917 ordo
475 1852 657 1926 ostenditur,
684 1867 775 1938 prout
798 1851 929 1916 virentia
952 1865 1024 1918 sunt

104 1963 197 2030 supra
221 1963 282 2007 non
306 1941 447 2020 viventia,
469 1954 499 2007 et
533 1941 677 2007 animalia
711 1961 805 2029 supra
839 1939 969 2027 plantas,
993 1955 1024 2008 ct

18 2034 19 2043 ’
106 2032 202 2097 homo
225 2052 317 2117 super
339 2031 397 2096 alia
433 2032 586 2111 animalia,
609 2050 681 2095 eum
705 2030 737 2094 in
759 2030 889 2113 singuiis
911 2031 1026 2097 horum

107 2121 218 2187 diversi
242 2121 354 2205 gradus
378 2121 570 2184 inveniantur
601 2118 772 2183 sectandum
797 2118 934 2185 diversas
957 2140 1027 2208 spc-

106 2211 179 2283 cies;
212 2210 294 2275 unde
317 2223 347 2273 et
370 2209 455 2275 Plato
479 2210 596 2294 species
631 2228 734 2273 rerum
758 2208 833 2273 dixit
866 2228 934 2274 esse
967 2230 1027 2276 uu-

107 2318 221 2374 merus,
252 2298 303 2382 qui
339 2301 439 2385 specie
474 2296 631 2363 variantur
666 2318 720 2384 per
754 2296 943 2362 additionem
977 2300 1026 2364 rei

105 2386 346 2452 subtractionem
384 2386 516 2451 unitatis.
540 2385 638 2464 Unde,
664 2388 695 2449 iu
718 2386 894 2451 substantiis
915 2387 1028 2452 imma·

108 2476 288 2553 teriaiibus,
322 2493 383 2539 non
419 2486 518 2561 potest
550 2494 617 2539 esse
641 2472 797 2539 distinctio
837 2474 893 2539 nisi
917 2495 1027 2541 seeun-

107 2564 183 2631 dum
208 2563 360 2629 ordinem.
384 2562 416 2627 ln
440 2562 551 2627 divinis
573 2576 676 2627 autem
699 2562 849 2648 personis,
864 2579 1029 2649 quaesunt

106 2654 235 2718 omnino
258 2652 487 2728 immateriales,
522 2670 583 2716 non
608 2662 708 2736 potest
737 2670 805 2716 esse
838 2651 916 2718 alius
949 2654 1027 2720 ordo

106 2742 166 2806 nisi
190 2738 327 2826 originis.
351 2740 418 2805 Non
441 2742 533 2824 igitur
556 2752 628 2805 sunt
650 2739 730 2804 duae
753 2760 903 2826 personae
915 2742 955 2809 ab
968 2764 1030 2811 una

107 2830 320 2916 procedentes,
342 2831 399 2893 nisi
424 2849 484 2894 una
508 2849 615 2894 earum
640 2828 786 2916 procedat
808 2829 848 2893 ab
870 2829 975 2897 altera:
999 2847 1031 2900 et

103 2919 151 2985 sic
173 2931 294 3004 oportet
317 2918 465 3004 Spiritum
489 2918 637 2983 Sanctum
661 2917 831 3004 procedere
853 2940 870 2985 a
893 2921 981 2987 Filio.

173 3007 290 3085 Adhuc,
315 3007 404 3072 Pater
429 3021 459 3071 et
497 3007 603 3085 Filius,
633 3020 782 3091 quantum
805 3007 843 3073 ad
879 3010 1028 3077 unitatem

103 3096 272 3173 essentiae,
288 3096 509 3161 condiderunt
525 3096 580 3160 nisi
598 3098 629 3160 itt
643 3099 702 3161 hoc
716 3096 800 3182 quod
817 3098 869 3162 hic
879 3111 927 3164 est
941 3112 1029 3185 pater

106 3197 137 3249 et
150 3184 199 3249 ate
214 3198 260 3249 est
272 3185 362 3250 iilius.
388 3183 544 3269 Quidquid
569 3185 661 3268 igitur
672 3199 794 3271 praeter
810 3185 870 3250 hoc
884 3203 932 3253 cst
945 3208 1032 3254 eom·

107 3292 203 3337 mune
226 3286 271 3357 est
288 3274 366 3337 Patri
380 3286 409 3337 et
432 3272 518 3337 Filio.
542 3273 614 3337 Esse
636 3288 739 3338 autem
757 3274 940 3360 principium
963 3277 1034 3366 Spi-

108 3362 184 3426 ritus
207 3360 309 3427 Sancti
333 3374 378 3427 est
401 3376 521 3449 praeter
537 3363 687 3427 rationem
706 3362 893 3448 paternitatis
907 3378 938 3430 ct
954 3366 1032 3433 fitia·

109 3450 209 3526 sionim
232 3472 303 3516 nam
326 3451 385 3515 alia
408 3450 514 3515 relatio
537 3464 583 3515 cst
605 3472 666 3538 qua
700 3451 791 3515 Pater
813 3466 860 3517 est
882 3468 969 3540 pater
1001 3470 1032 3523 ct

108 3556 169 3624 qua
192 3538 281 3606 Pater
303 3554 349 3605 est
371 3540 553 3628 principium
577 3539 709 3628 Spiritus
737 3539 850 3623 Sancti,
884 3557 1033 3634 utsupra
