2484 3975
199 221 266 288 att
512 242 568 290 tm.
593 243 633 290 tv.
657 244 720 290 aaa.
744 243 809 289 mx.

195 331 286 376 auram
310 312 499 379 consecravit
529 313 559 378 iu
591 331 701 380 caena.
741 311 829 378 Unde
865 311 1059 379 manifestum
1082 313 1122 378 lit

195 399 278 484 quod
303 400 481 467 Latinarum
505 401 639 468 Ecclesia
661 401 884 468 rationabiliter
914 421 993 489 pana
1009 420 1128 490 azymo.

196 490 290 555 utitur
312 490 344 555 iu
368 492 427 557 hoc
448 505 652 557 sacramento.

504 665 676 733 catut
718 665 807 732 LXX.

240 844 286 908 De
309 856 503 911 sacramento
532 845 747 928 poeaitentiam
770 854 801 908 ct
819 845 924 928 prima
951 843 1034 928 quod
1063 843 1117 908 ba·

284 934 391 1012 mima,
412 946 484 1018 part
505 934 642 1016 pralium
664 935 925 1000 sacramentalem
947 944 1120 1017 acceptam,

279 1041 410 1106 peccare
430 1034 568 1106 portant.

260 1198 410 1279 Quamvis
432 1213 617 1284 autemopcr
641 1196 794 1284 praedicta
831 1210 1023 1264 sacramenta
1058 1199 1117 1264 ha·

197 1286 334 1352 minibus
358 1288 456 1372 gratia
481 1287 669 1358 conletatur,
692 1307 754 1351 nun
778 1302 1129 1376 tamtnperacceptam-
1240 1287 1241 1302 ¹

197 1376 326 1460 gratiam
351 1375 567 1463 impeccabiles
583 1376 674 1441 liunt

263 1463 400 1531 Gratuita
423 1467 507 1530 euim
530 1465 612 1530 dana
637 1462 826 1550 recipiuntur
849 1463 878 1527 iu
914 1464 1016 1530 anima
1040 1465 1130 1530 staur

196 1552 367 1620 habitualrs
390 1551 615 1640 dispositionem
639 1572 700 1618 nun
724 1553 808 1616 euim
833 1553 927 1617 bomo
943 1554 1131 1620 secundum·

195 1661 231 1707 ea
254 1661 378 1731 semper
399 1644 471 1727 agit.
507 1642 588 1707 Nihil
627 1655 730 1706 autem
770 1641 913 1728 probibet
950 1663 1023 1708 eum
1063 1644 1116 1729 qui

197 1730 336 1796 habitum
360 1731 453 1797 babet
475 1749 568 1816 agere
590 1729 762 1796 secuudum
787 1729 924 1795 habitum
948 1732 1116 1797 telcuutra

195 1839 279 1897 eum;
301 1823 380 1886 sicut
402 1819 621 1906 grammaticus
645 1831 744 1904 petest
766 1818 937 1884 secundum
960 1839 1117 1904 gramma-

197 1907 287 1972 ticam
311 1909 511 1997 maleloqui,
535 1907 699 1973 ueletiam
735 1922 840 1972 contra
881 1909 1117 1994 grammaticam
1227 1985 1229 1993 Α

196 1996 279 2082 ioqui
302 1999 481 2083 incongrue.
506 1998 541 2063 Et
563 1999 604 2063 ita
628 2010 674 2061 est
697 1998 789 2062 etiam
813 1996 853 2062 de
876 1998 1031 2064 habitibus
1056 2000 1117 2065 uir·

195 2097 295 2149 tutum
320 2088 494 2163 moralium
519 2098 620 2173 petest
643 2085 727 2150 anim
751 2086 802 2170 qui
824 2086 959 2171 justitiae
975 2088 1118 2154 habitum

197 2174 290 2240 babet
312 2175 394 2261 justa
417 2194 520 2259 agere,
542 2189 573 2240 et
597 2174 810 2262 potestatium
833 2189 940 2242 cantra
968 2176 1119 2260 justitiam

197 2284 299 2347 egeam
320 2264 405 2350 quod
428 2262 499 2329 idea
521 2278 567 2329 eit
589 2264 661 2349 quia
684 2282 759 2328 usus
782 2263 943 2329 habituum
968 2266 998 2329 iu
1026 2265 1130 2331 nubis·

196 2370 233 2416 ex
257 2353 412 2418 voluutate
434 2367 492 2431 esu
515 2352 657 2419 voluutas
679 2363 782 2417 autem
806 2354 844 2417 ad
874 2367 1040 2439 utrumque
1062 2373 1119 2439 up·

197 2443 366 2527 positorum
389 2462 423 2507 se
453 2440 555 2508 habet.
593 2438 789 2505 Manifestum
828 2453 874 2506 est
906 2441 1000 2526 igitur
1032 2442 1130 2529 quod-

195 2531 366 2617 suacipiens
389 2532 519 2615 gratuita
543 2528 625 2595 duna
649 2548 777 2616 peccare
800 2543 900 2615 puteat
922 2544 1028 2597 contra
1047 2550 1120 2616 gra·

197 2621 270 2682 tiam
293 2620 425 2704 agenda.

261 2710 379 2786 Adbuc,
403 2705 644 2793 impeccabilitas
667 2705 698 2771 in
715 2706 840 2771 bomine
855 2726 998 2771 essenon
1017 2720 1121 2793 potest

195 2796 262 2861 siue
285 2798 530 2863 immutabilitate
553 2794 726 2860 veluntatis.
753 2795 988 2861 immutabilitas
1011 2808 1119 2861 autem

196 2885 359 2950 voluntatis
382 2904 444 2950 nan
468 2898 567 2973 petest
590 2883 709 2947 bantini
723 2897 909 2969 competere,
933 2885 991 2949 uisi
1005 2904 1120 2949 secun·

196 2972 270 3039 dum
295 2973 378 3060 quad
400 2974 520 3058 attingit
543 2972 685 3037 ultimum
714 2971 822 3049 finem
861 2992 897 3037 ex
936 2973 995 3039 huc
1034 2974 1121 3038 enim

197 3062 344 3127 rulumas‘
359 3062 558 3128 immutabilis
569 3061 708 3125 redditur
724 3061 807 3146 quad
824 3061 958 3126 totaliter
974 3060 1122 3147 impletur

195 3151 236 3215 ita
260 3151 343 3237 quud
366 3172 429 3215 auu
451 3151 630 3236 habetque
652 3149 784 3215 divertat
807 3151 846 3215 ab
869 3170 907 3215 aa
931 3152 961 3214 iu
986 3170 1048 3235 quo
1071 3162 1122 3215 est

196 3238 329 3317 firmata3
357 3240 496 3327 impletio
535 3252 638 3304 autem
674 3240 837 3305 voluntatis
873 3258 942 3303 nuu-
971 3238 1124 3323 competit

197 3330 315 3393 bamini
340 3330 395 3393 nisi
421 3342 453 3393 ut
476 3327 572 3392 tinem
595 3327 738 3413 ultimum
771 3329 941 3413 attingenti
969 3326 1122 3413 quamdiu

197 3420 281 3481 euim
305 3428 398 3480 restat
421 3416 536 3502 aliquid
559 3414 598 3479 ad
623 3414 872 3491 desiderandum,
896 3416 1035 3479 voluutas
1059 3414 1121 3478 im·

198 3509 279 3595 pieta
302 3524 364 3569 uon
388 3516 444 3574 est.
466 3504 517 3569 Sia
539 3504 633 3589 igitur
656 3504 774 3571 bantini
791 3503 1031 3592 impeccabilittrs
1055 3520 1132 3576 nun,
