2484 3975
211 200 277 266 500
590 219 763 268 oncscntnn

210 309 371 376 gnoscere.
401 288 451 356 Sic
473 289 557 356 enim
581 292 722 356 ridemus
745 293 776 356 in
799 287 888 354 nobis
910 284 993 374 quod
1017 285 1145 353 intelle-

209 393 276 444 ctus
298 393 345 444 est
367 378 566 464 intelligentis
603 381 752 466 perfectio
790 389 821 442 et
852 391 948 452 actns;
983 397 1039 462 per
1077 380 1141 443 boe

209 469 294 534 enim
322 469 492 534 intellectus
526 468 560 533 fia
593 485 663 535 actu
695 468 878 552 intelligens.
911 465 991 530 Nihil
1028 483 1138 531 antcnr
1227 551 1228 554 Ἴ

212 555 295 623 aliud
329 557 394 622 Deo
417 570 463 621 cat
486 557 631 633 nobilius,
657 557 740 644 quod
765 557 859 644 possit
881 575 948 620 esse
972 555 1039 641 ejus
1063 575 1139 640 pcr-

214 643 315 710 iectio
340 644 427 710 Unde
439 664 476 711 ex
498 650 680 712 necessitate
693 646 839 733 consequi
853 644 1040 710 arbitrantur
1054 645 1143 732 quod

214 733 389 798 nibilaliud
411 735 450 799 sit
473 755 490 800 a
512 735 580 800 Deo
603 735 792 802 intellectum
817 734 873 800 uisi
897 732 963 818 ejus
985 753 1063 798 essa.

278 821 427 912 Amplius,
451 823 490 888 Ea
514 844 595 910 quae
626 846 663 890 ea
687 823 815 909 alicujus
850 823 1042 909 providentia
1064 843 1140 907 pro-

214 911 327 976 cedunt
357 911 490 978 casualia
513 934 581 979 csse
604 934 667 978 non
692 927 830 1001 possunt.
862 911 893 976 Si
917 912 1008 995 igitur
1031 911 1140 978 omnia

213 1020 295 1087 qnae
318 1002 348 1065 in
373 1001 432 1066 boc
456 1001 573 1066 mundo
596 1002 740 1069 accidunt
762 1023 799 1067 ert
823 999 925 1066 divina
941 999 1139 1086 providentia

215 1090 397 1176 procedunt,
419 1090 495 1154 nibil
520 1091 551 1155 in
574 1092 667 1156 rebus
690 1094 747 1158 erit
772 1091 930 1156 fortuitum
955 1105 985 1154 et
1000 1091 1139 1155 casuale.

282 1176 368 1254 irent,
393 1179 524 1243 Utuntur
547 1181 666 1245 ratione
689 1179 857 1246 Aristotelis
879 1178 1076 1265 (Mclnplrys.‚
1102 1179 1139 1263 6)

216 1266 373 1351 probantis
395 1268 490 1353 quod,
511 1269 538 1332 si
560 1289 686 1334 omnem
700 1269 842 1336 ellectum
857 1268 1140 1355 ponamuslaabere

216 1375 340 1420 cansam
376 1376 431 1442 per
464 1376 509 1434 ae,
542 1372 573 1422 ot
603 1358 700 1444 quod,
732 1359 868 1444 qualibet
901 1377 992 1421 seusa
1025 1357 1141 1442 posita,

216 1463 342 1508 neccsse
364 1446 403 1524 sit
425 1443 568 1511 ellectum
602 1448 690 1532 porri,
710 1462 892 1533 sequeretur
923 1444 1008 1532 quod
1030 1447 1140 1510 anania

217 1531 318 1596 lutura
341 1552 380 1598 ex
402 1535 582 1599 necessitas
614 1537 839 1622 contingeretur
861 1535 930 1621 q'uia
956 1535 1014 1598 erit
1048 1534 1142 1600 indu-

216 1639 287 1686 cere
310 1621 480 1707 quemlibet
502 1624 644 1690 ellectum
662 1625 799 1690 loturum
814 1630 844 1690 io
860 1624 993 1709 aliquam
1009 1642 1140 1710 praeoe-

217 1708 343 1775 dcntem
366 1730 503 1790 causam,
526 1727 555 1777 et
576 1713 659 1778 illam
684 1715 715 1779 in
738 1714 841 1792 aliam,
865 1726 894 1777 et
911 1711 954 1776 sio
970 1713 1042 1776 inde
1058 1731 1140 1797 quo-

217 1819 315 1885 usque
338 1801 476 1864 tertiatur
512 1800 551 1866 nd
574 1823 700 1868 causam
730 1822 809 1889 quae
830 1801 894 1886 jarn
917 1813 963 1866 cst
987 1797 1033 1864 rel
1057 1820 1142 1886 qnae

216 1885 282 1952 luit.
307 1887 389 1954 llaec
412 1901 515 1958 autem
547 1888 612 1975 jaro
637 1893 735 1978 posita
768 1905 825 1970 cst,
848 1910 885 1955 cr
907 1909 968 1976 qno
991 1892 1022 1954 in
1047 1910 1141 1974 prae·

215 1977 294 2041 scoti
319 1975 366 2043 tel
389 1977 420 2042 in
454 1981 618 2065 praeterito
642 1980 706 2047 init.
732 1980 763 2045 si
787 1983 889 2066 igitur,
912 1979 1008 2067 posita
1031 1999 1139 2056 causa,

215 2084 342 2133 necesse
363 2081 409 2131 est
436 2067 579 2135 effectum
618 2072 702 2154 poni,
740 2090 778 2135 ex
813 2072 991 2135 necessitate
1024 2088 1138 2133 couse-

213 2169 350 2239 quuntnr
372 2176 481 2221 omncs
503 2156 595 2223 loturi
618 2158 755 2224 effectus.
782 2158 856 2231 Sed.
877 2158 903 2223 si
927 2158 1030 2221 omnia
1054 2178 1139 2244 quae

213 2244 386 2309 inmundo
419 2258 491 2310 aunt
524 2247 736 2334 providentiae
770 2247 957 2325 subduntur,
991 2250 1137 2312 ornuiutn

211 2342 302 2399 musa
326 2354 388 2397 nun
419 2333 520 2399 solutu
558 2350 604 2400 est
642 2356 788 2422 praesens
811 2337 857 2402 tel
881 2338 1054 2422 praeterita,
1078 2337 1137 2401 scd

107 2448 113 2467 ι
212 2421 255 2485 ab
273 2435 401 2487 aeterno
423 2426 597 2508 praecessit
614 2423 681 2490 Non
698 2438 744 2489 est
759 2438 863 2491 antem
879 2423 1025 2511 possibile
1047 2425 1138 2511 quin,

212 2530 248 2573 ea
271 2513 382 2595 posita,
404 2510 529 2577 ollactus
562 2526 741 2599 aequamen
775 2534 837 2579 non
876 2518 959 2577 enim
997 2528 1140 2579 cassatur

213 2597 316 2663 divina
343 2599 533 2686 providentia
568 2621 670 2687 oeque
709 2621 764 2689 per
786 2603 991 2689 ignorantiam
1030 2622 1137 2688 neque

215 2707 272 2773 per
293 2688 506 2773 impotentiam
529 2691 728 2776 provinensis,
751 2692 782 2756 in
807 2710 900 2777 quero
924 2690 1028 2755 nullus
1052 2694 1138 2757 cadit

216 2773 362 2842 delectus.
385 2776 573 2863 Sequerctur
609 2778 702 2864 igitur
739 2783 843 2846 omnia
877 2800 915 2845 ex
953 2782 1139 2847 necessitato

218 2865 396 2951 procedere.

277 2953 395 3033 Adbuc,
418 2952 442 3017 si
467 2954 551 3021 licus
572 2969 619 3022 est
641 2958 742 3044 ipsunt
766 2956 894 3036 bonum,
910 2970 1033 3044 oportet
1048 2960 1136 3044 quod

210 3041 288 3107 ordo
311 3042 521 3128 providentiae
558 3044 625 3131 ejus
661 3045 833 3112 secundum
868 3049 1018 3111 rationem
1060 3050 1136 3113 boui

210 3132 382 3215 praecedat.
398 3133 457 3196 dut
469 3133 562 3217 igitur
585 3132 725 3201 inefficax
749 3150 795 3201 est
811 3134 914 3199 divina
931 3136 1139 3222 providentia,

209 3232 262 3284 aut
283 3219 496 3287 universaliter
517 3221 635 3289 malunt
658 3243 676 3287 a
699 3222 793 3290 rebus
816 3224 961 3289 excindit.
984 3224 1138 3292 Videmus

208 3321 313 3373 autem
329 3309 360 3374 in
373 3308 580 3392 singularibus
596 3311 821 3396 generabilium
837 3326 867 3377 et
883 3314 1136 3401 corruptibilium

207 3394 304 3461 multa
328 3396 410 3463 mala
432 3399 664 3484 confingerent
679 3402 845 3489 praecipue
869 3402 949 3465 inter
975 3400 1136 3484 homines,

209 3483 240 3545 in
263 3483 387 3569 quibus,
407 3498 532 3571 praeter
560 3488 713 3556 naturalia
734 3490 925 3579 ⁸molaquue
946 3504 1018 3558 sunt
1043 3510 1137 3561 natu·
