2484 3975
201 176 266 243 371
566 192 756 237 orsmnmrto

201 264 358 353 captiones
382 262 412 327 iu
437 262 551 340 anima,
575 276 608 326 ut
622 262 705 327 hisce
729 260 828 327 modis
846 260 987 325 veritates
1004 259 1122 325 innote-

202 367 289 420 scant
304 350 492 429 hominibus,
504 372 580 437 quas
593 351 665 436 ipsis
679 349 873 415 manifestare
887 350 952 415 Deo
965 348 1122 435 placuerit.

258 441 341 507 llaec
365 461 437 505 vero
454 441 591 526 supremi
609 440 750 504 Numinis
765 440 936 505 bonitatem
953 452 983 503 et
1001 441 1121 524 sapien·
1229 452 1230 481 t

203 533 277 597 tiam
301 530 435 595 maxime
447 529 536 593 decet
551 528 698 593 revelatio
711 528 923 614 plurimasque
947 527 1125 591 hominibus

203 621 347 686 utilitates
373 618 469 683 alieri.
492 618 671 704 Aptissimas
695 616 872 702 hujusmodi
897 617 1062 681 utilitatum
1090 636 1125 680 ae

204 709 363 776 decentiae
385 707 520 771 rationes
544 704 741 771 accumulant
764 710 816 792 qui
851 705 973 771 divinae
1007 705 1125 769 revela-

204 797 296 861 tionis
330 817 366 861 ac
400 795 576 878 Religiones
609 794 762 859 revelatae
800 794 946 861 vindicias
983 808 1124 878 egerunt.

205 887 276 953 illas
310 904 419 949 omnes
453 882 641 969 compendio
678 882 820 949 collectas
858 884 974 969 prol‘ert
990 884 1126 967 Aquinas

205 975 247 1062 (c.
272 972 318 1060 5).
331 973 473 1057 Adsorgit
489 974 571 1036 enirn
584 972 771 1039 desiderium
790 973 925 1039 hominis
942 1001 956 1029 «
980 971 1019 1035 ad
1035 970 1126 1037 altius

206 1066 324 1129 bonum
348 1082 440 1147 quarn
464 1061 596 1147 experiri
619 1062 650 1125 in
676 1063 827 1146 praesenti
852 1063 910 1125 vita
940 1060 1038 1147 possit.
1070 1061 1127 1125 hu-

206 1173 297 1217 mana
322 1149 468 1234 fragilitas
490 1177 556 1227 »...,
578 1150 782 1235 hominesque
806 1148 1127 1215 «asensibiliumde-
1229 1152 1230 1173 ¹

207 1242 419 1305 lectationiltus
434 1266 449 1297 ι
479 1258 516 1303 eo
541 1237 670 1303 validius
701 1240 769 1303 «ad
794 1240 987 1305 honestatem
1015 1238 1126 1324 perdu-

207 1344 329 1406 cuntur,
352 1328 436 1414 quod
460 1347 527 1391 esse
550 1326 609 1391 atta
635 1327 715 1393 bona
739 1329 786 1395 his
798 1329 1126 1413 sensibilibuspotiora
1229 1318 1230 1375 ἐ

207 1422 359 1494 noverint3
384 1437 517 1502 quorum
541 1431 632 1500 gustu
657 1417 755 1481 multo
781 1419 903 1483 suavius
929 1417 982 1502 qui
1020 1430 1128 1481 vacant

208 1508 312 1571 activis
336 1504 383 1570 rel
406 1506 650 1591 contemplativis
674 1505 845 1583 virtutibus,
879 1506 1127 1571 delectantur».

209 1596 275 1660 imo
298 1596 390 1659 etiatn
422 1621 436 1652 ι
459 1597 559 1658 verior
583 1593 639 1657 [lei
663 1595 798 1679 cognitio
820 1621 835 1651 »
864 1596 1005 1671 haustum
1026 1608 1127 1659 «tunc

208 1686 292 1749 enim
314 1684 415 1748 solum
439 1703 511 1747 vere
527 1683 628 1747 Deum
641 1684 867 1769 cognoscimus,
882 1684 1007 1771 quando
1024 1684 1125 1769 ipsum

207 1794 277 1839 esse
299 1773 455 1837 oredimus
477 1792 570 1857 supra
593 1792 688 1836 omne
711 1772 741 1837 id
765 1774 847 1857 quod
862 1772 900 1837 de
915 1773 983 1837 Deo
995 1772 1123 1856 cogitari

208 1861 248 1927 ab
260 1862 386 1927 homine
399 1861 639 1946 possibilem»,
652 1881 722 1925 curn
739 1882 812 1925 sane
832 1889 846 1919 ι
876 1861 1047 1925 naturalem
1071 1862 1125 1925 lto

207 1952 299 2016 ruinis
311 1950 518 2035 cognitionem
532 1949 642 2015 Divina
658 1949 827 2016 substantia
844 1950 971 2016 excedat
993 1978 1024 2014 ι.
1048 1948 1125 2014 Hinc
1228 1980 1229 1992 ¹

214 2069 229 2098 ι
239 2039 417 2105 firmaturin
431 2039 558 2104 homine
569 2040 712 2124 opinio»,
724 2059 806 2126 quae
816 2041 951 2104 divinam
964 2037 1070 2104 deceat
1079 2040 1125 2102 iu·

205 2129 323 2196 linitam
336 2126 557 2192 excellentiam.
571 2128 695 2193 Accedit
713 2157 727 2186 «
739 2128 996 2215 praesumptionis
1008 2147 1128 2212 repres-

206 2218 263 2293 sio,
274 2231 407 2304 quaeest
418 2216 1126 2302 matererrorisSuntenimquidamtantumde

205 2328 262 2371 suo
286 2307 409 2392 ingenio
432 2319 666 2391 praesumentes
679 2319 711 2370 ut
724 2319 818 2372 totam
830 2319 973 2370 naturam
990 2305 1124 2370 divinam

209 2415 244 2461 se
265 2409 407 2482 reputent
430 2415 487 2458 suo
510 2393 667 2460 intellectu
690 2414 780 2482 posse
804 2395 914 2471 metiri,
931 2396 1128 2458 aestimantes

206 2483 322 2549 seilicet
344 2496 525 2548 totumesse
547 2503 655 2548 rerum
679 2485 762 2568 quod
787 2485 830 2546 eis
855 2482 985 2561 videtur,
1009 2496 1039 2546 et
1072 2481 1125 2546 lai

207 2593 276 2637 sum
301 2572 451 2658 quodeis
474 2592 537 2635 nou
561 2571 689 2636 videtur.
719 2571 754 2635 Ut
777 2591 852 2655 ergo
875 2571 914 2636 ab
947 2573 1004 2635 hac
1039 2590 1124 2656 prae·

208 2665 383 2748 sumptione
406 2661 562 2725 humanus
585 2661 707 2724 animus
730 2661 876 2725 liberatus
899 2659 937 2724 ad
954 2659 1125 2724 modestam

208 2751 345 2830 raritatis
373 2749 601 2835 inquisitionem
625 2750 783 2834 perveniat
805 2749 1011 2814 necessarium
1036 2776 1051 2806 »
1080 2749 1126 2812 vel
1227 2789 1228 2802 t

210 2841 398 2904 conveniens
421 2852 452 2902 et
475 2836 548 2902 utile
578 2838 671 2902 «luit
695 2838 811 2904 homini
829 2839 959 2925 proponi
975 2837 1126 2924 quaedam

210 2927 366 3006 divinitus,
377 2947 456 3014 quae
469 2927 595 2992 omuino
608 2925 797 2992 intellectum
811 2928 877 3012 ejus
900 2929 1094 2992 excederent.
1106 2952 1121 2982 »

209 3015 320 3098 Quid?
354 3016 445 3098 Quod
489 3043 503 3074 ι
540 3034 646 3080 rerum
684 3016 943 3082 nobilissimarum
982 3017 1126 3100 cognitio,

208 3120 494 3191 quantumcumque
516 3102 707 3189 impulsata,
721 3107 888 3171 maximam
905 3105 1124 3191 perlectionem

206 3195 329 3259 animae
352 3192 471 3259 conlert
493 3220 525 3258 ».
550 3192 648 3270 Unde,
680 3196 854 3279 «quamvis
878 3215 913 3258 aa
938 3213 1018 3280 quae
1032 3213 1125 3279 supra

204 3283 356 3349 rationem
380 3293 452 3348 aunt
473 3281 551 3348 ratio
574 3281 711 3346 humana
735 3282 825 3369 plene
848 3301 959 3368 capere
979 3302 1041 3346 non
1055 3301 1125 3368 pos·

203 3371 253 3447 sit,
275 3385 379 3436 tamen
403 3371 536 3435 multum
566 3369 624 3435 sibi
648 3369 857 3457 ‚perfectionis
892 3373 1060 3458 acquiritur
1098 3371 1124 3434 sl

204 3457 312 3523 saltem
337 3478 373 3524 ea
397 3457 662 3545 qualitercumque
685 3473 787 3526 teneat
810 3459 870 3528 lide
892 3485 923 3525 ι.
