2484 3975
213 223 280 288 utu
536 242 592 288 tro.
616 244 654 288 rr.
680 243 743 288 cta.
767 244 815 288 ur.

213 325 358 378 naturam
382 309 507 398 speciei.
542 311 634 392 Quod
659 313 741 377 enim
766 333 804 378 er
828 311 948 378 delectu
972 309 1066 397 liujus
1091 333 1151 377 na·

216 400 324 466 turalis
349 400 489 486 principii
514 402 654 486 provenit
682 401 790 466 accidit
823 416 856 466 ut
880 403 910 468 in
934 401 1150 488 paucioribus,

212 490 268 556 sed
292 488 431 554 delectus
454 489 612 573 originalis
636 492 750 575 peceati
779 493 917 577 provenit
951 510 988 555 ex
1019 489 1148 555 delectu

213 578 354 666 principii
378 577 567 664 superadditi
591 579 742 665 prineipio
766 579 889 666 speeiei,
907 594 938 644 ut
954 579 1072 643 dietum
1088 593 1148 644 est.

278 667 446 732 Sciendum
471 680 520 752 est
541 667 636 730 etiam
661 668 744 754 quod
775 669 805 731 iu
840 683 909 732 aotu
944 668 1148 752 generativae

213 757 417 821 virtutisuon
441 768 631 840 potestesse
655 757 762 821 uitium
794 757 834 821 de
868 777 983 841 genere
1015 756 1148 822 actualis

213 847 341 933 peccati,
365 844 448 930 quod
483 863 520 907 ex
549 843 705 908 vuuatue
728 845 892 930 singularis
917 865 1068 932 personae
1091 846 1148 910 de-

214 934 341 1021 pendet,
364 953 402 996 eo
425 931 509 1018 quod
533 947 619 996 uetus
643 937 837 1017 generatirae
854 935 971 999 virtutis
987 955 1051 998 non
1068 933 1146 998 obe-

215 1026 268 1087 dit.
284 1022 394 1086 rationi
418 1021 464 1085 vel
501 1019 661 1098 uoluntati,
688 1034 719 1086 ut
742 1036 847 1088 ootara
882 1025 960 1087 ratio
996 1022 1147 1108 proaede-

214 1112 279 1178 hat:
301 1111 356 1176 sed
379 1112 486 1174 vitium
510 1110 667 1193 originalis
689 1110 808 1197 eulpae,
832 1131 912 1196 quae
935 1111 972 1175 ud
998 1126 1144 1177 naturam

216 1201 360 1287 pertinet,
383 1199 460 1263 niltil
483 1199 626 1284 prohibet
639 1201 670 1264 in
688 1214 757 1264 actu
774 1200 969 1284 generativae
986 1200 1145 1285 potentiae

217 1290 359 1361 inveniri,
383 1309 453 1351 irum
478 1300 508 1351 et
530 1302 616 1352 aetus
640 1289 835 1374 generatirae
865 1293 1020 1374 potentiae
1055 1302 1146 1353 natu-

218 1377 300 1442 rales
328 1378 478 1440 dieantur.
943 1428 952 1448 ,

283 1466 375 1548 Quod
399 1485 472 1528 vero
495 1485 578 1529 nono
610 1464 754 1550 objicitur
778 1465 817 1529 de
840 1464 920 1530 laeili
944 1463 1019 1530 solvi
1043 1478 1149 1550 potest

218 1555 389 1620 seeundum
426 1555 626 1639 praemissa.
665 1554 725 1618 Per
759 1568 917 1640 peceatum
957 1555 1040 1618 euim
1081 1573 1148 1618 non

195 1643 334 1724 ,tollitur
357 1643 474 1708 homiui
510 1642 627 1706 bonum
663 1657 791 1708 naturae
828 1642 911 1729 quod
935 1643 973 1706 ad
1008 1643 1148 1728 speeiem

218 1747 346 1798 naturae
369 1733 511 1818 pertiuet;
534 1733 587 1796 sed
613 1732 730 1796 bonurn
755 1747 882 1796 naturae
905 1731 988 1816 quod
1003 1752 1058 1816 per
1075 1751 1149 1815 gra·

219 1823 292 1887 tiam
319 1820 551 1908 superadditum
576 1820 631 1884 luit
654 1827 751 1906 potuit
774 1841 829 1906 per
868 1833 1027 1904 peecatum
1051 1822 1148 1906 primi

221 1913 357 1999 parentis
381 1910 505 1983 aulerri,
529 1922 676 1996 utsupra
701 1909 884 1974 dictumest.

285 2000 372 2065 Patet
394 2000 487 2064 etiam
511 2018 548 2063 ex
578 1999 696 2062 eisdem
720 1999 759 2063 de
783 1998 863 2063 laoili
887 1995 999 2061 solutio
1024 1996 1063 2062 ad
1092 1996 1150 2063 de·

218 2088 330 2153 cimam
354 2089 517 2164 rationem,
539 2087 623 2171 quia,
647 2107 719 2153 oum
744 2088 873 2175 privatio
885 2101 915 2150 et
932 2085 1068 2151 delectus
1086 2086 1150 2152 sibi

219 2178 349 2243 invicem
384 2176 658 2261 correspondeunt,
680 2196 715 2239 ea
740 2176 910 2241 rationein
935 2190 1059 2260 peooato
1084 2178 1151 2240 ori·

218 2267 312 2351 ginali
330 2268 383 2331 lilii
407 2264 586 2351 parentibus
608 2265 795 2341 similantur,
818 2284 877 2349 quu
894 2264 987 2328 etiam
1015 2262 1150 2343 donum,

219 2376 236 2419 a
260 2355 409 2441 principio
433 2367 560 2417 natutae
586 2354 777 2439 praestitum,
801 2350 907 2417 suisset
931 2352 1150 2438 aparentibus

218 2444 250 2508 in
274 2458 412 2529 posteros
439 2456 654 2527 propagatum3
689 2442 772 2528 quia,
812 2441 882 2506 licet
915 2441 954 2505 ad
992 2441 1150 2507 rationem

217 2534 329 2618 speciei
355 2553 416 2596 non
446 2532 623 2617 pertineret,
656 2544 759 2595 tamen
784 2550 821 2595 ex
845 2531 946 2594 diviua
971 2531 1067 2613 gratia
1094 2530 1150 2594 da-

221 2634 287 2685 tum
312 2621 368 2685 luit
391 2621 492 2707 primo
515 2619 634 2685 homini
659 2632 692 2683 ut
714 2619 753 2683 ab
776 2638 815 2683 eo
838 2619 869 2683 in
893 2631 988 2683 totam
1011 2620 1151 2705 speeiem

221 2709 436 2780 derivandum:
459 2708 598 2774 similiter
623 2721 781 2795 peecatum
806 2727 861 2793 per
883 2708 967 2793 quod
988 2706 1066 2771 illud
1092 2707 1151 2773 bo·
1225 2716 1226 2787 l

220 2818 295 2863 num
319 2802 456 2885 privatur
479 2798 531 2883 (l)
554 2798 585 2861 in
610 2809 706 2860 totam
729 2796 864 2882 speeiem
889 2795 1055 2861 derivatur.
1151 2836 1153 2841 ·
1225 2798 1226 2805 ’

286 2886 553 2952 Considerandum
577 2898 623 2949 est
647 2884 740 2949 etiam
767 2883 861 2971 quod.
879 2885 949 2949 lieet
965 2884 1152 2971 aliquis-per

222 2976 338 3059 gratiae
361 2989 553 3041 sacramento
576 2976 619 3039 sio
643 2974 683 3037 ab
718 2973 859 3059 originali
895 2988 1020 3059 peceato
1058 2992 1153 3037 mun-

222 3065 312 3129 detur
335 3078 368 3128 ut
390 3066 418 3129 ei
441 3084 505 3129 non
537 3065 706 3149 imputetur
742 3063 782 3128 ad
819 3062 953 3147 culpam,
989 3061 1071 3147 quod
1102 3075 1154 3127 est

222 3154 425 3240 personaliter
448 3154 549 3239 ipsum
573 3173 590 3216 a
614 3165 739 3238 peceato
763 3150 903 3236 originali
924 3150 1062 3229 liberari,
1082 3168 1153 3215 non
1225 3224 1226 3227 Ἴ

222 3259 327 3308 tamen
350 3242 482 3307 totaliter
505 3256 641 3317 sanatum
669 3251 701 3305 et
734 3240 805 3306 ideo
843 3239 1015 3305 seeundum
1046 3252 1154 3305 aetum

223 3346 351 3395 naturae
374 3343 533 3417 peecatum
566 3328 715 3412 originale
748 3330 962 3393 transmittitur
987 3330 1017 3392 in
1049 3340 1155 3414 poste-

223 3438 285 3483 ros.
310 3419 361 3482 Sie
383 3420 485 3502 igitur,
508 3420 538 3481 in
564 3418 691 3482 homine
708 3430 888 3501 generante,
903 3416 1086 3503 inquantum
1105 3428 1155 3482 est

278 3523 316 3591 (l)
335 3522 471 3586 Privatur,
490 3522 509 3590 i.
525 3538 554 3575 οι
568 3521 698 3575 aufertur.
