2484 3975
429 247 485 293 rra.
509 244 548 291 rr.
577 245 640 292 cte.
665 247 723 290 cut.
972 227 1044 291 *rte

117 312 231 400 impiis,
252 315 305 401 qui
331 329 430 380 morte
453 330 523 381 sunt
547 315 643 398 digni.
669 315 883 379 llornoautem
905 313 1043 380 Christus

114 401 206 468 lesus
229 403 377 468 innocens
402 403 466 469 luit.
491 404 623 489 impium
649 404 739 487 igitur
765 402 871 469 luisset
894 404 928 483 sl,
954 425 1044 492 prae·

115 505 206 578 cepto
229 492 286 557 Dei
310 493 418 571 Patris,
442 506 574 558 mortem
597 492 750 558 subiisset.

182 580 214 644 Si
238 601 312 646 rero
351 582 460 666 aliquis
493 582 575 646 dicat
609 581 669 646 hoc
704 581 911 645 necessarium
946 580 1041 652 luisse
1134 619 1137 630 2

114 682 242 755 propter
266 671 471 736 humilitatem
490 669 774 746 demonstrandam,
790 670 868 734 sicut
881 670 1042 756 Apostolus

113 756 237 822 videtur
260 758 362 823 dicere
384 759 469 845 quod
492 758 670 823 harmiliaoit
706 767 913 840 semetipsum,
942 755 1044 843 foelus

112 845 260 911 obediens
284 869 379 931 usque
402 849 445 913 od
468 859 611 924 mortem,
634 846 776 933 Philipp,
799 848 830 926 2,
843 848 874 926 6,
890 869 945 914 nee
967 849 1044 914 haee

113 934 243 1021 quidem
266 937 343 1000 ratio
366 937 553 1002 conveniens
572 935 708 1000 uidetur:

190 1023 328 1090 Primum
352 1025 490 1110 quidem,
513 1025 583 1111 quia
609 1026 640 1088 in
663 1043 701 1088 eo
727 1025 974 1092 commendanda
997 1031 1043 1090 est

115 1110 276 1176 humilitas
298 1114 349 1198 qui
374 1113 467 1179 habet
490 1113 683 1200 superiorem
708 1115 755 1177 cui
791 1112 899 1198 subjici
936 1115 1042 1199 possin

117 1200 201 1284 quod
225 1201 265 1264 de
287 1201 353 1266 Deo
377 1202 435 1267 diei
460 1223 523 1284 non
548 1215 658 1287 potest.
694 1201 761 1266 Non
800 1202 892 1287 igitur
930 1223 1043 1268 conre-

117 1289 207 1352 niens
230 1288 285 1355 luit
308 1289 364 1354 Dei
389 1291 526 1357 Verbum
550 1289 707 1355 humiliari
721 1311 818 1375 usque
842 1290 880 1355 ad
899 1305 1040 1356 mortem.

185 1376 271 1450 item,
294 1378 373 1443 Satis
398 1380 540 1444 homines
571 1379 608 1443 ad
643 1379 847 1444 humilitatem
883 1379 1043 1445 inlormari

114 1478 258 1550 poterent
283 1469 384 1533 verbis
407 1469 518 1533 diuinis
544 1467 658 1554 quibus
681 1481 727 1532 est
750 1467 826 1532 hdes
860 1468 1042 1534 omnimoda

112 1554 301 1631 adhibenda,
324 1570 355 1621 et
378 1557 529 1641 exemplis
545 1557 698 1621 humanis.
728 1555 794 1620 Non
818 1556 910 1640 igitur
933 1558 971 1621 od
989 1557 1042 1622 de-

112 1645 351 1709 monstrandum
375 1645 745 1732 humilitatiseremplum
759 1647 966 1710 necessarium
986 1645 1042 1711 luit

113 1729 248 1796 Verbum
274 1732 330 1797 Dei
347 1748 399 1798 aut
421 1755 545 1799 caruem
569 1754 693 1798 sumere
710 1747 762 1798 aut
776 1747 907 1798 mortem
927 1735 1042 1800 subire.

179 1821 210 1884 Si
234 1822 304 1906 quis
327 1837 429 1887 etatem
454 1824 564 1888 iterum
589 1822 670 1886 dieat
700 1821 795 1907 quod,
823 1837 948 1908 propter
972 1843 1042 1908 pec-

111 1921 252 1973 catorum
277 1925 452 1976 nostrorum
477 1915 705 1997 purgationem,
736 1912 945 1976 necessarium
985 1911 1043 1977 luit

111 1996 270 2063 Christum
296 2014 426 2065 mortem
451 2001 556 2066 subire
579 2014 609 2064 et
631 2000 689 2064 alia
720 2020 800 2083 quae
818 2000 1041 2067 ridenturesse

111 2085 244 2171 abjecta,
268 2089 347 2152 sieut
370 2090 532 2169 Apostolus
555 2088 628 2153 dicit
652 2089 734 2173 quod
759 2090 887 2155 traditus
902 2104 948 2155 est
971 2110 1041 2175 pro-

113 2188 184 2261 pter
207 2176 323 2241 delicto
348 2190 467 2256 austra,
493 2178 591 2253 Rom,
607 2176 640 2252 l,
656 2177 709 2255 ud,
723 2191 752 2241 et
766 2178 888 2243 iterum:
909 2179 1042 2244 Oblatas

112 2275 162 2327 est
185 2265 229 2329 etl
253 2267 420 2330 multorum
444 2266 656 2332 exhauriendo
693 2278 831 2347 percolo,
869 2266 973 2346 llebr.,
992 2304 994 2309 ,
1011 2268 1042 2346 9,

32 2387 36 2391 -
112 2352 169 2427 28,
194 2374 251 2418 nee
274 2355 333 2418 hoe
369 2356 578 2421 videturesse
601 2357 800 2419 conveniens:

183 2441 288 2506 Primo
316 2444 454 2527 quidem,
489 2443 561 2528 quia
600 2463 655 2528 per
688 2443 785 2509 solam
820 2442 875 2507 Dei
911 2444 1042 2527 gratiam

116 2529 280 2594 hominum
306 2547 429 2615 peccata
462 2546 642 2617 purgantur.

24 2694 28 2697 .
183 2616 313 2695 Deinde,
335 2624 417 2703 quia,
441 2622 466 2685 si
490 2620 591 2704 aliqua
626 2616 791 2683 satislactio
815 2619 1041 2705 requirebatur,

112 2708 304 2771 conueniens
327 2706 384 2773 luit
422 2723 456 2771 ut
493 2707 545 2772 ille
582 2706 770 2772 satislaoeret
807 2709 859 2792 qui
894 2710 1042 2794 peccarit3

112 2794 200 2879 quia,
223 2795 253 2862 in
275 2796 358 2879 justo
383 2798 440 2863 Dei
460 2796 589 2881 judicio,
611 2797 824 2882 unusquisque
847 2817 927 2861 ortus
950 2820 1042 2865 suum

111 2882 207 2947 debet
231 2899 363 2969 portare.

184 2972 272 3050 ltem,
294 2973 326 3037 Si
350 2974 537 3039 conveniens
560 2971 617 3037 luit
642 2986 674 3039 ut
696 2972 806 3062 aliquis
822 2972 947 3040 homine
965 2997 1043 3062 puro

112 3058 215 3145 major
237 3062 286 3146 (l)
311 3083 366 3147 pro
390 3064 516 3126 homine
538 3061 739 3141 satisfaceret,
767 3060 921 3127 sufficiens
960 3065 1043 3131 ride-

113 3162 164 3212 tur
187 3147 281 3214 luisse
303 3152 328 3213 si
353 3151 497 3235 Angelus,
519 3169 613 3217 earne
652 3166 819 3238 assumpta,
860 3151 1042 3237 hujusmodi

111 3236 351 3303 satisfactionem
375 3240 541 3326 implesset,
581 3260 653 3305 oum
690 3241 827 3325 Angelus
864 3243 1044 3310 naturaliter

109 3325 150 3389 sit
171 3328 312 3411 superior
334 3327 471 3393 homine

167 3444 209 3515 (l)
226 3447 330 3517 Aliquis
357 3449 460 3502 lentae
483 3465 550 3519 puro
576 3451 672 3519 major,
705 3449 722 3501 i.
750 3463 772 3503 e.
802 3448 897 3519 aliquis
926 3452 1046 3521 superior

111 3515 243 3571 humanae
263 3525 384 3575 naturae.
