2484 3975
198 233 266 300 att·
572 253 742 298 ovusuutuu

194 328 295 410 ipsum
319 320 421 408 bipes?
443 320 546 403 Quare
575 341 710 407 namque
744 341 807 386 non
843 319 892 386 iila
916 321 982 406 ipsa
1020 321 1124 388 homo

194 426 249 491 est,
273 427 303 476 at
325 423 416 476 erunt
439 409 611 477 seeundum
635 410 899 498 participationem
912 409 1063 488 homines,
1086 425 1120 475 et

194 501 329 567 hominis
350 517 414 564 uon
437 499 537 576 unius,
560 498 615 564 sed
645 498 791 576 duorum,
823 497 940 564 toiiiret
975 499 1121 566 animalia

193 603 223 654 et
246 587 381 675 bipedis?
403 587 436 654 Et
460 588 591 653 totaliter
614 588 720 674 utique
742 608 806 652 noa
827 587 887 650 erit
900 586 996 651 bomo
1018 609 1117 654 unum

193 676 247 744 sed
272 678 372 763 plura,
394 676 507 741 animai
529 691 560 742 et
584 675 683 764 bipes.
707 675 813 740 Palam
837 677 940 760 daque
977 690 1024 741 ert
1044 680 1124 762 qnia.

193 766 237 832 rio
260 765 384 852 quidam
409 765 648 850 acceptantibus,
672 779 704 832 ut
739 777 966 830 oonaueverunt
987 761 1120 832 definire

193 868 222 920 et
246 855 360 932 diuere,
382 873 444 919 non
469 855 618 939 contingit
641 852 772 920 reddere
794 866 825 918 et
846 852 968 918 solvere
996 852 1119 919 dubita·

193 942 319 1010 tionem.
343 942 374 1008 Si
398 956 501 1008 autem
524 957 581 1016 est,
605 956 639 1008 ut
660 943 804 1019 diximus,
819 941 879 1007 hoo
901 941 1027 1027 quidem
1049 962 1118 1008 ma·

193 1033 281 1108 teria,
302 1030 378 1098 iliud
401 1051 474 1096 vero
509 1026 618 1108 forma,
651 1044 681 1098 et
714 1031 774 1098 boe
806 1029 933 1116 quidem
970 1032 1122 1118 potentia,

193 1119 269 1187 iilud
292 1140 366 1186 vero
388 1131 553 1197 aotu,‘nou
576 1120 679 1186 adhue
699 1119 850 1187 dubitatio
872 1117 1025 1184 videbitur
1045 1139 1121 1186 tasse⁴

194 1207 277 1296 quod
300 1209 459 1294 quaeritur
481 1235 511 1274 a.

260 1297 333 1373 Sed,
356 1297 381 1363 si
406 1310 439 1362 tu
461 1296 544 1364 dieas
567 1296 652 1384 quod
674 1297 816 1362 Socrates
837 1316 901 1362 non
939 1310 986 1361 eat
1018 1316 1121 1361 unum

194 1385 268 1473 quid
295 1385 484 1472 simpliciter,
508 1385 562 1452 sed
586 1407 684 1452 unum
706 1385 782 1472 quid
806 1385 1027 1471 aggregatione
1049 1404 1120 1450 mo·

194 1473 269 1541 turia
291 1487 321 1540 et
346 1474 432 1551 moti,
447 1486 619 1560 sequuntur
630 1474 728 1540 multa
740 1474 997 1540 inconvenientia.
1010 1473 1120 1539 Primo

194 1562 332 1651 quidem,
354 1563 436 1650 quia,
459 1564 484 1628 si
506 1564 749 1649 unumquodque
771 1579 820 1628 eat
841 1562 983 1628 similiter
1016 1583 1119 1646 uuum

194 1665 225 1716 et
247 1671 313 1726 ena,
335 1665 480 1738 sequetur
502 1651 583 1738 quod
609 1653 750 1717 Socrates
787 1672 849 1717 non
873 1653 911 1716 sit
947 1650 1063 1737 aliquid
1085 1666 1118 1716 et

196 1741 280 1827 quot
306 1762 368 1806 non
392 1741 430 1806 sit
452 1741 483 1805 in
506 1740 608 1826 specie
630 1761 689 1806 neo
711 1742 742 1806 in
765 1760 889 1825 genere,
926 1753 957 1804 et
989 1739 1118 1806 ulterius

193 1830 276 1916 quud
300 1851 361 1895 non
386 1828 497 1894 habeat
519 1829 653 1914 aliquam
677 1829 923 1915 actionem,quia
949 1828 1030 1894 aetio
1053 1848 1117 1894 uon

194 1931 240 1984 est
263 1909 321 1982 nisi
344 1918 433 1995 entia
458 1916 539 1982 unde
562 1938 624 1982 non
655 1917 786 1984 dicimus
826 1917 910 2005 quod
947 1915 1120 2002 intelligere

193 2020 305 2073 nautae
327 2007 366 2075 sit
387 2006 558 2090 intelligere
582 2007 673 2092 hujus
706 2008 799 2073 totius
833 2007 916 2092 quod
940 2020 987 2071 est
1022 2022 1119 2072 nauta

193 2106 224 2161 et
247 2096 342 2175 navis,
366 2095 420 2161 sad
445 2106 555 2159 nautae
578 2109 708 2172 tantona
730 2110 761 2160 et
783 2096 922 2161 similiter
946 2094 1118 2180 intelligere

194 2204 257 2251 non
283 2185 339 2250 erit
362 2198 446 2250 ustus
459 2184 605 2261 Socratis,
615 2184 672 2250 sed
684 2184 854 2251 intellectus
870 2198 988 2249 tantum
1004 2186 1118 2251 utentis

193 2292 332 2359 corpore.
345 2272 488 2349 Socratis
513 2271 544 2337 in
567 2272 634 2337 solo
656 2275 740 2339 enim
757 2273 914 2360 totoquod
938 2288 984 2337 est
999 2273 1117 2359 sttquiu

194 2382 289 2427 unum
313 2376 343 2427 et
365 2381 431 2440 ens,
454 2362 531 2427 vetio
556 2363 649 2446 partis
672 2375 719 2427 est
739 2364 819 2429 aetio
842 2364 987 2439 totius3et
1008 2362 1116 2447 siquis

194 2447 281 2519 aliter
303 2449 448 2537 loquitur,
472 2450 640 2536 improprie
662 2450 806 2537 loquitur.

260 2538 294 2605 Et
317 2541 341 2605 si
364 2552 396 2603 tn
420 2539 502 2605 dieas
525 2538 608 2624 quod
634 2540 693 2604 hoe
716 2540 810 2605 modo
831 2538 952 2605 eaelum
971 2538 1116 2624 intelligit

192 2646 247 2714 per
271 2642 423 2693 motorum
446 2646 549 2705 suum,
571 2641 617 2691 est
637 2629 808 2714 assumptio
845 2626 1024 2693 difficilioris
1045 2648 1115 2691 ma-

193 2717 297 2783 teriae.
320 2716 380 2781 Per
402 2715 589 2782 intettenum
612 2716 697 2781 enim
724 2717 898 2781 humanum
912 2731 1034 2801 oportet
1057 2735 1116 2781 nos

192 2804 337 2872 devenire
359 2802 398 2869 ad
436 2803 687 2889 cognoscendum
721 2804 893 2871 tovetteetus
929 2805 1116 2889 superiores,

192 2906 222 2959 et
245 2913 306 2959 non
330 2912 348 2957 e
370 2912 527 2959 converso.
552 2892 583 2957 Si
606 2912 679 2957 vero
702 2892 820 2959 dicatur
848 2892 930 2978 quod
952 2892 1014 2957 hoo
1036 2891 1118 2957 indie

192 2981 320 3049 viduum
343 2979 426 3067 quod
450 2993 496 3047 est
533 2980 675 3047 Souratea
714 2998 760 3047 est
796 3002 909 3067 eorpus
944 2982 1117 3047 auimatum

192 3071 294 3137 anima
319 3070 485 3155 vegetativa
507 3082 538 3133 et
560 3070 715 3147 sensitiva,
739 3082 771 3137 ut
793 3069 931 3135 videtur.
946 3069 1033 3155 sequi
1068 3089 1116 3133 se·

191 3160 328 3225 eundum
351 3159 478 3245 eosqui
502 3173 619 3245 ponunt
643 3158 726 3245 quud
750 3159 799 3225 itio
833 3158 929 3223 horno
953 3178 1015 3222 non
1037 3178 1117 3223 uou-

192 3247 329 3313 stituitur
351 3253 382 3313 in
404 3246 507 3333 speeie
529 3266 588 3333 per»
606 3247 807 3325 intellectum,
828 3247 885 3314 sed
898 3266 954 3332 per
976 3246 1114 3311 animam

190 3338 365 3404 sensitivam
389 3335 578 3401 nobilitatam
601 3336 763 3422 exaliqua
797 3335 996 3400 instructione
1021 3332 1113 3401 in'tel·

193 3423 472 3509 irremunerabilia,
496 3436 567 3489 tuno
601 3424 772 3489 inteileotua
811 3444 873 3487 nun
895 3444 930 3489 se
953 3422 1045 3488 habet
1071 3423 1111 3487 ad

193 3510 349 3579 Socratem
373 3512 429 3581 nisi
452 3513 530 3583 siout
552 3516 681 3584 movens
703 3512 894 3583 admotum.
909 3510 982 3600 §ed
997 3530 1109 3593 seeun-
