2484 3975
178 288 183 300 ,
289 254 344 301 ura.
368 238 407 301 ir.
430 253 494 302 car.
518 257 635 303 cxxxvi.
660 258 696 302 ar
712 233 836 302 ursuni.
972 238 1039 305 525

120 342 213 409 uttam
237 322 373 391 humanu
397 326 500 391 anima
523 327 701 393 sublevatur
723 324 842 390 excedit
866 326 1038 393 naturalem

119 412 262 481 virtutem
298 415 474 481 caelestium
512 417 686 502 spirituum,
725 427 758 478 ut
793 427 954 479 ostensum
992 431 1038 482 est

119 501 166 581 (l.
193 502 223 575 3.
248 522 274 566 c.
299 502 341 567 55
359 506 383 579 l,
407 505 446 570 ita
471 504 568 589 gloria
605 502 831 589 resurgentium
869 522 1036 589 corporum

117 590 235 655 excedit
251 592 421 667 naturalem
435 592 654 680 perfectionem
667 592 843 659 caelestium
859 610 1036 677 corporum,

116 688 151 743 ut
175 680 212 744 sit
236 680 335 765 major
358 682 490 759 claritas,
514 682 742 770 impassibilitas
767 680 895 759 firmior,
918 681 1036 767 agilitas

116 781 148 833 et
171 767 302 853 dignitas
326 784 453 836 naturae
477 770 649 857 perfectior.

393 946 449 1013 ct
463 948 485 1013 P
499 946 563 1013 UT
593 947 765 1015 cxxxvu.

276 1124 323 1190 De
347 1126 411 1192 loco
434 1144 596 1211 corporum
619 1126 875 1214 plorifieotorttm.

173 1299 259 1383 ¹Quia
283 1324 356 1369 tero
379 1303 464 1369 locus
488 1304 578 1369 debet
601 1302 1032 1389 proportionarilooatucon·

112 1410 247 1477 sequens
270 1406 315 1457 ast
338 1393 430 1477 qnod,
455 1413 525 1458 cum
560 1412 689 1478 corpora
712 1393 939 1477 resurgentium
961 1414 1031 1479 pro-

112 1482 274 1567 prietatem
297 1482 474 1547 caelestium
498 1502 663 1567 corporum
686 1495 925 1567 consequuntur,
941 1484 1034 1549 etiam

116 1569 151 1635 iu
175 1571 268 1635 caelis
291 1570 393 1636 locum
419 1570 561 1647 habeant,
585 1570 634 1634 rel
657 1570 756 1655 magis
794 1590 888 1655 super
926 1593 1035 1639 omnes

115 1659 230 1736 caelos,
255 1673 286 1724 ut
310 1662 402 1724 simut
424 1679 494 1724 cum
518 1658 640 1724 Christo
661 1659 731 1728 sint.
755 1658 841 1723 cuius
864 1659 974 1725 virtute
996 1662 1035 1726 ud

113 1747 195 1813 hano
219 1748 348 1833 gloriam
372 1748 589 1835 perducentur3
613 1746 652 1812 de
675 1767 737 1833 quo
760 1746 832 1812 dicit
862 1748 1034 1833 Apostolus:

115 1836 177 1915 Qui
199 1838 338 1901 useeudit
360 1858 452 1921 super
473 1857 577 1901 omues
592 1837 705 1911 enemo,
733 1847 767 1901 ut
788 1836 975 1921 adimpleret
1004 1861 1035 1903 o·

112 1928 210 1991 mttiu.
234 1926 354 2011 Ephes,
378 1927 408 2004 i,
433 1926 483 1992 to.
939 1937 949 1949 ⁸

181 2014 335 2080 frivolum
360 2030 462 2081 autern
488 2015 608 2081 ridetur
641 2027 747 2080 contra
782 2014 863 2079 lianc
896 2016 1032 2084 divitiam

112 2104 351 2190 promissionem
376 2125 412 2168 ex
447 2105 578 2169 naturali
616 2105 842 2169 elementorum
880 2106 1031 2191 positione

112 2194 334 2276 argumentari,
357 2195 443 2278 quasi
467 2193 656 2280 impossibile
679 2191 718 2258 sit
739 2211 851 2279 eorpus
886 2195 1031 2277 hominis,

111 2299 184 2346 oum
223 2283 260 2346 sit
285 2296 450 2346 'terrenum
486 2297 516 2346 et
551 2282 722 2348 secundum
760 2302 848 2346 suam
886 2297 1027 2350 naturam

108 2368 252 2435 infimum
278 2370 379 2435 locum
404 2371 531 2446 habens,
555 2393 647 2458 supra
670 2370 823 2434 elementa
847 2370 924 2436 levia
963 2373 1026 2438 ale·

108 2458 185 2522 vari.
209 2459 401 2524 Manifestum
425 2473 470 2524 est
492 2461 574 2524 euim
598 2461 682 2546 qrrod
705 2478 743 2522 ex
765 2459 875 2524 uirtute
903 2462 1025 2528 animae
1068 2462 1073 2467 ’

109 2548 264 2632 estquod
287 2567 398 2633 corpus
421 2548 459 2613 ab
483 2549 583 2612 anima
606 2548 775 2635 perfectum
799 2546 1023 2618 elementorum

107 2634 324 2702 inclinationes
350 2657 411 2700 non
435 2649 591 2721 sequatur.
616 2639 682 2723 ipsa
704 2636 788 2699 euim
827 2637 929 2702 anima
967 2661 1023 2706 sua

107 2725 222 2789 virtute
245 2727 337 2790 etium
362 2727 495 2789 continet
518 2745 630 2811 corpus
652 2724 800 2810 quamdiu
824 2726 963 2805 virinus,
984 2749 1026 2794 ne

107 2831 148 2878 ex
172 2815 386 2878 contrarietate
408 2814 632 2879 elementorum
656 2813 847 2884 dissolvatur:
870 2829 901 2878 et
915 2817 1026 2884 virtuto

106 2903 202 2968 etium
227 2903 349 2967 animae
372 2904 483 2967 motiva
507 2922 619 2990 corpus
644 2905 673 2968 in
697 2903 791 2968 altum
815 2905 963 2980 elevatur,
997 2921 1029 2972 et

106 3003 196 3056 tanto
220 2991 351 3077 amplius
375 3006 489 3078 quanto
512 2994 608 3056 virtus
632 2993 746 3057 motiva
785 2990 891 3058 fortior
928 2993 1028 3062 fuerit.

106 3078 306 3145 Manifestum
328 3096 374 3146 est
398 3095 498 3145 autem
523 3080 606 3168 quod
631 3095 703 3146 tunc
737 3089 839 3145 anima
877 3082 1029 3167 perfectae

105 3167 230 3234 uirtutis
252 3170 309 3233 erit
331 3169 455 3255 qtraodo
478 3169 544 3236 Deo
566 3190 621 3256 per
644 3170 793 3236 visionem
817 3169 1029 3258 conjungatur.

105 3254 179 3322 Non
203 3257 295 3340 igitur
317 3257 409 3323 debet
430 3279 522 3342 grate
546 3258 641 3323 rideri
665 3260 689 3323 si
714 3275 796 3338 tunc,
819 3259 929 3324 virtute
966 3263 1030 3326 uni·

104 3363 192 3423 mae,
216 3366 326 3433 corpus
349 3360 379 3410 et
402 3347 440 3410 ab
463 3349 546 3412 omni
580 3350 777 3433 corruptione
812 3363 950 3415 servatur
972 3353 1028 3416 im·

106 3453 210 3500 mune
233 3448 263 3498 et
285 3455 377 3522 snpra
401 3455 615 3523 quaecumque
638 3456 768 3524 corporo
792 3438 937 3503 elevatur.

179 3521 285 3602 Ncuue
307 3524 398 3589 etiam
422 3523 493 3591 huio
515 3525 712 3616 promissioni
736 3526 856 3595 divione
883 3529 1023 3619 impossi-
