2484 3975
412 249 469 294 um,
493 247 531 292 tv.
555 246 619 291 car.
648 244 704 290 mv.
950 224 1030 291 2¹7,

417 404 588 472 CAPUT
624 401 695 469 LlV.

212 584 302 667 Quod
322 585 502 650 conueniens
523 584 585 670 satit
619 581 719 645 Deum
741 579 911 646 incarnari.

164 762 290 849 Siquis
313 773 416 827 autem
451 761 614 847 diligenter
650 771 679 823 et
717 757 768 844 pie
801 757 1023 828 incarnationis

99 853 245 938 mysteria
267 851 452 928 consideret,
475 851 609 916 inveniet
632 861 749 913 tantam
768 848 938 932 sapientiae
954 871 1024 936 pro-

99 940 285 1007 funditatem
322 939 406 1024 quod
445 959 571 1004 omnem
611 938 779 1002 humanam
814 937 1024 1021 cognitionem

99 1029 240 1102 excedat,
261 1028 432 1093 seeundum
473 1028 547 1094 illud
583 1025 728 1112 Apostoli:
771 1023 859 1104 Quod
893 1029 1023 1094 stultum

100 1131 148 1184 cst
170 1118 227 1182 Dei
248 1114 418 1201 sopierttitts
441 1129 486 1183 est
508 1115 692 1194 bominibus,
724 1115 737 1179 l
783 1114 865 1187 Cor,
901 1116 932 1192 l,
970 1117 1023 1183 dil.

103 1206 192 1273 Unde
228 1206 262 1271 lit
300 1221 333 1270 ut
372 1205 422 1289 pie
455 1205 662 1272 consideranti
696 1223 820 1288 semper
855 1205 953 1288 magis
989 1227 1025 1272 au

103 1295 201 1378 magis
224 1294 421 1360 admirabiles
445 1296 578 1361 rationes
602 1292 781 1379 hujusmodi
806 1294 944 1379 mysterii
957 1315 1023 1360 ma-

102 1384 293 1450 nilestentur.
642 1427 644 1432 ,

167 1473 307 1537 Primum
334 1471 427 1554 igitur
464 1472 524 1538 h'oe
560 1470 820 1538 considerandum
857 1483 902 1535 est
939 1473 1024 1558 quod

101 1562 272 1634 incarnatio
296 1560 352 1625 Dei
376 1558 623 1626 efficacissimum
648 1559 703 1624 luit
732 1559 880 1626 auxilium
905 1559 1024 1627 bomini

103 1651 143 1716 ad
165 1649 386 1716 beatitudinem
411 1650 557 1715 tendenti.
580 1647 747 1714 Ostensum
786 1661 832 1712 est
869 1649 952 1714 enim
977 1647 1025 1736 (l.

103 1733 135 1818 3,
158 1760 184 1804 c.
208 1739 249 1804 57
274 1751 305 1802 et
326 1738 438 1824 seqq.)
460 1739 544 1824 quod
568 1736 702 1824 perlecta
717 1735 874 1803 beatitudo
890 1737 1024 1805 hominis

103 1829 135 1893 iu
158 1825 337 1892 immediata
360 1827 416 1891 Dei
441 1828 558 1892 visione
592 1827 740 1892 consistit.
775 1825 881 1890 Posset
920 1841 1024 1894 autem

102 1917 194 1982 alicui
218 1915 314 1980 sideri
337 1916 421 2001 quod
445 1916 540 1980 bomo
568 1915 606 1979 ad
634 1915 717 1982 bunc
740 1928 1025 2004 statumnunquam

103 2006 199 2093 possit
221 2006 396 2093 pertingere
419 2005 503 2091 quod
526 2005 700 2071 intellectus
723 2004 878 2069 humanus
915 2006 1025 2071 imme-

103 2096 186 2160 diate
208 2094 265 2179 ipsi
289 2092 410 2158 divinae
432 2097 582 2159 essentiae
605 2095 762 2169 uniretur,
786 2105 819 2158 ut
854 2093 1026 2161 intellectus

104 2181 298 2266 intelligibili,
312 2185 627 2267 propterimmensam
641 2183 817 2247 distantiam
834 2195 1026 2261 naturarum;

103 2272 200 2337 etsie
222 2270 303 2335 circa
326 2271 554 2355 inquisitionem
579 2271 774 2337 beatitudinis
813 2272 908 2337 bomo
944 2286 1027 2359 tepe-

103 2374 213 2437 sceret,
237 2360 300 2445 ipsa
324 2357 539 2446 desperatione
573 2361 726 2425 detentus.
751 2358 810 2423 Per
838 2359 897 2426 hoo
926 2376 1030 2427 autem

103 2450 189 2536 quod
213 2448 297 2512 Deus
320 2447 489 2514 humanam
514 2464 655 2515 naturam
679 2448 736 2513 sibi
768 2448 857 2512 unire
881 2450 976 2516 voluit
999 2450 1030 2514 in

104 2558 252 2624 persona,
265 2535 493 2603 evidentissime
506 2538 685 2603 bominibus
699 2537 931 2603 demonstratur
947 2538 1045 2624 quod.

103 2629 202 2693 bomo
236 2645 292 2710 per
329 2626 518 2691 intellectum
559 2627 626 2691 Deo
665 2638 765 2711 potest
801 2626 891 2703 uniri,
928 2628 1031 2712 ipsum

104 2714 285 2781 immediate
307 2715 451 2783 ridendo.
475 2716 545 2781 Fuit
574 2716 667 2800 igitur
704 2714 1032 2781 convenientissimum

105 2803 192 2891 quod
214 2803 301 2867 Deus
325 2804 493 2869 bunaanam
519 2820 660 2869 naturum
685 2815 865 2879 assumeret,
889 2804 927 2868 ad
943 2824 1033 2890 spem

104 2892 243 2960 bominis
265 2892 298 2957 in
322 2891 543 2958 beatitudinem
577 2890 816 2967 sublevandam;
846 2892 940 2970 unde,
965 2906 1034 2978 post

104 2979 351 3047 incarnationem
387 2982 510 3055 Claristi,
544 2982 689 3046 homiues
727 2993 896 3064 coeperunt
934 2980 1034 3065 magis

105 3069 148 3135 ad
170 3066 335 3134 caelestem
359 3069 581 3137 beatitudinem
595 3070 741 3155 aspirare,
758 3068 932 3134 secundum
950 3068 1034 3155 quod

105 3161 173 3246 ipse
195 3157 278 3222 dicit:
302 3158 367 3243 Epo
388 3160 458 3223 ueni
479 3160 632 3224 attritam
657 3158 801 3236 babeant,
824 3169 854 3221 et
870 3156 1033 3223 abundan-

109 3251 170 3312 tius
199 3245 346 3324 babeant,
369 3248 468 3325 loun,
492 3248 544 3326 ld,
569 3248 620 3311 ll).

176 3334 277 3399 Simul
300 3338 391 3401 etiarn
417 3356 473 3421 per
495 3336 554 3400 hoc
578 3334 696 3399 homini
720 3332 903 3399 auferuntur
936 3333 1036 3419 impe·
1067 3346 1072 3357 ·

106 3423 245 3488 dimenta
269 3422 491 3490 beatitudinem
515 3423 714 3511 adipiscendi.
739 3422 816 3488 Cum
856 3422 940 3487 enim
968 3442 1036 3509 per·

108 3510 189 3579 lecta
212 3511 348 3581 bominis
371 3514 530 3581 beatitudo
553 3514 586 3580 in
608 3512 674 3580 sola
697 3512 756 3579 Dei
794 3510 941 3579 lruitinne
965 3532 1036 3580 con-
