2484 3975
360 225 397 270 ur
420 222 531 268 uersus
556 223 641 270 urum
665 223 859 269 rureuueoros
1004 205 1067 271 587

144 292 256 379 aliquid
269 295 355 379 quasi
370 293 484 358 al‘atre
500 292 664 378 accipiens,
674 307 703 356 et
711 291 793 356 eliud
802 291 887 376 quusi
897 309 1068 382 acceptum

143 383 186 448 sie
198 381 279 467 epud
292 403 349 448 uos
366 380 537 448 intellectus
553 383 662 467 accipit
677 402 694 445 a
707 381 857 446 memorie
873 395 903 447 et
922 403 1068 470 praesup-

142 473 268 556 ponitur
280 471 481 556 generatione
494 471 534 537 ibi
548 491 620 537 uero
634 470 728 535 Filius
741 485 935 554 generatura
966 471 1069 551 Putre,

141 560 220 626 siout
234 563 257 624 si
271 572 352 625 totus
365 559 535 625 intellectus
548 574 653 626 noster
665 573 745 625 esset
757 581 773 624 u
787 572 890 623 nostre
904 564 1067 640 memorie,

142 662 173 714 et
195 669 256 714 non
281 648 448 714 similitudo
474 649 529 715 ista
554 650 601 715 uel
626 650 687 714 illu.
711 648 788 713 com
804 669 880 733 ergo
895 649 1068 718 intellectus

140 735 322 805 informatus
337 740 440 824 specie
457 753 545 805 nutus
561 741 600 806 sit
615 759 718 822 egere,
732 776 776 788 -
793 739 944 804 terminus
961 754 1066 805 eutem

141 824 305 913 cujuslibet
328 828 456 894 actionis
468 843 513 894 ost
526 829 592 914 ejus
609 829 777 912 objectum
794 826 950 914 objectum
963 842 1067 895 sutem

140 933 232 981 uuum
255 930 301 980 εει
323 917 476 1002 quiddites
504 919 605 1004 ulique
636 916 723 1002 eujus
746 917 850 1003 speeie
873 914 1066 994 informetur,

141 1025 221 1090 quoe
244 1024 306 1070 non
337 1019 383 1070 εει
412 1007 596 1094 principium
635 1006 821 1093 operationis
856 1005 903 1070 vel
938 1008 1067 1072 aetionis

142 1094 199 1159 uisi
222 1113 258 1158 ex
276 1097 398 1182 propria
415 1097 533 1161 ratione
549 1097 631 1163 illius
647 1094 735 1180 eujus
759 1108 804 1160 est
820 1095 949 1180 speeiem
963 1094 1066 1186 objec-

140 1195 223 1247 ctum
248 1197 350 1249 sutem
374 1205 436 1249 non
460 1187 548 1251 adest
569 1186 627 1273 ipsi
650 1186 775 1249 enimse
804 1184 853 1249 illu
880 1186 983 1268 speeie
1020 1185 1066 1249 io·

141 1270 302 1350 formulae,
326 1292 396 1338 oum
427 1274 583 1358 objectum
614 1274 652 1340 sit
677 1287 760 1339 extro
795 1273 826 1337 in
856 1293 910 1336 suo
941 1288 1067 1347 nature;

139 1363 218 1426 ectio
241 1359 345 1426 euteirr
363 1362 484 1428 enimse
499 1385 561 1430 non
581 1377 628 1428 εει
642 1364 681 1428 eh
693 1375 789 1439 extre,
805 1361 876 1446 quia
893 1361 1066 1449 intelligere
1170 1419 1173 1422 ,

140 1464 186 1515 εει
209 1464 311 1516 ιιιοιιιε
335 1451 373 1516 ed
398 1453 545 1530 enimam3
568 1467 634 1518 tum
657 1473 695 1518 ει
718 1465 826 1517 uuture
850 1451 963 1536 speciei
987 1473 1067 1538 quoe

141 1539 171 1602 iu
195 1538 288 1605 talem
313 1540 515 1624 quidditetem
533 1542 627 1621 ducit,
640 1554 704 1606 urm
717 1560 754 1605 ex
770 1551 879 1604 notura
895 1540 1068 1607 intellectus
1108 1581 1111 1592 ·

138 1626 226 1712 eujus
250 1630 329 1695 aetio
351 1651 413 1694 non
437 1643 483 1697 est
511 1631 549 1696 ad
585 1643 685 1709 extra,
706 1667 750 1678 -
774 1629 873 1715 prime
897 1631 976 1694 aetio
996 1628 1067 1714 ejus

138 1737 195 1802 per
216 1719 351 1804 speeiem
375 1731 422 1784 est
446 1719 589 1786 formatio
620 1720 667 1785 sui
692 1717 815 1803 objecti,
837 1737 899 1802 quo
934 1717 1067 1783 formato

138 1803 290 1891 intelligia
313 1807 404 1874 simul
428 1821 532 1876 tamen
558 1821 697 1894 tempore
721 1808 787 1894 ipse
814 1805 926 1872 formet
950 1819 982 1872 ει
1003 1805 1064 1872 lor-

111 1907 256 1959 λιεειιιιιι
279 1908 335 1975 εει,
358 1910 388 1961 ει
411 1898 502 1963 simul
538 1898 689 1983 intelligit,
712 1897 784 1983 quia
807 1896 864 1961 istu
899 1917 961 1962 nou
995 1909 1067 1963 sum

139 1997 241 2049 motus
263 1984 303 2051 de
325 1986 461 2073 potentie
489 1989 528 2054 ad
563 2000 667 2054 uotum
692 1991 704 2072 (
717 1985 789 2073 quio
811 1984 876 2071 jem
899 1984 998 2052 suetus
1020 2001 1066 2053 est

139 2073 311 2141 intellectus
341 2075 372 2141 in
407 2091 475 2143 actu
510 2096 565 2165 per
597 2078 733 2165 speeiem
751 2083 777 2160 )‚
812 2075 868 2140 sed
903 2094 1066 2162 processus

141 2160 292 2247 perlectus
320 2163 359 2229 de
389 2179 458 2231 ectu
493 2166 524 2231 iu
559 2180 675 2244 sotum,
708 2164 761 2231 ubi
797 2184 859 2229 non
895 2164 1066 2249 requiritur

139 2250 241 2338 aliqua
276 2254 393 2339 species
428 2269 540 2320 motus.
568 2256 707 2340 Etonia,
731 2267 763 2318 ot
785 2252 904 2318 dietum
928 2265 984 2331 est,
1007 2254 1066 2318 ltu-

103 2363 104 2367 *
133 2340 271 2422 jusmodi
297 2343 452 2428 objectum
476 2345 506 2409 iu
530 2345 595 2430 ipso
625 2343 727 2407 anime
758 2341 909 2408 formatur
939 2354 970 2405 et
1002 2362 1065 2406 nou

137 2441 233 2499 extre.
256 2429 326 2495 ideo
349 2433 407 2496 erit
434 2433 465 2497 iu
500 2434 602 2497 enims
628 2434 714 2497 utin
738 2432 889 2518 subjecto
913 2442 959 2494 εει
982 2432 1066 2495 enirn

137 2517 306 2584 similitudo
330 2520 374 2585 rei
398 2534 493 2597 extra3
521 2522 605 2607 quod
642 2534 744 2585 eutem
769 2534 815 2586 εει
838 2521 869 2583 iu
905 2519 1008 2584 emme
1033 2533 1066 2586 ut

135 2606 167 2671 in
192 2606 331 2693 subjecto
355 2608 483 2675 efficitur
506 2612 537 2675 in
561 2632 597 2675 ee
626 2623 660 2675 ut
691 2609 824 2674 habitus.
848 2608 895 2673 De
930 2606 1065 2695 perluere

136 2708 241 2761 eutem
265 2697 384 2762 ratione
407 2697 529 2765 habitus
541 2714 597 2777 est,
614 2698 740 2785 quondo
764 2696 1065 2784 eetuiuonjungitur3

135 2784 166 2849 in
190 2782 248 2850 hoo
272 2787 355 2852 enim
380 2800 489 2854 natura
512 2808 567 2853 sus
592 2788 751 2876 porricitur
773 2807 831 2874 per
853 2786 958 2851 lumen
976 2801 1064 2851 uatu-

136 2872 201 2938 rule
224 2873 397 2940 intellectus
425 2876 585 2941 involveris
616 2877 752 2963 speeiem
776 2874 1009 2959 intelligibilem,
1033 2877 1065 2940 iu

137 2980 199 3046 quo
221 2975 252 3027 ει
274 2964 333 3029 sub
356 2984 419 3049 quo
441 2965 639 3051 intelligetur.
654 2966 739 3031 ldem
756 2966 838 3030 euim
857 2964 963 3029 lumen
980 2965 1064 3049 qood

135 3049 309 3117 intellectus
337 3054 493 3141 possibilis
527 3056 637 3142 resipit
660 3075 732 3121 eum
755 3055 857 3140 speeie
881 3052 920 3116 ob
943 3067 1065 3134 agente,

137 3158 192 3223 per
214 3142 365 3206 actionem
389 3143 560 3209 intellectus
585 3143 740 3209 informati
766 3143 818 3209 toli
835 3142 938 3229 speeie
953 3140 1064 3206 diliuu·

138 3226 231 3308 ‹litur,
254 3250 325 3295 oum
349 3228 503 3317 objectum
520 3230 684 3313 formatur,
695 3244 725 3297 et
737 3245 842 3296 mmet
854 3249 925 3295 oum
942 3229 1064 3315 objecto

136 3314 279 3396 lormut03
302 3332 333 3383 ει
355 3317 414 3385 hoo
437 3318 530 3385 habet
554 3321 680 3407 plenam
703 3320 856 3388 rationem
872 3318 969 3397 verbi,
991 3338 1064 3384 oum

136 3406 168 3469 in
191 3426 229 3472 eo
252 3408 406 3493 quidditus
432 3413 477 3473 rei
513 3409 710 3494 intelligutur.
734 3410 831 3485 Siout,
856 3409 887 3473 in
912 3407 1064 3494 principio

137 3496 275 3577 actionis,
298 3497 471 3563 intellectus
494 3510 523 3563 et
550 3500 668 3586 species
706 3519 771 3567 nou
792 3510 865 3566 suut
899 3497 972 3577 dito,
1008 3498 1063 3563 sed
