2484 3975
237 228 281 296 86
536 252 592 298 ιιι.
616 253 655 298 ιι.
679 252 743 298 ιιι.
767 252 826 299 ιιι.

302 318 422 401 Adhuc,
442 320 510 387 Deo
525 341 586 387 non
599 323 855 400 eonvenitorere,
877 317 933 386 sed
947 319 1045 406 magis
1061 322 1162 388 orari.

233 404 384 494 Spiritum
407 383 511 475 sutem
549 410 697 476 Sanctum
735 431 826 476 orere
859 413 1014 477 convenit:
1043 411 1164 476 dicitur

234 497 329 561 enim.
352 497 422 583 Ipse
447 497 582 583 Spiritus
599 502 743 584 postulat
768 520 829 584 pro
865 500 954 565 nodis
989 500 1160 584 pruritibus

233 584 506 665 inenarrabilibus,
531 588 632 665 Rom,
654 588 688 666 8,
709 589 762 654 66.
786 588 916 676 Spiritus
938 589 1160 674 ergoScnctus

235 694 299 739 non
321 694 390 741 esse
413 678 497 743 Deus
519 637 649 741 videtui.

126 774 129 778 ’
300 762 449 851 Amplius,
472 764 580 831 Nullus
603 784 741 850 congrue
775 763 870 830 donet
905 764 965 829 nisi
1002 763 1033 828 id
1067 762 1161 850 cujus

235 850 330 917 hebet
352 854 534 921 dominium·
570 854 632 919 Sed
671 857 753 919 Deus
789 852 881 920 Pater
917 853 970 919 det
1006 852 1159 938 Spiritum

235 938 393 1020 Sanctum,
416 956 447 1009 et
468 942 608 1007 similiter
631 942 733 1007 Filius·
758 942 832 1007 dicit
868 941 953 1007 enim
990 941 1160 1007 Dominus.

234 1028 331 1094 Pater
350 1043 451 1096 uester
472 1032 512 1097 de
534 1033 619 1097 coeio
641 1030 731 1096 debit
751 1031 896 1115 spiritum
919 1030 1031 1096 ionum
1048 1042 1161 1114 peten-

235 1116 315 1183 tibus
337 1140 380 1198 sc,
404 1120 488 1199 Luc,
513 1121 564 1199 tr,
589 1120 643 1197 153
663 1135 695 1185 et
719 1120 827 1185 Petrus
849 1120 921 1185 dicit
949 1118 1034 1206 quod
1069 1118 1160 1185 Deus

235 1168 381 1293 Spiriturri
395 1208 540 1275 Senctum
555 1167 643 1275 dedit
659 1208 871 1275 obedientibus
881 1208 952 1287 sibi,
964 1212 1028 1273 Act
1040 1207 1161 1295 Apost,

236 1294 268 1373 6,
291 1295 343 1361 56.
367 1297 409 1362 Ex
433 1297 510 1361 his
503 1298 595 1384 igitur
618 1299 739 1364 ridetur
763 1296 848 1384 quod
870 1257 1001 1383 Spiritus
1024 1296 1159 1364 Sanctus
1227 1283 1228 1366 i

235 1383 321 1449 Deus
342 1405 405 1451 non
427 1388 475 1450 sit.
1227 1415 1228 1428 ι

301 1474 387 1552 item,
411 1474 443 1539 Si
468 1472 597 1558 Spiritus
620 1473 750 1541 Sanctus
775 1492 867 1539 torus
889 1473 974 1539 Deus
996 1487 1053 1549 est,
1065 1492 1228 1566 opor-
1227 1509 1228 1520 ι

236 1574 281 1627 ιιι
301 1523 387 1648 quod
408 1578 548 1629 netursm
572 1564 708 1629 divinem
732 1563 854 1641 habere
876 1576 907 1635 et
921 1564 977 1638 sic,
990 1583 1063 1629 cum
1084 1561 1158 1647 Spi-

235 1650 312 1716 ritus
334 1651 464 1718 Sanctus
486 1674 503 1718 e
527 1652 616 1718 Patre
641 1652 797 1738 procedat,
811 1664 844 1717 ut
865 1651 1088 1726 diciturJoen,
1103 1650 1160 1729 tu,

236 1738 290 1814 26,
314 1760 439 1807 necesse
461 1755 507 1807 est
529 1740 613 1828 quod
637 1742 737 1807 abeo
760 1755 900 1806 naturum
924 1740 1059 1806 divinem
1075 1742 1159 1806 scci-

235 1828 307 1915 piet.
332 1829 423 1913 Quod
447 1844 549 1895 eutem
572 1829 681 1915 eccipit
703 1841 845 1894 unturem
868 1829 975 1915 ejusd
999 1848 1062 1915 quo
1084 1849 1159 1914 pro·

236 1916 358 1984 ducitur
380 1918 419 1984 eb
442 1938 479 1985 eo
502 1932 677 2003 generatura
696 1919 865 2022 proprium
882 1918 970 1983 enirn
989 1932 1036 1983 est
1058 1918 1159 2004 geniti

134 2085 136 2087 ¹
236 2019 274 2072 ut
292 2007 323 2072 in
344 2008 477 2074 similem
499 2010 634 2094 speciem
657 2009 704 2073 sui
727 2007 866 2094 principit
859 2007 1074 2094 producatur.
1086 2007 1160 2095 Spi-
1226 2047 1227 2051 =

234 2097 310 2160 ritus
332 2115 408 2182 ergo
430 2096 559 2163 Sanctus
582 2097 721 2182 genitus
728 2097 797 2174 erit,
819 2111 851 2161 et
883 2117 939 2184 per
961 2115 1159 2183 consequeus
1226 2108 1227 2117 ’

235 2182 328 2252 fitius:
349 2185 434 2272 quod
456 2204 531 2251 sene
554 2185 626 2250 fidei
648 2198 810 2272 repugnet.

301 2274 474 2350 Praeterea,
497 2274 529 2340 Si
552 2274 684 2361 Spiritus
707 2273 837 2339 Sanctus
855 2283 1001 2338 usturam
1017 2272 1159 2341 divinent

236 2381 253 2428 e
277 2362 367 2429 Patre
388 2363 497 2450 eccipit
519 2376 549 2429 et
571 2383 633 2428 non
657 2364 744 2449 qussi
766 2362 900 2447 genitus,
920 2375 1042 2464 pportet
1079 2362 1159 2428 diui-

234 2471 308 2517 nem
331 2468 472 2518 naturam
495 2452 616 2518 duobus
640 2451 741 2517 modis
772 2451 1007 2528 communicari,
1039 2452 1159 2518 scilicet

235 2559 290 2628 per
305 2540 433 2607 modum
456 2540 663 2627 generationis
687 2559 749 2628 quo
761 2539 911 2646 procedit
934 2539 1030 2605 Filius
1053 2553 1083 2604 ct
1097 2560 1159 2626 per
1225 2534 1226 2571 ³

233 2629 320 2694 illum
343 2629 471 2696 modum
495 2649 556 2716 quo
579 2628 717 2716 procedit
752 2627 887 2714 Spiritus
921 2643 1055 2694 sauctus
1090 2629 1159 2696 Hoc

234 2731 338 2784 autern
361 2719 415 2784 uni
438 2732 565 2785 naturae
587 2723 765 2803 competere
787 2737 850 2783 non
872 2716 994 2782 videtur
1016 2730 1050 2781 ιιι
1071 2716 1154 2784 duo·

234 2805 291 2872 bus
313 2808 413 2872 modis
434 2809 691 2880 communicetur,
712 2807 738 2872 si
760 2808 830 2890 quis
864 2806 1022 2871 universes
1061 2821 1155 2873 netu·
1224 2884 1225 2891 p

233 2913 283 2959 res
320 2896 468 2982 inspiciat.
507 2893 666 2984 Oportet
657 2895 761 2979 igitur,
785 2908 820 2959 ut
840 2894 972 2970 ridetur,
999 2890 1161 2983 cumSpi·
1224 2896 1225 2911 ¹

234 2983 309 3048 ritus
330 2983 459 3051 Senctm
482 2996 625 3050 naturam
647 3003 703 3070 per
720 2983 960 3086 generationem
986 3003 1049 3048 non
1071 2986 1156 3051 ccci·

156 3065 160 3087 '
233 3072 305 3158 piat,
327 3073 410 3160 quod
435 3071 521 3139 nutto
545 3073 640 3139 modo
664 3073 794 3160 accipiet
818 3091 900 3151 eum,
914 3084 945 3136 et
965 3071 1009 3138 sic
1031 3071 1157 3142 ridetur

232 3179 294 3226 non
317 3181 385 3226 esse
407 3181 496 3228 verus
522 3161 617 3227 Deus.

297 3249 366 3316 Fuit
391 3266 495 3318 sutem
518 3250 594 3316 brec
629 3248 739 3336 positio
776 3248 850 3328 mii,
886 3249 939 3336 qui
974 3247 1087 3316 Filium
1123 3265 1157 3319 et

230 3335 386 3441 Spiritum
402 3340 549 3406 Snuctum
573 3339 733 3404 dixitesse
754 3350 921 3412 ereetures,
957 3337 1070 3403 utrium
1107 3353 1155 3407 ts·

231 3445 304 3492 meu
327 3427 476 3530 majorem
499 3427 615 3514 Spiritu
638 3427 764 3504 Sancto,
783 3440 815 3491 et
835 3425 983 3526 Spiritum
1000 3426 1154 3496 Sanctum

232 3515 300 3600 ejus
322 3517 507 3598 ministrum,
528 3517 607 3585 sicut
628 3529 661 3585 et
681 3474 797 3586 Filitim
809 3515 965 3586 minorem
976 3515 1068 3586 rnre
1083 3536 1157 3588 csse
