2484 3975
385 216 423 263 nn
446 216 519 263 sure
543 217 579 262 ιιι
603 216 740 263 essenus
964 196 1024 264 591

363 372 536 443 utetJT
574 372 789 441 Pitinum.

169 546 337 615 Sciendum
375 567 423 618 est
458 552 555 639 quod,
598 516 678 618 sicut
716 551 922 641 Philosophus
959 552 1033 621 dicit

105 635 300 727 (iletnphys.,
324 641 355 717 tt,
377 653 450 707 text.
472 662 588 708 comm.
612 642 654 707 13
677 654 708 707 et
732 641 799 728 ii),
837 663 892 708 ens
920 662 976 730 per
998 663 1032 707 se

104 724 216 792 dicitur
237 728 410 817 dupliciter.
434 730 501 797 Uno
524 730 632 805 modo,
669 730 755 818 quod
795 730 941 797 dividitor
978 752 1033 817 ρει·

102 817 210 883 decem
232 837 358 905 generis
380 817 442 885 olio
463 819 568 898 modo,
591 818 677 907 quod
700 820 851 905 significet
890 822 1032 907 proposi-

104 907 222 971 tionum
246 908 416 973 reritotcm.
440 907 558 974 florum
582 923 687 975 eutem
711 908 883 974 differentis
902 902 1046 997 estquis*

104 995 243 1060 secundo
267 996 363 1062 modo
386 1010 486 1084 potest
509 994 569 1062 dici
592 1018 648 1063 ens
671 1018 765 1063 otone
795 998 870 1063 ittud
908 998 947 1063 de
970 1018 1033 1085 quo

103 1082 282 1150 affirmativo
306 1086 474 1173 propositio
497 1084 624 1151 iormori
655 1100 765 1174 potest,
802 1086 921 1151 etiamsi
957 1085 1033 1153 iilud

104 1174 135 1239 in
159 1192 194 1238 re
215 1173 292 1240 nihii
314 1188 419 1261 ponot3
442 1195 613 1263 perquem
637 1176 765 1241 modum
794 1174 979 1264 privationes
1002 1189 1033 1241 et

103 1262 283 1347 negationes
305 1264 387 1329 eotio
410 1264 567 1341 dicuntum
590 1264 722 1330 dicimus
745 1265 829 1329 enim
867 1264 951 1351 quod
990 1265 1032 1330 ei·

104 1351 242 1415 firmatio
265 1366 312 1417 est
343 1351 484 1439 opposito
515 1354 686 1438 negationi,
720 1366 750 1419 et
784 1352 867 1440 quod
905 1356 1036 1419 coecitas

101 1453 147 1505 est
170 1439 202 1506 in
224 1440 324 1507 oculo.
347 1441 409 1506 Sed
434 1442 535 1529 primo
558 1442 653 1507 modo
677 1462 740 1507 non
771 1456 870 1529 potest
893 1442 952 1508 dici
976 1444 1032 1508 aii·

102 1528 283 1615 quidquod
306 1531 346 1595 sit
367 1550 436 1608 eus,
460 1532 518 1595 nisi
541 1532 626 1617 quod
649 1532 679 1595 in
703 1551 737 1595 re
775 1530 890 1623 aliquid
928 1548 1032 1617 ponne

103 1616 187 1682 uude
209 1620 309 1704 primo
333 1618 427 1685 modo
449 1620 580 1685 cnecitus
602 1634 633 1683 ct
657 1619 834 1705 hujusmodi
874 1640 936 1683 non
960 1635 1032 1687 sunt

101 1708 194 1772 cutio.
218 1707 337 1772 Nomen
361 1708 454 1793 igitur
475 1710 626 1774 essentiae
648 1729 710 1773 non
733 1710 866 1774 sumitur
889 1708 929 1773 ab
960 1724 1032 1775 ente

102 1796 250 1861 secundo'
264 1797 360 1862 modo
382 1797 475 1874 dicto;
487 1796 588 1886 aliquo
606 1797 690 1862 enim
704 1796 849 1863 dicuntur
861 1798 919 1863 hoc
937 1798 1031 1863 modo

102 1884 196 1962 entia,
219 1905 299 1970 quoe
321 1886 486 1951 essentium
510 1907 573 1951 non
598 1888 725 1969 hebent,
747 1899 780 1951 ut
812 1899 893 1973 petet
917 1886 947 1951 in
971 1889 1032 1973 pri·

101 1974 286 2050 votionibus3
308 1974 363 2041 sed
386 1974 518 2041 sumitur
541 1976 673 2042 essentie
687 1976 809 2042 abente
822 1976 922 2063 primo
936 1976 1030 2042 {notio

100 2062 193 2127 dicto.
218 2063 305 2129 Unde
334 2063 577 2143 Coronensem,
613 2065 645 2129 io
681 2065 792 2130 eodem
831 2065 910 2144 ioco,
948 2065 1031 2131 dicit:

107 2179 122 2208 ι
146 2150 208 2216 Enc
230 2153 331 2239 primo
355 2154 449 2220 modu
472 2153 588 2220 dictum
612 2154 766 2240 estquod
789 2153 942 2239 significet
960 2156 1033 2220 sub·

99 2241 245 2305 stantium
267 2242 323 2308 rei.
346 2272 361 2301 ι

169 2328 204 2394 Et
236 2332 319 2416 quio,
341 2344 375 2396 ut
397 2331 514 2397 dictum
537 2345 594 2410 est,
615 2351 672 2396 ens
695 2329 755 2396 hoe
779 2329 877 2396 modo
913 2330 1032 2396 dictum

100 2416 246 2482 dividitur
268 2440 324 2508 per
345 2420 454 2485 decem
478 2440 603 2506 genero,
627 2433 748 2508 oportet
781 2419 866 2506 quod
899 2422 1031 2486 essentia

99 2505 253 2591 significet
275 2509 401 2596 aliquod
438 2529 606 2574 commune
641 2509 786 2579 omnibus
820 2509 940 2578 naturis
978 2529 1035 2596 per

100 2613 178 2680 quos
201 2595 320 2663 diverso
342 2599 423 2662 entia
445 2597 478 2662 in
501 2597 629 2664 diversis
653 2597 863 2683 generibuset
886 2598 916 2662 in
930 2597 1032 2663 diter·

99 2683 143 2748 sis
164 2685 327 2772 speciebus
348 2686 548 2763 collocantur,
571 2687 650 2753 sieut
674 2687 848 2753 humanitas
861 2700 907 2752 est
929 2707 1033 2753 essen-

100 2772 142 2837 tin
167 2774 311 2854 hominis,
334 2777 431 2840 etsie
454 2775 494 2840 de
510 2775 587 2840 oiiis.
807 2847 809 2854 ,

168 2861 204 2926 Et
226 2864 298 2948 quin
324 2863 398 2928 iilud
415 2883 471 2951 per
485 2864 570 2950 quod
586 2883 636 2928 res
653 2861 848 2943 constituitur
860 2861 893 2928 in
907 2866 1033 2952 proprio

98 2967 216 3033 genere
239 2951 288 3018 vei
310 2952 424 3038 specie,
446 2965 493 3018 est
515 2953 597 3038 quod
623 2951 900 3038 significamusper
922 2954 1033 3020 delini·

99 3037 218 3103 tionem
243 3041 429 3107 indicentem
442 3039 576 3128 quidest
591 3059 650 3118 res,
668 3039 740 3105 inde
756 3054 801 3106 est
817 3041 900 3126 qnod
917 3061 1033 3107 nomen

99 3125 261 3193 Essentiuc
283 3151 300 3194 u
324 3129 515 3217 philosophis
537 3130 569 3194 in
592 3149 709 3194 nomen
747 3129 940 3210 Quietditotis
963 3153 1032 3196 mu-

99 3228 193 3294 toton
215 3230 246 3282 et
268 3217 328 3284 hoc
350 3219 502 3305 estquod
526 3217 732 3303 Philosophus
755 3217 962 3304 (Metophym
985 3221 1034 3304 7)

98 3302 280 3390 frequenter
302 3310 444 3372 nominet
464 3309 547 3392 quod
569 3307 645 3391 quid
667 3315 736 3371 erut
768 3325 856 3383 csse,¹
871 3307 950 3372 idest
972 3309 1033 3375 hoc

99 3411 158 3478 per
181 3394 265 3479 quod
288 3395 405 3482 aliquid
429 3396 524 3461 habet
551 3416 619 3462 esse
658 3395 744 3482 quid.
782 3395 901 3460 Dicitur
938 3397 1033 3464 etiam
1129 3443 1143 3469 ι

100 3480 217 3568 foruna,
238 3485 410 3552 secundum
434 3485 518 3573 quod
541 3506 596 3574 ρει
608 3483 744 3551 sormam
759 3484 948 3570 significatur
963 3506 1032 3574 per·
