2484 3975
367 232 424 281 tro.
447 233 486 278 rr.
511 233 575 278 aar.
599 233 663 279 rur.
689 232 724 279 ur
747 232 822 277 tarr.
989 213 1046 278 l9l

114 313 255 389 -pareute
278 315 484 367 assumantur.
507 301 701 367 Manifestum
725 314 771 366 ert
784 300 865 366 euim
883 299 965 386 quod
979 303 1048 388 plue

126 392 227 458 dillert
249 411 266 454 a
290 393 418 454 materia
431 411 522 476 quae
556 410 593 455 ex
617 391 683 455 viro
721 403 751 453 et
790 389 919 454 muliere
957 390 1049 462 simul

126 475 294 546 assumitur
317 479 409 544 limus
432 492 542 557 terrae,
569 479 609 545 de
632 499 694 564 quo
716 477 801 542 Deus
831 479 965 565 primum
989 480 1050 544 hu-

127 588 254 632 manum
278 567 438 631 hominem
469 565 611 633 lormavit
645 567 754 652 (quem
792 566 896 652 utique
930 580 1049 632 constat

124 654 219 722 luisse
243 676 351 720 rerum
374 655 535 721 hominem
556 670 588 720 et
611 657 701 720 nobis
733 675 789 740 per
827 655 931 720 omnia
964 656 1049 720 sirni-

127 744 216 830 lem),
238 763 331 829 quam
355 743 483 808 materia
507 758 629 831 sumpta
653 744 754 809 solum
790 763 827 808 ex
862 743 987 822 lemine,
1010 764 1049 810 ex

126 853 187 919 qua
210 853 323 918 eorpus
346 831 459 898 Christi
484 831 650 898 formatum
682 847 736 897 est.

194 919 282 986 Unde
305 921 445 987 nativitas
468 922 578 987 Christi
603 942 640 986 er
665 922 782 1004 virgine
810 919 886 984 nihil
920 920 1050 1006 derogat

128 1010 249 1074 veritati
272 1009 469 1075 humanitatis
492 1011 588 1097 ipsius
612 1031 670 1076 nee
692 1009 884 1074 similitudini
919 1011 986 1094 ejus
1009 1008 1048 1077 ad

127 1118 202 1174 nos,¹
217 1096 288 1162 lieet
310 1099 392 1163 enim
417 1101 512 1164 virtus
547 1099 694 1164 naturalis
732 1099 868 1184 requirat
905 1097 1051 1165 determi-

127 1199 230 1254 natam
255 1188 413 1250 materiam
438 1187 476 1252 ad
501 1188 740 1254 determinatum
770 1188 912 1253 ellectum
951 1207 988 1254 ex
1010 1208 1049 1254 ea

127 1275 373 1360 producendum,
396 1275 490 1342 virtus
515 1291 617 1342 tamen
642 1277 755 1352 divina,
786 1297 865 1363 quae
887 1289 988 1363 potest
1010 1295 1049 1342 ex

125 1362 224 1427 nihilo
245 1377 355 1428 cuneta
380 1364 563 1450 producere,
586 1367 617 1430 in
641 1364 773 1450 agend0,
812 1365 850 1430 ad
885 1366 1047 1432 materiam

126 1452 362 1516 determinatam
386 1474 448 1518 non
463 1468 653 1523 rearmatur.
679 1454 824 1519 Similiter
861 1454 953 1518 etiam
990 1475 1049 1519 nee

126 1561 183 1626 per
205 1540 264 1606 hoo
287 1542 403 1627 aliquid
426 1542 546 1628 deperit
561 1543 700 1628 dignitati
718 1542 825 1608 matris
841 1542 951 1608 Christi
964 1542 1049 1629 quod

126 1629 213 1714 uirgo
235 1631 377 1716 concepit
401 1646 432 1695 et
454 1632 582 1718 peperit,
610 1633 683 1718 quin
722 1651 794 1695 vera
833 1645 864 1696 ot
901 1632 1048 1696 naturalis

126 1732 224 1782 mater
246 1719 302 1783 Fili
326 1718 383 1783 Dei
407 1719 536 1797 dieatur3
559 1722 670 1785 uirtute
695 1719 777 1784 euim
802 1718 903 1785 diuina
918 1719 1048 1786 iaciente

127 1807 286 1872 materiam
312 1807 483 1872 naturalem
507 1809 544 1872 ad
557 1810 790 1893 generationem
806 1809 944 1895 eorporis
959 1809 1047 1874 Chri-

125 1895 163 1959 eti
188 1896 381 1975 ministravit,
403 1897 486 1982 quod
510 1897 673 1985 solumxer
698 1911 783 1982 parte
806 1899 911 1963 matris
945 1899 1048 1984 requi-

126 1983 272 2049 rituam
296 2005 369 2050 vero
394 2006 474 2071 quae
497 1986 528 2051 in
551 1988 617 2053 aliis
641 1985 790 2053 matribus
814 1986 852 2051 ad
876 1988 1048 2075 corruptio·

128 2092 201 2144 nem
225 2072 406 2158 virginitatis
429 2073 544 2140 faciunt
566 2098 628 2140 non
654 2075 835 2141 ordinantur
858 2076 896 2140 ad
920 2076 950 2141 id
963 2076 1048 2162 quod

127 2160 234 2226 matris
257 2175 313 2237 est,
337 2163 393 2229 sed
416 2163 516 2229 solum
542 2164 580 2229 ad
614 2164 646 2228 id
684 2164 768 2249 quod
806 2166 899 2251 patris
936 2180 992 2245 est,
1016 2178 1048 2231 nt

126 2269 234 2315 semen
257 2250 351 2317 maris
374 2252 413 2317 ad
437 2252 539 2317 locum
565 2254 772 2338 generationis
799 2254 966 2342 perveniat

429 2427 600 2494 CAPUT
640 2429 742 2496 XLVI.

143 2575 167 2583 ⁴·
194 2550 284 2631 Quod
307 2550 562 2615 chrismaretur
584 2552 691 2615 ertde
716 2550 834 2635 Spiritu
859 2550 981 2619 Sancto.

193 2690 341 2773 Quamuis
365 2701 468 2754 autem
492 2690 593 2755 omnis
616 2689 718 2755 divina
743 2693 884 2777 operatio
911 2716 970 2782 qua
995 2697 1049 2763 ali·

126 2779 201 2869 quid
226 2779 258 2844 in
280 2777 429 2843 creaturis
452 2780 554 2863 agitur
577 2780 615 2845 sit
639 2780 692 2844 toti
706 2778 847 2845 Trinitati
864 2787 1051 2867 eommunis,

127 2883 162 2937 ut
184 2888 222 2933 ert
245 2887 338 2954 supra
360 2865 474 2931 habitis
496 2881 654 2933 ostensum
678 2880 735 2943 est,
770 2866 913 2938 lormatio
947 2885 1052 2942 tumen

127 2956 267 3046 eorporis
290 2955 413 3031 Christi,
435 2975 515 3039 quae
538 2956 639 3021 diuina
679 2956 790 3022 uirtute
826 2958 959 3046 perlecta
994 2982 1054 3046 est,

126 3044 349 3113 conuenienter
370 3043 496 3130 Spiritui
526 3043 639 3110 Sancto
679 3046 868 3128 attribuitur,
906 3052 977 3130 lieet
1014 3056 1052 3120 sit

126 3134 182 3202 ¹toti
205 3131 345 3198 Trinitati
372 3134 558 3200 eommunis.
972 3194 977 3205 .
1025 3198 1027 3207 ,

197 3222 262 3288 line
284 3221 366 3287 enim
389 3241 562 3305 congruere
584 3222 706 3287 uidetur
728 3222 931 3293 incarnationi
949 3228 1055 3297 Verbi.

129 3311 220 3391 Nom,
242 3312 321 3377 siout
345 3309 473 3374 uerbum
498 3325 638 3376 nostrum
662 3311 692 3375 in
729 3324 834 3377 mente
868 3332 1053 3406 conceptum

132 3399 283 3468 invisibile
306 3412 363 3475 est,
386 3400 519 3465 exterius
542 3415 645 3467 autem
670 3419 744 3465 rore
767 3402 920 3488 prolatum
955 3409 1075 3473 sensi-'

133 3490 196 3558 hile
220 3489 265 3572 tit,
288 3490 329 3555 ita
351 3488 487 3559 Verbum
511 3488 568 3557 Dei
604 3489 777 3557 seeundum
816 3496 1052 3579 generationem
