2484 3975
431 222 706 289 mmmm
973 220 1016 287 Μ

95 310 248 381 interioris
270 308 366 387 verbi,
390 312 472 395 quod
495 323 541 377 est
571 309 701 376 intentio
735 308 898 388 intellecta,
930 307 1016 396 quod

95 400 242 491 procedat
265 400 304 467 ab
327 398 518 483 intelligente
542 397 817 465 seerrndnmsuum
833 397 1016 484 intelligere,

95 510 167 558 eum
190 490 228 556 sit
262 488 349 577 quasi
383 489 532 553 terminus
570 485 783 553 intellectualis
818 488 1016 565 oeratiunis;

94 572 267 646 intellectus
291 579 373 643 enim
398 575 597 662 intelligendo
620 574 754 661 concipit
775 587 806 641 et
833 508 945 642 ddrmm
967 576 1015 641 in·

94 669 263 735 tentionem
279 666 343 733 sive
355 667 505 730 rationem
522 664 720 743 intellectam,
734 678 872 749 quaeest
887 665 1016 731 interius

94 756 236 823 verbum.
259 754 387 839 Oportet
412 754 505 841 igitur
515 754 598 839 quod
612 773 629 817 a
646 752 714 818 Deo
725 752 897 819 seeundum
913 753 1015 840 ipsum

94 864 186 913 suum
209 844 381 927 intelligere
403 841 549 929 procedat
572 842 709 909 Verbum
743 842 849 927 ipsius.
883 841 1016 928 Compa-

93 948 180 1001 ratur
202 934 294 1019 igrtur
317 931 451 998 Verbum
475 930 532 996 Dei
572 930 610 995 ad
645 929 747 995 Deum
782 930 1015 1015 intelligentem,

94 1023 183 1108 eujus
206 1034 252 1087 est
273 1020 414 1099 verbum,
437 1022 514 1085 sieut
537 1016 576 1083 ad
599 1025 672 1084 eum
706 1039 723 1083 a
761 1039 824 1104 quo
860 1033 918 1096 esu
953 1019 1016 1085 boe

94 1113 177 1177 enim
201 1122 247 1175 est
269 1110 308 1175 de
331 1109 449 1174 ratione
471 1107 566 1173 verbi.
592 1106 669 1172 Cum
693 1106 786 1191 igitur
808 1111 838 1172 in
873 1107 941 1173 Deo
962 1108 1011 1172 in·

94 1199 245 1286 telligens,
267 1198 438 1283 intelligere
462 1210 492 1261 et
515 1196 644 1261 intentio
673 1195 827 1261 intellectu
859 1196 923 1262 sire
946 1216 1015 1261 uer·

94 1289 169 1355 bum
192 1290 251 1354 sint
274 1307 330 1375 per
351 1286 515 1353 essentiam
538 1304 636 1349 unum
660 1297 691 1349 et
713 1304 768 1370 per
805 1284 865 1350 boo
888 1304 1014 1351 neeesse

93 1377 132 1442 sit
155 1377 238 1463 quod
261 1376 419 1463 quodlibet
442 1375 555 1441 burum
578 1373 616 1437 sit
645 1373 740 1451 Deus,
773 1386 912 1439 remanet
944 1374 1013 1440 aula

94 1465 248 1533 distinctio
270 1464 436 1539 relationis,
460 1475 551 1550 prout
574 1461 710 1529 Verbum
724 1460 856 1527 refertur
876 1461 917 1528 ad
941 1482 1014 1529 oon·

94 1555 259 1640 cipientem
273 1566 335 1618 utu
359 1573 421 1639 qno
435 1565 490 1618 est.
504 1551 581 1616 Hine
604 1562 650 1615 est
666 1550 748 1637 qrtod
767 1551 900 1618 loannes
916 1551 1015 1619 Eton-

95 1644 214 1727 gelista,
236 1642 306 1728 quia
331 1641 456 1707 dixerat:
481 1637 564 1705 Deus
587 1651 658 1705 erut
686 1638 825 1717 Verbum,
857 1641 957 1717 duan,
977 1642 1014 1719 l,

98 1733 129 1812 l,
150 1751 191 1797 ne
213 1732 341 1796 omnino
364 1729 517 1795 distinctio
544 1728 662 1795 sublata
677 1728 899 1813 intelligeretur
921 1728 1012 1796 Verbi

96 1840 114 1885 a
137 1820 204 1886 Deo
227 1820 347 1885 dieente
370 1818 434 1883 sire
456 1817 649 1904 concipiente
677 1816 825 1894 Verbum,
848 1818 1018 1903 subjunxit:

96 1908 162 1974 Hor
185 1909 308 1973 eratin
342 1908 499 1992 prirteipin
533 1906 619 1992 opud
653 1906 762 1983 Deum,
800 1908 888 1991 quasi
922 1906 1012 1972 dieat:

93 1997 160 2064 lloo
181 1997 328 2072 Verbum,
350 1997 433 2082 quod
456 1997 558 2062 Deum
596 2015 665 2062 esse
687 1995 761 2075 dixi,
794 1995 897 2082 aliquo
919 1995 1016 2062 modo

93 2086 270 2152 distinctum
284 2097 359 2152 esta
382 2086 450 2151 Deo
466 2085 601 2163 dicente,
621 2098 653 2150 et
675 2085 720 2150 sio
743 2098 845 2172 posset
859 2086 919 2150 diei
932 2084 1015 2172 apud

92 2174 194 2240 Deum
218 2193 295 2240 esse.
320 2175 458 2240 Verbum
483 2186 586 2239 autern
609 2175 738 2239 interius
760 2187 945 2261 oonoeptum
968 2187 1016 2238 est

92 2263 244 2348 quaedam
269 2262 346 2329 retiu
370 2275 400 2328 et
423 2261 591 2328 similitudo
615 2263 659 2328 rei
686 2262 869 2341 intellectam
907 2262 1018 2328 simili-

94 2352 169 2418 tudo
207 2351 289 2417 enim
327 2350 455 2436 alicujus
493 2352 524 2416 in
561 2351 659 2416 altero
703 2351 835 2416 existens
872 2351 921 2416 uel
958 2351 1016 2415 ba·

94 2441 147 2506 bet
170 2441 319 2506 rationem
354 2439 547 2525 exemplaris,
589 2441 613 2504 si
648 2459 683 2504 se
721 2439 832 2504 babent
870 2451 903 2503 ut
933 2439 1016 2524 priu-

95 2527 232 2617 cipium‚
265 2528 314 2592 vel
348 2527 441 2592 lrabet
475 2527 576 2611 potius
610 2527 759 2592 rationem
795 2527 959 2612 imaginis,
989 2527 1015 2592 si

94 2637 128 2683 se
151 2617 262 2684 babeat
285 2615 323 2681 nd
347 2615 378 2680 id
402 2614 490 2700 eujus
516 2627 562 2679 est
584 2613 753 2681 similitudo
776 2615 854 2680 sieut
875 2616 913 2680 ad
930 2615 1017 2701 prin·

94 2707 218 2792 ulpium.
243 2705 407 2790 Utriusque
431 2716 537 2769 autem
561 2703 738 2790 exemplum
777 2704 808 2768 in
843 2717 948 2769 nostro
970 2704 1018 2770 in·

92 2795 214 2860 telleetu
238 2795 432 2882 perspicitur,
456 2793 527 2878 quio
551 2792 635 2858 enirn
673 2791 844 2857 similitudo
866 2792 1016 2858 artifieinti

49 2911 51 2914 ·
92 2884 225 2950 existens
248 2885 279 2948 iu
303 2896 407 2948 mente
431 2881 555 2946 artificis
568 2894 613 2948 est
628 2880 814 2966 principium
828 2882 1016 2968 operationis

91 2991 148 3059 per
172 2989 265 3059 quam
292 2971 487 3038 artifleiatum
511 2983 567 3049 est,
591 2983 788 3056 enumeratur
811 2969 850 3035 ud
876 2969 1017 3036 artificiu-

93 3074 158 3126 tum
184 3074 216 3125 ut
241 3059 400 3146 exemplar
422 3060 461 3125 ed
499 3058 718 3144 exemplatum
755 3058 811 3124 sed
848 3057 1018 3124 similitudo

41 3225 44 3231 ¹
91 3155 137 3214 rei
163 3149 321 3226 naturalis,
342 3148 374 3236 in
399 3161 504 3213 nostro
528 3147 685 3213 intellectu
709 3162 867 3233 concepta,
890 3166 1017 3233 eompa-

91 3249 177 3304 ratur
199 3237 237 3302 ad
261 3253 327 3302 rem
350 3235 438 3321 eujus
461 3236 629 3301 similitudo
661 3237 762 3301 existit
784 3249 818 3300 ut
850 3235 889 3301 ad
923 3255 1016 3303 suum

92 3327 287 3413 principium,
326 3325 397 3410 quia
425 3335 576 3390 nostrum
614 3324 786 3410 intelligere
822 3345 839 3388 a
874 3323 1017 3394 sensibus

92 3413 277 3501 principium
301 3413 419 3500 aeeipit,
431 3412 483 3498 qui
496 3433 551 3498 per
567 3433 615 3478 res
629 3413 782 3478 naturales
801 3411 1014 3479 immutantur.

94 3501 172 3572 Cum
194 3517 298 3571 autern
320 3501 405 3568 Deus
427 3514 458 3567 et
480 3501 616 3589 seipsum
640 3501 792 3588 intelligat
825 3514 869 3590 get
891 3501 959 3583 alia,
982 3515 1018 3569 ut
