2484 3975
208 184 273 250 lid
586 202 761 248 oruscucun

206 294 270 344 non
293 284 339 337 ert
361 269 401 333 de
423 268 580 335 intellectu
603 274 755 337 esseutiae
779 271 827 336 rel
862 270 1051 356 quiddilutis,
1074 271 1138 339 boc
1231 268 1239 290 ¹

204 375 252 427 est
275 360 442 425 adueniens
465 373 550 425 extro
573 375 604 425 et
628 360 743 425 leniens
781 360 1037 446 compositionem
1061 382 1137 428 cum

202 449 428 533 &santleonio
450 448 535 513 nulls
557 449 689 514 essentia
712 448 779 514 sine
803 450 849 514 bis
874 470 955 535 quoe
977 463 1048 515 sunt
1061 472 1134 537 pnr-

204 553 250 605 tes
272 538 424 603 essentiae
446 537 573 621 intelligi
598 550 707 624 potest.
729 536 839 603 Omnis
875 552 977 603 autem
1001 538 1134 603 essentia

202 628 251 693 vel
274 626 427 712 quidditos
443 625 572 710 intelligi
597 626 697 712 polest
719 628 786 691 sine
811 625 870 691 boc
910 626 994 712 quod
1018 626 1133 713 aliquid

202 716 391 800 intelligetur
413 713 453 780 de
475 734 543 779 esse
564 735 621 779 suo
647 713 738 780 lecto:
763 734 887 800 possum
922 715 1007 780 enim
1041 716 1133 781 intel·

201 805 297 888 ligere
318 803 393 891 quid
420 816 467 868 est
489 803 584 867 bomo
608 803 655 867 vel
678 804 824 890 phoenix,
848 816 878 867 et
913 817 1017 869 tomen
1043 804 1132 889 igno·

201 913 271 959 rore
294 914 334 959 un
357 911 425 957 esse
449 891 582 957 babeant
605 892 637 956 iu
661 912 766 957 rerum
790 906 909 957 notum.
946 892 1024 975 Ergo
1050 907 1133 979 potet

202 982 286 1069 quod
309 1002 377 1046 esse
399 994 446 1045 est
468 979 552 1045 uliud
575 980 615 1046 eb
638 982 770 1046 essentie
795 980 842 1047 vel
866 980 1048 1065 quidditute,
1072 983 1130 1047 nisi

202 1070 280 1136 forte
303 1071 341 1135 sit
364 1069 465 1156 aliquo
489 1089 538 1134 res
553 1068 642 1153 cujus
666 1068 819 1155 quidditus
858 1072 897 1135 sit
918 1090 1010 1135 suum
1049 1090 1129 1147 esse;

202 1161 332 1225 ethaeo
355 1179 404 1223 res
427 1178 489 1222 nou
513 1170 613 1243 potest
638 1178 705 1222 esse
729 1160 785 1223 uisi
810 1179 870 1223 une
887 1161 1041 1245 etprima,
1056 1161 1129 1245 quio

200 1247 390 1333 impossibile
412 1260 458 1311 est
481 1258 514 1311 tt't
536 1247 589 1311 liat
612 1246 794 1331 pluriliuotio
817 1246 959 1332 alicujus,
992 1246 1048 1312 nisi
1074 1270 1132 1334 per

201 1337 392 1402 additionem
414 1333 543 1420 olicujus
566 1334 769 1412 dill'erentioe‚
793 1338 871 1402 sicut
910 1335 1132 1423 multiplicatur

200 1439 310 1491 nutura
333 1427 455 1509 generis
479 1423 509 1487 in
532 1426 704 1510 speciebus;
728 1425 775 1489 vel
799 1445 854 1511 per
877 1425 937 1491 hoc
966 1424 1049 1507 quod
1072 1424 1132 1490 lor-

201 1534 253 1580 ma
276 1514 423 1600 recipitur
445 1513 476 1575 in
500 1511 629 1577 dirersis
653 1514 799 1590 meteriis,
814 1514 891 1579 sicut
909 1512 1132 1598 multiplicatur

201 1615 309 1668 notura
333 1601 446 1690 speciei
469 1601 501 1665 io
525 1600 655 1666 diversis
695 1602 869 1679 individuis3
904 1602 951 1667 vel
977 1622 1032 1687 per
1071 1603 1131 1668 boc
1237 1668 1238 1675 ,

200 1691 284 1777 quod
308 1712 405 1756 unum
430 1703 477 1754 est
499 1689 686 1755 obstructum
710 1705 741 1755 ct
764 1691 847 1758 aliud
882 1692 913 1756 in
953 1690 1057 1778 aliquo
1082 1711 1131 1756 re·

200 1794 335 1867 ceptum,
358 1780 447 1857 sicot,
469 1778 494 1842 oi
518 1792 599 1843 esset
621 1779 748 1864 quidam
762 1781 847 1846 color
863 1793 1033 1866 separatus,
1049 1794 1132 1845 esset

199 1869 279 1935 olins
302 1890 319 1933 a
340 1868 445 1933 colore
467 1887 530 1931 non
553 1881 708 1952 separato,
735 1890 772 1934 ex
812 1870 876 1955 ipsa
913 1890 968 1935 suo
1004 1889 1131 1954 sepem·

203 1957 296 2024 tione.
319 1956 351 2022 Si
375 1970 479 2023 eutem
503 1972 635 2042 ponetur
659 1957 759 2045 ulique
784 1978 832 2024 res
871 1978 951 2044 quse
986 1958 1026 2023 sit
1061 1976 1131 2022 esse

200 2060 330 2120 tontum,
355 2046 395 2110 itu
421 2061 454 2111 ut
476 2047 576 2129 ipsum
601 2067 670 2112 esse
708 2050 746 2112 sit
775 2048 955 2126 subsistens,
979 2047 1039 2112 boo
1062 2067 1131 2112 esse

200 2155 262 2200 noo
287 2133 412 2220 recipiet
435 2133 625 2201 additionem
649 2133 852 2213 dillerentiue,
877 2139 947 2221 quio
975 2135 1040 2220 jum
1066 2155 1129 2200 non

199 2238 280 2289 esset
303 2244 371 2289 esse
395 2237 527 2298 tontum,
549 2223 605 2288 sed
628 2243 697 2289 esse
721 2238 751 2289 et
787 2239 909 2310 proeter
932 2225 991 2289 boc
1030 2222 1131 2290 lorma

198 2312 312 2399 aliqum
335 2327 365 2376 et
388 2312 487 2378 multo
503 2312 605 2376 minus
622 2313 748 2399 recipiet
763 2314 952 2378 additionem
970 2313 1128 2392 materiae,

197 2401 356 2487 quiajam
380 2414 461 2467 esset
483 2420 551 2466 esse
573 2421 635 2466 non
663 2402 844 2477 subsistens,
881 2401 935 2466 scd
959 2401 1129 2466 materiale.

199 2489 287 2556 Unde
312 2490 495 2577 relinquitur
517 2489 602 2577 quod
625 2489 692 2556 tulis
715 2510 763 2556 res
786 2510 866 2577 quoe
888 2491 926 2554 sit
942 2509 1033 2556 suum
1058 2510 1127 2556 esse

198 2600 261 2644 uon
286 2594 468 2665 potestesse
491 2579 547 2644 nisi
573 2599 645 2655 unm
685 2579 767 2645 unde
803 2593 924 2665 oportet
961 2578 1058 2664 quod,
1094 2579 1126 2644 in

198 2667 409 2755 quolibetulin
433 2681 612 2752 repraeter
636 2687 716 2745 eom,
752 2670 789 2734 sit
811 2669 896 2734 eliud
931 2688 998 2733 esse
1031 2685 1126 2732 suum

199 2771 232 2821 et
248 2756 331 2821 eliud
355 2755 509 2842 quidditss
533 2755 581 2821 rel
603 2770 711 2821 uotum
736 2777 791 2822 seu
818 2755 917 2822 lormn
944 2777 1011 2820 suo.
1037 2754 1126 2822 Uudo

197 2845 229 2909 in
253 2844 460 2929 intelligentiis
482 2858 603 2930 oportet
615 2845 698 2929 qood
711 2845 748 2908 sit
764 2865 832 2911 esse
849 2857 969 2931 praeter
982 2843 1127 2922 iormem3

192 2947 229 2999 et
243 2934 313 2999 ideo
326 2935 443 2999 dictum
455 2948 500 2998 est
512 2932 595 3019 quod
612 2933 813 3017 intelligentis
826 2949 873 3000 est
889 2933 987 2998 lorum
1000 2948 1031 2999 et
1045 2953 1126 3000 esre.

263 3021 365 3087 Omne
387 3035 491 3086 nutem
514 3023 598 3108 quod
620 3023 763 3088 convenit
786 3021 887 3099 alicui,
904 3022 952 3087 vel
982 3036 1029 3087 est
1050 3042 1126 3088 cou-

196 3124 297 3175 sutum
321 3132 359 3175 ex
382 3111 538 3196 principiis
562 3124 691 3176 naturae
727 3113 906 3188 suee‚siout
941 3110 1057 3176 risibile
1091 3111 1125 3176 in

197 3200 333 3274 bomine,
358 3200 405 3264 vel
429 3199 552 3265 odreuit
575 3199 742 3284 abaliquo
766 3201 917 3285 principio
940 3200 1124 3276 extrinseco,
1233 3204 1234 3219 ¹

196 3288 274 3352 sicot
296 3288 402 3352 lumen
425 3289 456 3353 in
480 3308 551 3352 sere
572 3309 610 3354 ex
633 3287 797 3354 influentia
814 3289 895 3354 solis.
927 3287 995 3353 Nou
1019 3300 1124 3354 cutem

197 3389 386 3465 potestesse
408 3376 491 3459 quod
514 3378 613 3461 ipsum
637 3395 705 3440 esse
728 3379 766 3442 sit
804 3391 965 3442 causatum
990 3376 1028 3442 ub
1054 3377 1121 3462 ipso

197 3461 296 3528 forme
312 3465 361 3529 rel
376 3463 544 3549 quidditete
558 3465 614 3544 rei,
629 3462 699 3530 dico
721 3468 800 3534 sicut
815 3486 832 3532 o
848 3485 940 3534 causa
954 3462 1121 3544 efficiente,
