2484 3975
392 247 449 296 tte.
473 251 511 296 vv.
535 251 598 299 cen.
622 254 703 300 xxvi.
953 233 1016 299 teo

95 319 128 385 in
150 339 206 384 sue
228 331 336 384 neture
359 322 502 399 existens,
525 337 555 386 et
578 343 666 387 mens
700 333 847 408 concepte
869 322 900 386 in
925 321 1016 388 intel·

95 408 187 488 lectu,
210 421 241 474 et
275 429 363 474 mens
398 426 499 474 emate
539 413 569 475 in
604 411 770 475 vuluntate.
809 410 876 474 Non
912 428 1015 476 temen

94 497 174 562 haec
197 497 253 561 tria
277 511 348 563 sunt
371 518 432 563 una
456 511 575 577 natura,
599 501 669 586 quie
696 499 866 582 intelligere
905 501 1017 565 inentis

93 605 158 650 non
182 597 227 651 est
250 585 316 671 ejus
352 605 430 663 esse,
453 605 511 652 nec
534 609 601 674 ejus
625 588 702 653 velie
725 602 770 652 est
793 588 860 673 ejus
873 608 942 653 esse
964 604 1016 653 eut

93 674 279 760 intelligere
302 687 333 739 et
355 688 481 762 propter
504 677 678 742 hoc‘etiam
702 697 791 741 mens
810 678 962 741 intellecta
987 691 1017 741 ει
1087 735 1091 749 ,

94 783 184 831 mens
207 779 308 828 emate
331 783 393 828 non
418 775 489 828 sunt
513 785 674 852 personae,
697 787 768 830 cum
791 768 927 830 nonsint
942 766 1016 830 sub·

95 865 249 916 sistentes:
272 871 361 917 mens
384 866 475 917 etiem
500 855 529 918 in
553 876 609 919 soa
637 869 748 920 nature
785 855 917 920 existens
951 875 1014 919 non

96 955 143 1005 cst
167 961 310 1026 persone,
333 961 404 1006 eum
427 962 488 1005 uon
512 944 550 1007 sit
573 955 671 1007 tutum
696 943 780 1029 quod
803 943 949 1020 subsistit,
961 943 1015 1008 sed

96 1049 168 1114 pars
191 1031 393 1109 subsistentis,
416 1031 530 1095 scilicet
553 1031 695 1096 hominis.
720 1033 753 1097 lu
778 1046 884 1096 mente
924 1032 1016 1117 igitur

98 1131 202 1180 nostre
227 1118 379 1182 invenitur
402 1119 571 1184 similitudo
594 1120 751 1185 Trinitatis
774 1120 895 1185 divinae
918 1141 1015 1205 quan-

97 1217 163 1268 tum
188 1205 225 1268 ed
256 1208 482 1292 processionem
506 1229 585 1294 quae
609 1209 790 1295 multiplicat
821 1209 1014 1288 Trinitatem,

96 1311 168 1358 cum
191 1313 227 1360 ex
250 1295 337 1359 dictis
359 1295 554 1362 menifestum
579 1297 617 1362 sit
640 1319 708 1363 esse
731 1300 762 1362 in
785 1297 888 1362 divine
905 1313 1014 1363 nature

94 1380 195 1446 Deum
220 1384 388 1469 ingenitum
411 1386 464 1470 qui
488 1399 532 1450 est
556 1387 648 1450 totius
671 1387 791 1452 divinae
809 1389 1014 1472 processionis

30 1525 37 1542 .
93 1473 290 1558 principium,
306 1473 420 1538 scilicet
428 1474 561 1549 Patrem,
574 1488 604 1539 et
616 1475 716 1540 Deum
730 1476 867 1559 genitum
877 1494 932 1560 per
948 1496 1014 1540 rno-

94 1562 169 1624 dum
187 1562 271 1626 verbi
289 1563 319 1627 in
333 1562 487 1628 intellectu
505 1565 655 1652 concepti,
685 1564 800 1629 scilicet
837 1564 960 1641 Filium,
984 1579 1014 1627 et

92 1648 194 1712 Deum
219 1669 274 1736 per
303 1650 431 1715 modurn
470 1654 583 1717 amoris
622 1654 853 1740 procedentem,
898 1653 1014 1716 scilieet

93 1737 240 1823 Spiritum
280 1737 445 1804 Sanctum:
481 1740 607 1806 ulterius
632 1757 735 1807 nutem
774 1743 852 1805 intra
877 1740 1012 1806 divinem

94 1839 236 1890 naturam
269 1828 353 1893 nulia
377 1831 533 1914 processio
555 1831 719 1909 invenitur,
744 1831 798 1895 sed
816 1829 916 1894 solum
946 1850 1017 1915 pro·

92 1916 191 1980 cessio
231 1916 262 1980 in
297 1920 465 1982 exteriores
489 1918 626 1985 effectus.
644 1920 677 1983 iu
703 1920 762 1983 hoc
786 1932 889 1982 eutem
912 1916 1016 1982 dciieit

93 2026 112 2073 e
150 2008 430 2091 repraesentatione
462 2007 584 2073 divinae
607 2010 767 2075 Trinitatis
804 2007 886 2094 quod
926 2007 1017 2073 Peter

91 2106 123 2159 et
157 2094 250 2159 Filius
288 2109 318 2159 et
349 2094 480 2181 Spiritus
501 2096 630 2163 Sanctus
653 2110 724 2163 sunt
747 2097 838 2162 unius
877 2111 1016 2172 naturae,

89 2196 122 2247 ct
144 2182 283 2267 singulus
316 2184 434 2249 horum
459 2199 505 2250 est
539 2206 670 2272 persona
695 2186 840 2273 perfecte,
863 2206 902 2250 eo
932 2186 1016 2270 quod

89 2271 262 2355 intelligere
299 2286 329 2337 ει
376 2274 456 2337 velle
487 2288 558 2339 sunt
591 2275 693 2361 ipsum
717 2296 786 2340 esse
809 2276 960 2349 divinent,
983 2287 1017 2337 ut

88 2374 248 2425 ostensum
282 2374 354 2425 est.
398 2362 432 2425 Et
471 2377 597 2447 propter
634 2365 693 2429 hoc
727 2366 770 2428 sic
804 2363 1017 2428 consideratur

91 2448 196 2514 divina
220 2448 390 2514 similitudo
414 2452 444 2513 in
470 2451 595 2516 homine
618 2455 697 2517 sicut
734 2451 901 2517 similitudo
942 2450 1016 2513 Her-

91 2537 172 2604 culis
194 2539 224 2601 in
249 2536 362 2625 lepide,
383 2551 533 2623 quantum
557 2539 596 2603 ed
619 2543 932 2627 repraesentationem
953 2538 1015 2602 ior·

90 2646 176 2697 mee,
200 2645 262 2691 non
286 2640 437 2712 quantum
460 2628 499 2691 ed
523 2632 769 2693 convenientiam
783 2629 1016 2701 naturae;oude

90 2728 125 2781 et
148 2715 179 2781 in
203 2729 306 2781 mente
330 2715 463 2782 iromiuis
486 2716 597 2782 dieitur
618 2738 688 2782 esse
724 2718 827 2802 imago
861 2716 930 2791 Dei,
967 2739 1017 2782 se·

90 2805 231 2871 cundum
254 2804 338 2869 iilud:
361 2805 526 2871 Faciamus
550 2807 704 2871 nemiuem
725 2807 768 2871 ud
797 2807 962 2892 imupt'ueue
986 2820 1016 2873 et

91 2894 328 2960 similitudinem
350 2904 499 2974 nostrum,
521 2894 609 2976 Gen,
637 2896 666 2975 i,
689 2896 742 2961 tto.

163 2982 318 3047 Invenitur
340 2984 431 3047 etiem
458 2988 489 3049 in
514 2984 580 3049 eliis
606 2986 700 3050 rebus
723 2984 845 3050 divinae
860 2984 1016 3049 Trinitatis

92 3070 273 3150 similitudo,
296 3084 386 3157 prout
407 3072 564 3158 quaelibet
598 3094 649 3139 res
685 3075 717 3139 in
754 3094 810 3139 sue
847 3074 1015 3138 substantia

93 3180 157 3223 une
181 3173 237 3238 εει,
259 3174 290 3225 ει
311 3160 414 3247 speeie
436 3162 589 3247 quaedem
613 3163 773 3243 formetur,
812 3178 842 3228 ει
874 3163 1015 3227 ordinem

94 3249 232 3333 aliquem
254 3249 355 3314 babet.
379 3250 465 3315 Sicut
486 3263 590 3315 eutem
614 3271 652 3316 ex
675 3252 763 3318 dictis
787 3264 880 3337 petet,
905 3272 1016 3316 eonce-

95 3340 161 3424 ptio
184 3337 356 3403 intellectus
378 3339 409 3403 in
434 3358 503 3403 esse
524 3338 709 3425 inteiligibiii
733 3354 779 3405 εει
811 3340 889 3405 sicut
923 3339 1015 3405 iniur-

96 3428 191 3492 matio
213 3427 325 3514 speciei
350 3429 380 3493 in
403 3447 471 3493 esse
494 3429 636 3508 natarat,
657 3450 747 3495 amor
761 3444 864 3494 eutem
881 3444 927 3493 εει
939 3430 1017 3494 sieut

97 3514 253 3582 inclinatio
275 3517 324 3601 vei
346 3516 424 3585 ordo
446 3518 477 3583 in
500 3536 534 3583 re
557 3520 700 3600 naturali3
723 3520 806 3585 uude
834 3533 865 3583 et
898 3520 1017 3606 species
