2484 3975
223 211 289 278 666
641 227 728 276 raom
806 258 809 264 -

221 316 286 390 Cap.
304 309 346 369 66.
380 309 482 436 Ι66716776
499 325 590 366 sotum
601 329 670 384 quae
682 302 879 382 objiciebantur
888 326 920 366 ex
929 316 1008 382 parte
1079 383 1137 437 ²33

389 399 428 436 oea
465 417 956 441 ............

222 456 286 531 Cap.
304 455 347 510 05.
383 454 484 508 Soiutio
495 469 586 510 eorum
597 473 665 528 quae
678 453 870 526 objiciebantur
883 471 916 507 ex
937 398 1049 526 param

381 526 553 580 accidentium
566 561 1003 581 ...........
1038 545 1052 579 6
1087 525 1136 579 att

223 597 286 672 Cap.
304 597 348 653 66.
384 597 486 650 Salutio
497 613 589 654 corum
601 615 670 669 quae
681 598 874 670 oineiebantur
882 613 916 652 ex
930 597 1007 668 parte

382 670 490 722 actionis
507 675 534 722 et
565 671 693 740 passionis
727 703 1006 725 .......
1039 686 1054 719 a
1097 665 1149 720 7770

223 739 287 814 Cap.
306 735 351 796 67.
383 739 487 862 fSalutio
499 755 591 794 eorum
603 758 672 811 quae
683 740 874 812 objiciebantur
889 755 922 794 ex
935 745 1012 811 parte

395 811 558 866 metionis..
595 852 601 865 .
640 851 646 865 .
684 852 691 868 .
729 853 735 866 .
771 850 779 866 .
817 850 824 866 .
862 847 1000 866 ....

225 879 289 954 Cap.
308 881 351 935 68.
388 881 488 935 Salutio
507 883 671 938 auctoritatis
688 883 917 954 supra.induotae.
954 922 961 936 .
1000 920 1008 934 .

226 951 290 1024 Cap.
309 951 354 1006 69.
390 951 429 1004 Ex
446 954 518 1024 quali
537 970 605 1025 pane
622 963 650 1009 et
666 957 731 1009 vino
748 955 827 1008 debet
848 951 942 1007 666667
960 952 1009 1006 hoc

385 1032 578 1078 sacramentum
599 1060 1008 1081 ..........
1042 1041 1057 1074 6
1093 1019 1149 1074 aot

226 1093 290 1165 Cap.
309 1093 353 1149 70.
389 1096 429 1148 De
462 1103 626 1149 sacramento
651 1094 838 1167 poeniteutiam
867 1103 894 1148 et
924 1095 1010 1165 primo

383 1165 454 1238 quod
473 1167 602 1234 homiues,
626 1174 686 1238 post
717 1170 829 1236 gratiam
859 1182 1008 1221 sacramen-

381 1245 461 1290 tatem
483 1245 630 1308 acceptam,
658 1255 767 1309 peecare
784 1245 917 1310 possunt.
954 1277 962 1292 .
999 1275 1006 1289 .
1039 1255 1053 1286 6
1093 1234 1151 1288 ast

225 1306 289 1380 Cap.
306 1306 351 1360 77.
387 1308 464 1392 Quod
481 1308 559 1362 homo
577 1325 687 1380 peccans
709 1317 771 1393 post
783 1316 1007 1394 sacrameptorum
1119 1354 1122 1359 ,

224 1449 288 1520 c...
306 1448 350 1503 6.
385 1381 1007 1522 6766676673676676606ἴὲ7666
1039 1395 1055 1500 ’.ἶ
1093 1375 1149 1502 {ii

225 1521 290 1591 Cap.
307 1519 350 1576 75.
387 1522 427 1576 De
444 1529 607 1576 sacramento
626 1531 758 1577 extremae
782 1525 922 1578 unctionis.
958 1562 966 1578 .
1003 1562 1011 1578 .
1043 1539 1058 1571 a
1095 1517 1153 1572 775

226 1591 291 1662 Cap.
308 1592 351 1648 76.
387 1593 427 1646 De
445 1600 608 1648 sacramento
627 1595 728 1649 ordinis
742 1630 1009 1651 .......
1046 1611 1061 1644 6
1099 1589 1155 1642 679

226 1661 290 1734 Cap.
309 1664 353 1719 777.
389 1665 428 1718 De
438 1666 608 1718 distinetione
617 1667 740 1719 ordinum
744 1702 1009 1722 .......
1045 1683 1060 1716 6
1098 1660 1155 1714 686

226 1733 291 1806 Cap.
309 1735 352 1790 76.
388 1737 428 1788 De
446 1738 585 1807 episcopati
604 1738 746 1806 dignitate,
778 1743 805 1790 et
822 1737 893 1807 quod
924 1735 952 1792 in
980 1749 1011 1790 ea
1035 1801 1038 1808 .

389 1823 460 1861 uuus
478 1809 512 1860 sit
529 1825 694 1863 summus..
729 1849 735 1863 .
774 1807 798 1861 .'
865 1847 872 1862 .
908 1848 916 1864 .
955 1848 964 1864 .
1002 1845 1010 1860 .
1046 1824 1062 1858 6
1101 1801 1159 1856 687

227 1876 291 1947 Cap.
309 1877 352 1930 77.
389 1878 468 1946 Quod
496 1895 543 1949 per
572 1881 654 1932 malos
682 1881 817 1934 ministros
847 1884 1011 1934 sacramenta

385 1949 532 2020 dispensari
551 1957 661 2021 possunt
663 1988 1008 2007 .........
1042 1966 1057 2000 6
1098 1944 1157 2000 687

227 2022 293 2095 Cap.
309 2020 354 2077 78.
389 2020 429 2075 De
451 2030 614 2076 sacramento
633 2024 793 2076 matrimonii
821 2058 1006 2077 .....
1041 2038 1057 2073 6
1098 2017 1157 2071 689

561 2144 595 2181 DE
607 2142 668 2183 7776
693 2142 822 2182 nnana.

226 2232 290 2303 Cap.
308 2229 353 2287 79.
388 2232 465 2298 Quod
478 2247 526 2303 per
543 2230 677 2288 Christum
690 2232 848 2286 resurreetio
864 2246 1005 2301 corporum

389 2300 1151 2358 sitfutura...........n29{

226 2374 291 2447 Cap.
309 2374 353 2429 80.
389 2374 554 2442 objectiones
572 2382 665 2428 eontra
692 2375 918 2429 resurrectionem.
955 2411 964 2427 .
996 2408 1007 2436 ,.
1043 2390 1058 2424 6
1097 2372 1156 2425 905

228 2445 292 2519 Cap.
312 2446 355 2500 87.
391 2446 492 2499 Salutio
511 2449 717 2515 praemissarum
744 2446 919 2513 objectionum
957 2484 964 2499 .
1001 2479 1009 2497 .
1044 2462 1059 2495 6
1099 2442 1156 2495 697

230 2520 293 2592 Cap.
312 2518 355 2571 86.
392 2517 469 2583 Quod
487 2516 603 2570 homines
623 2523 762 2586 resurgent
779 2519 966 2571 immortates.
1001 2554 1010 2570 .
1046 2534 1061 2567 6
1099 2514 1157 2567 506

228 2591 294 2663 Cap.
313 2588 359 2643 85.
393 2587 470 2654 Quod
502 2589 528 2641 iu
557 2593 748 2643 resurrectione
778 2605 832 2642 non
865 2589 917 2641 erit
947 2602 1011 2642 usus

387 2660 506 2712 ciborum
525 2676 609 2730 neque
629 2675 833 2714 venereorum.
870 2698 877 2712 .
915 2699 922 2712 .
1046 2676 1061 2710 6
1100 2656 1157 2710 507

228 2731 292 2805 Cap.
310 2730 354 2785 84.
391 2731 469 2800 Quod
488 2747 599 2800 corpora
622 2732 818 2799 resurgentium
848 2725 1011 2805 eruntejus-

387 2804 449 2854 dem
466 2809 577 2855 naturae
593 2804 663 2856 siout
681 2805 755 2872 prius
781 2838 1009 2857 ......
1045 2819 1063 2851 6
1100 2800 1158 2854 577

229 2871 293 2946 Cep.
312 2874 359 2928 at.
394 2872 473 2943 Quod
491 2889 601 2942 corpora
627 2874 821 2943 resurgentium
853 2880 932 2926 erunt
951 2873 1013 2927 aite-

389 2946 445 2997 rius
463 2945 642 3015 dispositionis
660 2962 739 3016 quam
767 2954 828 2999 ante
830 2981 1011 2998 .....
1047 2963 1063 2995 ιι
1101 2939 1156 2994 560

228 3017 290 3085 Cap.
308 3015 343 3070 80
387 3016 427 3068 776
445 3018 579 3086 qualitatet
597 3033 737 3087 corporum
753 3018 967 3085 glorificatorum.
1004 3054 1013 3071 .
1048 3033 1064 3066 6
1102 3012 1157 3065 566

229 3087 292 3159 Cap,
312 3087 356 3143 87.
390 3088 430 3141 De
450 3089 507 3140 7666
535 3103 675 3158 corporum
693 3088 921 3156 glorificatorum.
961 3122 968 3137 ·
1005 3124 1014 3141 .
1049 3104 1065 3137 6
1104 3083 1158 3136 5677

229 3160 293 3229 Cap.
312 3158 356 3213 88.
393 3160 432 3215 De
454 3175 519 3211 sexu
536 3165 563 3211 et
582 3166 667 3213 aetate
685 3162 880 3229 resurgentium
918 3196 924 3209 .
961 3196 968 3210 .
1006 3198 1014 3214 .
1048 3176 1064 3208 6
1103 3154 1158 3207 52⁰

230 3231 295 3301 Cap.
314 3230 361 3286 89.
395 3232 435 3284 De
453 3231 580 3301 qualitate
598 3248 739 3302 corporum
771 3230 965 3301 resurgentium
984 3229 1012 3283 in

389 3304 566 3357 damnatis..
610 3292 1155 3358 ‚‚„„‚.„n527

230 3372 295 3444 Cap.
312 3372 356 3429 90.
393 3374 559 3441 Quommodo
577 3374 741 3428 substantiae
769 3372 937 3445 incorporeae
965 3386 1012 3439 pa·

396 3446 498 3497 tiantur
517 3444 551 3497 ab
570 3446 630 3513 igne
647 3461 773 3514 corporeo
785 3479 1011 3500 ......
1047 3459 1062 3490 a
1104 3437 1167 3492 5777

231 3510 295 3583 Cap.
314 3512 360 3567 97.
393 3515 468 3579 Quod
489 3516 599 3585 animae,
623 3518 711 3568 statim
735 3522 795 3585 post
824 3512 1013 3587 separationem
