2484 3975
207 215 273 281 560
575 237 768 283 utssanrann

200 307 300 406 utitur
323 305 389 407 ipse
412 300 581 388 (Thomas)
606 306 695 371 dietis
712 304 891 407 Aristotelia,
907 316 940 371 et
975 304 1130 406 immiscet

203 414 279 548 lta
295 393 706 571 tililttl'ttltltttt
728 394 925 549 illibi,
946 406 1129 547 liliati:

203 571 286 637 llaec
308 572 480 638 instaurata
503 573 630 659 querela
654 594 671 637 a
696 572 846 639 casimiro
870 570 995 637 (ludino
1017 585 1049 635 et
1078 570 1128 636 la·

202 660 282 725 eobo
304 660 482 741 Bruckero,
507 663 537 727 in
562 662 710 748 peculiari
734 662 956 728 Dissertatione
978 660 1056 725 mibi
1082 671 1130 725 eat

204 746 368 814 refutanda
392 750 453 834 (ll.

215 836 1130 925 2mfflmmmfflmmmwm

204 926 347 1011 quentius
371 927 410 993 ab
435 928 584 1013 Aquinate
608 928 744 994 adbibita
761 928 844 993 baud
860 948 935 992 sane
950 925 1130 991 infitiamur.

205 1012 266 1079 Cur
291 1036 364 1081 uero
382 1016 429 1080 bis
441 1016 577 1081 Thomas
595 1039 669 1083 usus
684 1015 776 1082 suerit
788 1016 911 1102 quodve
924 1016 995 1081 insit
1011 1014 1129 1081 eisdem

204 1116 417 1182 momentum,
444 1126 524 1171 oum
563 1106 602 1171 ad
636 1126 798 1191 supremas
835 1105 955 1171 divinas
987 1105 1131 1170 veritates
1238 1123 1239 1182 t

205 1193 404 1277 exponendas
428 1194 602 1267 trabuntur,
628 1194 694 1278 ipse
729 1194 820 1259 docet
853 1194 1038 1280 Praeceptor
1071 1192 1133 1257 dn·
1238 1199 1239 1230 r

205 1280 321 1363 galiena
345 1282 419 1347 loeis
449 1282 601 1369 plurimis.
626 1282 783 1366 insignem
808 1282 904 1348 aliero
927 1296 1056 1357 textum,
1078 1280 1131 1367 qui
1238 1349 1239 1354 ,

206 1368 287 1435 libro
312 1372 411 1454 primu
435 1372 537 1458 operis
561 1374 613 1455 (e.
631 1372 687 1457 8),
710 1370 749 1435 de
765 1393 827 1457 quo
843 1372 974 1455 agimus,
989 1370 1134 1436 babetur:
1238 1375 1239 1448 l

204 1486 219 1515 n
250 1456 518 1526 Considerandum
542 1461 635 1524 etiam
671 1460 791 1526 uidetur
814 1460 897 1547 quod
921 1481 971 1526 res
1004 1458 1133 1544 quidem

206 1575 221 1605 ι
250 1549 412 1615 sensibiles
447 1552 504 1634 (et
527 1564 687 1614 creaturae
709 1570 820 1615 omnes
836 1550 860 1633 )‚
884 1570 922 1614 ac
944 1548 1055 1633 quibua
1076 1549 1133 1613 lnt-
1238 1539 1239 1632 J

206 1664 220 1693 a
249 1656 361 1700 nunnae
384 1640 467 1703 ratio
506 1638 690 1721 cognitionis
714 1640 899 1725 principium
933 1637 1038 1715 sumit,
1072 1638 1135 1701 uli·
1238 1709 1239 1730 χ

205 1754 219 1785 s
250 1727 374 1811 qoniam
406 1728 567 1812 uestipinm
596 1733 630 1790 in
653 1748 685 1792 ae
707 1728 832 1793 diuinae
854 1727 1038 1793 imitationis
1060 1726 1133 1791 reti·
1238 1735 1239 1818 l

204 1843 219 1873 ι
251 1828 324 1879 nent
347 1816 515 1903 (videlieet
549 1816 740 1901 quodsum,
774 1830 805 1881 et
835 1816 935 1882 bonae
958 1816 1069 1901 aton),
1091 1814 1134 1881 ita

206 1932 221 1962 ι
253 1916 356 1970 tamen
378 1905 591 1991 imperfectum
622 1905 706 1992 quod
730 1904 769 1969 ad
793 1905 1015 1971 declarandam
1039 1903 1134 1991 ipsius

206 2021 220 2051 ι
250 1993 308 2057 Dei
342 1997 544 2062 substantiam
579 1997 705 2060 cannino
738 1995 929 2082 insufficiens
962 1996 1134 2060 inuenitur.

205 2109 219 2141 s
251 2081 371 2147 liabent
387 2086 470 2148 enim
487 2085 613 2150 allectus
628 2105 755 2149 suarum
769 2095 946 2156 causarum,
957 2103 1015 2148 suo
1028 2082 1137 2160 modo,

206 2199 221 2230 s
251 2161 497 2251 similitudinem,
532 2193 604 2237 cum
642 2193 738 2258 agens
760 2186 830 2257 agat
852 2171 911 2237 sibi
933 2171 1046 2248 simile3
1070 2191 1137 2235 non

206 2289 220 2319 s
251 2267 355 2326 tamen
379 2260 504 2326 allectus
528 2261 566 2325 ad
580 2261 750 2346 perlectam
766 2261 885 2345 agentis
900 2259 1138 2326 similitudinem

206 2377 220 2409 s
251 2369 371 2434 semper
393 2349 546 2435 pertingit.
583 2349 731 2414 Humana
754 2349 849 2434 ipitur
881 2351 976 2424 ratio,
1010 2349 1049 2414 a'd
1082 2367 1138 2412 co·

206 2465 220 2498 a
252 2438 465 2524 gnosoendum
489 2437 578 2503 Fidei
595 2440 767 2513 veritatem,
790 2458 870 2522 quae
885 2439 987 2503 solum
1005 2435 1139 2502 uidenti·

206 2556 221 2586 »
252 2529 311 2593 bns
335 2527 478 2592 Divinam
501 2527 704 2592 substantiam
727 2526 858 2610 (altiori
883 2526 1002 2592 lumine
1017 2524 1139 2611 gloriae

206 2643 220 2676 s
252 2616 433 2702 roboratis)
457 2629 649 2702 potestesse
684 2616 859 2692 notissimo,
894 2617 935 2680 ita
970 2635 1004 2679 se
1041 2612 1139 2678 babet

205 2734 220 2765 s
251 2705 335 2793 quod
359 2705 491 2770 adeam
516 2705 756 2791 potestoliqnia
790 2726 882 2769 veroa
915 2702 1139 2769 similitudines

206 2822 220 2853 ι
250 2795 406 2877 colligere
429 2814 509 2880 quae
533 2807 637 2858 tamen
661 2813 724 2858 non
752 2791 958 2858 sufficiuntad
974 2793 1036 2857 boo
1050 2789 1139 2878 quod

206 2908 220 2942 ι
251 2883 407 2969 praedicta
432 2883 554 2958 veritas,
578 2883 669 2966 quasi
692 2881 982 2953 demostrotioenel
1008 2901 1063 2966 per
1104 2899 1143 2945 ae

207 3001 221 3031 s
252 2972 405 3037 intellecta
428 2969 721 3056 comprehendatur.
749 2970 830 3034 Utile
853 2985 957 3034 tamen
976 2983 1023 3034 est
1045 2980 1088 3046 ut,
1103 2967 1141 3032 in

206 3090 220 3120 s
252 3059 430 3147 hujusmodi
455 3059 627 3126 rationibus
663 3071 942 3144 quantumcumque
981 3055 1140 3122 debilibus

207 3179 221 3209 s
251 3170 284 3215 se
308 3169 396 3214 mens
420 3149 555 3213 bumana
580 3161 733 3222 exerceat,
759 3147 935 3214 dummodo
959 3147 1038 3211 desit
1053 3166 1140 3211 oom-
1238 3184 1239 3191 κ

206 3268 220 3298 s
250 3237 463 3324 preitendendi
486 3237 534 3301 uel
557 3236 793 3302 demonstrandi
817 3237 1043 3322 praesumptim
1065 3233 1141 3320 quia
1238 3258 1239 3301 t

206 3356 221 3386 ι
251 3328 290 3392 de
311 3325 404 3390 rebus
420 3326 593 3403 ultissimis,
616 3327 709 3390 etiam
730 3345 835 3410 perun
859 3337 890 3390 et
911 3325 1011 3389 debili
1038 3323 1141 3387 conai-
1238 3394 1239 3407 Σ

261 3447 298 3510 tlt
317 3446 357 3500 Cl.
375 3445 448 3498 nm.
468 3447 501 3498 de
520 3447 626 3512 Rubeis,
645 3447 676 3499 de
698 3447 786 3500 Gestis
807 3451 833 3500 el
850 3445 960 3514 Scriptis
978 3463 1009 3500 oe
1023 3445 1145 3504 doctrino

208 3520 235 3574 S.
259 3519 372 3572 Titomne
390 3520 523 3588 equinatis
542 3513 656 3571 Dissert.
677 3519 741 3573 erit.
759 3525 787 3572 et
808 3518 991 3589 apologeticae.
