2484 3975
212 219 257 285 11
523 217 578 284 tia.
609 238 647 282 tv.
677 238 741 285 aar,
765 238 825 283 ιιιι.

209 318 312 396 potest
333 305 453 373 ostendi
475 308 559 395 quod
583 306 678 373 Filius
700 312 738 373 sit
761 309 863 372 minor
892 306 982 373 Patre
1005 307 1062 375 nisi
1086 330 1141 375 se-

209 397 346 462 candum
371 397 541 461 humanam
563 409 717 463 naturam.
740 396 809 461 Non
834 396 917 461 enim
955 397 1050 465 Filius
1072 399 1139 465 cla·

208 486 380 551 rilmationa
402 484 517 571 indiget
541 487 628 571 quasi
652 485 692 550 de
725 506 807 551 novo
846 484 1015 551 claritatem
1053 489 1138 553 acci-

208 574 308 659 piens,
331 594 401 640 cum
426 594 495 639 eam
521 575 702 659 profiteatur
723 595 757 639 sc
779 585 851 639 ante
890 574 1042 640 mundum
1080 576 1140 641 ha·

208 664 322 737 buisse;
345 664 399 728 sed
424 662 584 749 oportebat
607 662 690 749 quod
713 684 769 727 sua
806 661 940 741 claritas,
973 683 1053 749 quae
1075 666 1140 731 sub

207 753 386 817 infirmitate
408 752 510 817 carnis
532 765 598 817 erat
623 751 785 829 occultata,
810 771 865 835 per
901 752 1002 817 coritis
1039 752 1139 832 glori·

208 840 385 907 ficationem
408 854 440 905 et
462 840 684 905 miraculorum
708 840 920 925 operationem
955 840 1138 907 manifesta·

208 944 303 1007 retur,
328 932 358 995 in
383 929 443 994 fide
467 929 659 993 credentium
684 928 881 1015 populoruun
905 928 988 994 unde
1010 928 1050 995 de
1065 929 1139 1015 ejus

207 1018 411 1084 occultatione
427 1016 549 1083 dicitur:
573 1017 611 1082 Et
635 1018 725 1102 qrrast'
759 1016 959 1083 absconditus
992 1033 1040 1084 est
1065 1021 1139 1083 cul·

209 1118 258 1173 tar
280 1109 389 1191 ejus...‚
411 1107 568 1171 undenae
590 1107 804 1191 reputavimus
843 1127 923 1185 eum,
960 1106 1041 1187 lsai,
1078 1108 1138 1187 55,
1229 1165 1230 1194 p

208 1196 239 1260 5.
264 1194 412 1260 Similiter
435 1208 549 1274 autem,
571 1196 744 1260 secundum
768 1196 828 1260 hoc
865 1195 1003 1261 Christus
1036 1199 1139 1262 susci·
1229 1203 1230 1286 ζ

208 1298 288 1349 tutus
311 1282 462 1368 estquod
486 1298 532 1349 est
555 1306 662 1369 passus
684 1298 716 1349 ει
739 1299 890 1363 mortuus,
922 1284 1000 1351 idest
1022 1305 1137 1351 sccun-
1229 1305 1230 1308 ’

207 1372 281 1437 dum
306 1392 443 1449 carnem;
466 1372 577 1437 dicitur
598 1375 692 1437 enim.
721 1374 842 1438 Christo
863 1375 1003 1457 patroio
1026 1394 1135 1455 corne,

194 1472 238 1545 ει
259 1481 313 1527 uos
335 1462 444 1527 eadem
478 1463 661 1547 capitatione
682 1463 862 1537 armamini,
888 1464 902 1527 1
930 1462 1077 1541 Perna,
1105 1466 1141 1533 1.
1229 1529 1230 1538 ,

208 1550 337 1615 Exaltari
361 1552 454 1614 etiam
478 1572 550 1616 eum
574 1553 710 1638 oportuit
745 1552 920 1617 secundum
955 1552 1015 1617 hoc
1052 1554 1142 1637 quod
1229 1541 1230 1562 ¹

207 1638 264 1704 luit
286 1639 475 1717 humiliatum
500 1661 572 1704 nam
596 1655 627 1704 et
649 1640 813 1725 Apostolus
836 1641 919 1705 dicit:
949 1640 1142 1706 Humiliuoit

208 1731 405 1811 semetipsam
435 1728 535 1811 sactus
572 1729 716 1793 obediens
752 1750 848 1814 usqae
881 1731 925 1794 ad
960 1741 1141 1809 nrortcm...,

204 1828 336 1901 propter
359 1818 442 1901 quod
465 1828 494 1883 et
518 1818 601 1882 Deus
625 1819 775 1882 ecaltooit
797 1820 897 1895 illum,
935 1817 1080 1903 Portippa,
1102 1819 1139 1898 Ξ,

207 1905 275 1971 8-9.
300 1906 350 1971 Sia
374 1926 461 1991 ergo,
485 1927 539 1993 per
564 1907 623 1971 hoo
646 1907 729 1992 quod
743 1905 832 1971 Pater
855 1906 1001 1971 clarificat
1012 1906 1141 1983 Filium,

206 1997 333 2060 suscitat
348 2009 378 2059 et
402 1997 524 2074 exaltat,
549 1996 644 2060 Filius
667 2016 731 2059 non
754 1996 926 2061 ostenditur
952 1997 1054 2061 minor
1076 1997 1141 2062 Pa·

208 2099 265 2161 ιιε,
288 2085 346 2148 nisi
370 2084 541 2149 secundum
567 2085 738 2149 humanam
773 2099 926 2160 naturam;
964 2106 1047 2162 nam,
1086 2105 1139 2150 se-

207 2171 343 2238 cundum
369 2171 505 2237 divinam
529 2187 684 2252 naturam,
708 2187 838 2255 quaest
871 2173 953 2238 Patri
987 2174 1140 2260 aequalis,

209 2276 255 2327 est
279 2261 389 2325 eadem
414 2262 509 2326 virtus
532 2260 630 2327 Patris
653 2275 683 2325 ct
706 2262 774 2326 Filii
798 2262 828 2326 ει
851 2261 962 2326 eadem
986 2264 1140 2349 operatio;

208 2349 292 2416 unde
315 2365 345 2414 ει
368 2350 433 2434 ipse
456 2350 550 2414 Filius
575 2351 699 2436 propria
723 2353 834 2416 virtute
855 2371 890 2414 se
927 2351 1049 2430 exaltat,
1087 2373 1139 2418 se-

206 2439 343 2504 cundum
367 2438 443 2502 illud
468 2438 658 2504 psalmistae:
674 2438 835 2518 sautiare,
850 2440 991 2518 Domine,
1013 2442 1047 2505 in
1072 2443 1141 2506 oir-

209 2539 270 2592 tate
294 2539 358 2604 tna,
382 2527 507 2604 psalm,
544 2527 598 2606 10,
634 2528 687 2595 tt:
725 2529 791 2614 ipse
825 2529 963 2615 seipsum
999 2531 1138 2610 suscitat,

207 2616 291 2701 quod
313 2616 352 2681 de
375 2637 409 2682 se
432 2617 513 2682 dicit:
530 2616 717 2682 Potestatcm
732 2617 828 2682 labeo
842 2619 978 2702 ponendi
992 2621 1136 2685 animam

206 2725 318 2780 meam,
342 2715 371 2768 ει
371 2753 422 2770 .....
439 2707 558 2785 ¹iterum
580 2706 723 2770 sumendi
766 2727 845 2782 eam,
880 2707 980 2783 loon,
1004 2708 1056 2787 10,
1081 2708 1137 2788 18,

208 2795 273 2878 ipse
297 2793 388 2858 etiam
411 2814 473 2858 non
496 2794 596 2859 solum
621 2796 756 2880 seipsum
780 2794 937 2874 clarificat,
960 2795 1015 2862 sed
1038 2799 1135 2865 eriam

209 2881 342 2955 Patrem3
365 2881 437 2945 dicit
460 2885 554 2949 enim:
581 2883 727 2970 Clarilica
749 2883 867 2948 Filium
891 2895 986 2963 tuum,
1023 2885 1136 2951 11141-

209 2972 268 3034 1111
292 2981 361 3034 taus
383 2972 531 3058 clara'ficet
555 2983 592 3051 te,
614 2973 715 3048 loan.
740 2969 791 3048 17,
815 2969 844 3049 1;
865 2991 930 3036 non
952 2975 1036 3059 quotl
1074 2974 1134 3039 Pa-

209 3073 255 3123 ter
277 3058 429 3122 velamina
454 3059 554 3124 carnis
578 3074 754 3146 assumptae
784 3061 822 3126 sit
859 3061 1040 3141 occultatus,
1075 3063 1135 3130 sed

207 3168 281 3212 suae
306 3147 510 3212 invisibilitate
534 3163 673 3228 naturae,
696 3169 759 3235 quo
781 3150 874 3214 etiam
905 3149 1000 3215 modo
1038 3150 1134 3218 Filius

208 3249 254 3300 est
277 3236 414 3302 occultus
437 3236 608 3302 secundum
632 3200 769 3304 divinam
792 3251 945 3316 naturam;
977 3259 1050 3304 nant
1072 3238 1135 3305 Pa

208 3324 245 3387 tri
268 3338 298 3388 ει
321 3325 397 3389 Filio
420 3346 586 3390 commune
610 3340 656 3391 est
678 3326 762 3411 quod
784 3327 905 3392 dicitur:
945 3327 1020 3393 Vere
1043 3339 1076 3394 ιιι
1097 3348 1133 3396 ee

208 3412 292 3476 Deus
314 3413 511 3478 absconditur
533 3413 646 3491 lsrael,
668 3415 752 3480 Deru
783 3399 942 3495 Salvator,
964 3415 1042 3496 lsai,
1075 3416 1133 3498 to,

209 3499 261 3566 to
284 3500 378 3566 Filius
401 3515 505 3568 autem
528 3501 652 3570 Patrem
676 3502 832 3585 clarificat,
860 3525 924 3571 noa
958 3467 1133 3575 ctartiarem'
