<?xml version="1.0" encoding="UTF-8"?>
<!DOCTYPE html PUBLIC "-//W3C//DTD XHTML 1.0 Transitional//EN"
    "http://www.w3.org/TR/xhtml1/DTD/xhtml1-transitional.dtd">
<html xmlns="http://www.w3.org/1999/xhtml" xml:lang="en" lang="en">
 <head>
  <title>
</title>
<meta http-equiv="Content-Type" content="text/html;charset=utf-8" />
  <meta name='ocr-system' content='tesseract 3.04.00' />
  <meta name='ocr-capabilities' content='ocr_page ocr_carea ocr_par ocr_line ocrx_word'/>
</head>
<body>
  <div class='ocr_page' id='page_1' title='image "./sanctithomaeaqu01thomgoog_0644.png"; bbox 0 0 2484 3975; ppageno 0'>
   <div class='ocr_carea' id='block_1_1' title="bbox 233 208 738 274">
    <p class='ocr_par' dir='ltr' id='par_1_1' title="bbox 233 208 738 274">
     <span class='ocr_line' id='line_1_1' title="bbox 233 208 738 274; baseline 0 0"><span class='ocrx_word' id='word_1_1' title='bbox 233 208 297 274; x_wconf 77' lang='lat' dir='ltr'>ott</span> <span class='ocrx_word' id='word_1_2' title='bbox 651 229 738 274; x_wconf 76' lang='lat' dir='ltr'>runnu</span> 
     </span>
    </p>
   </div>
   <div class='ocr_carea' id='block_1_2' title="bbox 183 310 1162 1794">
    <p class='ocr_par' dir='ltr' id='par_1_2' title="bbox 183 310 1162 1794">
     <span class='ocr_line' id='line_1_2' title="bbox 229 310 1152 386; baseline 0.001 -19"><span class='ocrx_word' id='word_1_3' title='bbox 229 313 293 385; x_wconf 76' lang='lat' dir='ltr'>Cap.</span> <span class='ocrx_word' id='word_1_4' title='bbox 313 310 356 368; x_wconf 86' lang='grc'>17.</span> <span class='ocrx_word' id='word_1_5' title='bbox 390 311 468 381; x_wconf 83' lang='lat' dir='ltr'>Quod</span> <span class='ocrx_word' id='word_1_6' title='bbox 488 312 602 383; x_wconf 77' lang='lat' dir='ltr'>Spiritus</span> <span class='ocrx_word' id='word_1_7' title='bbox 617 313 728 367; x_wconf 88' lang='lat' dir='ltr'>Sanctus</span> <span class='ocrx_word' id='word_1_8' title='bbox 738 313 772 365; x_wconf 89' lang='lat' dir='ltr'>sit</span> <span class='ocrx_word' id='word_1_9' title='bbox 789 328 868 365; x_wconf 86' lang='lat' dir='ltr'>verus</span> <span class='ocrx_word' id='word_1_10' title='bbox 881 313 963 367; x_wconf 86' lang='lat' dir='ltr'>Dans.</span> <span class='ocrx_word' id='word_1_11' title='bbox 1000 331 1056 386; x_wconf 79' lang='lat' dir='ltr'>pag.</span> <span class='ocrx_word' id='word_1_12' title='bbox 1116 320 1152 374; x_wconf 79' lang='grc'>83</span> 
     </span>
     <span class='ocr_line' id='line_1_3' title="bbox 229 383 1009 457; baseline 0 -19"><span class='ocrx_word' id='word_1_13' title='bbox 229 386 291 457; x_wconf 88' lang='lat' dir='ltr'>Cap.</span> <span class='ocrx_word' id='word_1_14' title='bbox 311 383 354 438; x_wconf 87' lang='grc'>18.</span> <span class='ocrx_word' id='word_1_15' title='bbox 388 384 465 450; x_wconf 82' lang='lat' dir='ltr'>Quod</span> <span class='ocrx_word' id='word_1_16' title='bbox 484 383 598 454; x_wconf 80' lang='lat' dir='ltr'><strong>Spiritus</strong></span> <span class='ocrx_word' id='word_1_17' title='bbox 616 386 727 439; x_wconf 88' lang='lat' dir='ltr'>Sanctus</span> <span class='ocrx_word' id='word_1_18' title='bbox 741 387 776 438; x_wconf 91' lang='lat' dir='ltr'>sit</span> <span class='ocrx_word' id='word_1_19' title='bbox 793 385 939 438; x_wconf 82' lang='lat' dir='ltr'>subsistens</span> <span class='ocrx_word' id='word_1_20' title='bbox 948 401 1009 455; x_wconf 88' lang='lat' dir='ltr'>per-</span> 
     </span>
     <span class='ocr_line' id='line_1_4' title="bbox 385 461 1146 515; baseline 0 -7"><span class='ocrx_word' id='word_1_21' title='bbox 385 472 449 508; x_wconf 89' lang='lat' dir='ltr'>sona</span> <span class='ocrx_word' id='word_1_22' title='bbox 469 491 1004 511; x_wconf 83' lang='lat'><strong>.............</strong></span> <span class='ocrx_word' id='word_1_23' title='bbox 1043 477 1057 511; x_wconf 90' lang='grc' dir='ltr'>ιι</span> <span class='ocrx_word' id='word_1_24' title='bbox 1109 461 1146 515; x_wconf 85' lang='grc'>90</span> 
     </span>
     <span class='ocr_line' id='line_1_5' title="bbox 228 525 1008 598; baseline 0 -18"><span class='ocrx_word' id='word_1_25' title='bbox 228 527 291 598; x_wconf 87' lang='lat' dir='ltr'>Cap.</span> <span class='ocrx_word' id='word_1_26' title='bbox 310 525 352 581; x_wconf 81' lang='grc'>19.</span> <span class='ocrx_word' id='word_1_27' title='bbox 388 527 524 592; x_wconf 80' lang='lat' dir='ltr'><strong>Quomodo</strong></span> <span class='ocrx_word' id='word_1_28' title='bbox 550 528 716 596; x_wconf 80' lang='lat' dir='ltr'>intelligenda</span> <span class='ocrx_word' id='word_1_29' title='bbox 733 533 798 582; x_wconf 90' lang='lat' dir='ltr'>suut</span> <span class='ocrx_word' id='word_1_30' title='bbox 815 543 883 596; x_wconf 86' lang='lat' dir='ltr'>quac</span> <span class='ocrx_word' id='word_1_31' title='bbox 901 528 934 580; x_wconf 84' lang='lat' dir='ltr'>dc</span> <span class='ocrx_word' id='word_1_32' title='bbox 950 528 1008 598; x_wconf 91' lang='lat' dir='ltr'>Spi-</span> 
     </span>
     <span class='ocr_line' id='line_1_6' title="bbox 385 599 1146 657; baseline 0.008 -7"><span class='ocrx_word' id='word_1_33' title='bbox 385 600 439 652; x_wconf 88' lang='lat' dir='ltr'>ritu</span> <span class='ocrx_word' id='word_1_34' title='bbox 458 599 689 653; x_wconf 86' lang='lat' dir='ltr'>Sanctodicuntur</span> <span class='ocrx_word' id='word_1_35' title='bbox 698 635 1014 654; x_wconf 88' lang='grc'><strong>........</strong></span> <span class='ocrx_word' id='word_1_36' title='bbox 1048 621 1064 653; x_wconf 82' lang='grc' dir='ltr'>ιι</span> <span class='ocrx_word' id='word_1_37' title='bbox 1114 604 1146 657; x_wconf 71' lang='lat' dir='ltr'>bb</span> 
     </span>
     <span class='ocr_line' id='line_1_7' title="bbox 227 667 1010 740; baseline 0 -16"><span class='ocrx_word' id='word_1_38' title='bbox 227 667 289 740; x_wconf 85' lang='lat' dir='ltr'>Cap.</span> <span class='ocrx_word' id='word_1_39' title='bbox 308 668 352 724; x_wconf 71' lang='lat'>20.</span> <span class='ocrx_word' id='word_1_40' title='bbox 388 669 429 722; x_wconf 85' lang='lat' dir='ltr'>De</span> <span class='ocrx_word' id='word_1_41' title='bbox 446 669 580 724; x_wconf 85' lang='lat' dir='ltr'>ellectibus</span> <span class='ocrx_word' id='word_1_42' title='bbox 599 670 735 724; x_wconf 70' lang='lat' dir='ltr'>attributis</span> <span class='ocrx_word' id='word_1_43' title='bbox 749 669 858 738; x_wconf 88' lang='lat' dir='ltr'>Spiritui</span> <span class='ocrx_word' id='word_1_44' title='bbox 873 669 969 724; x_wconf 88' lang='lat' dir='ltr'>Sancto</span> <span class='ocrx_word' id='word_1_45' title='bbox 981 671 1010 724; x_wconf 88' lang='lat' dir='ltr'>in</span> 
     </span>
     <span class='ocr_line' id='line_1_8' title="bbox 383 740 1153 811; baseline 0.005 -19"><span class='ocrx_word' id='word_1_46' title='bbox 383 740 536 810; x_wconf 76' lang='lat' dir='ltr'>scripturis,</span> <span class='ocrx_word' id='word_1_47' title='bbox 554 749 676 811; x_wconf 90' lang='lat' dir='ltr'>rcspcctu</span> <span class='ocrx_word' id='word_1_48' title='bbox 693 743 773 795; x_wconf 89' lang='lat' dir='ltr'>totius</span> <span class='ocrx_word' id='word_1_49' title='bbox 793 747 960 794; x_wconf 86' lang='lat' dir='ltr'>creaturae.</span> <span class='ocrx_word' id='word_1_50' title='bbox 996 779 1004 794; x_wconf 90' lang='lat'><strong>.</strong></span> <span class='ocrx_word' id='word_1_51' title='bbox 1046 765 1061 796; x_wconf 89' lang='grc' dir='ltr'>ιι</span> <span class='ocrx_word' id='word_1_52' title='bbox 1118 745 1153 799; x_wconf 86' lang='grc'>96</span> 
     </span>
     <span class='ocr_line' id='line_1_9' title="bbox 183 811 1012 880; baseline 0.004 -17"><span class='ocrx_word' id='word_1_53' title='bbox 183 813 187 826; x_wconf 87' lang='grc'><strong>’</strong></span> <span class='ocrx_word' id='word_1_54' title='bbox 227 811 290 880; x_wconf 88' lang='lat' dir='ltr'>Cap.</span> <span class='ocrx_word' id='word_1_55' title='bbox 309 811 352 866; x_wconf 68' lang='grc'>11.</span> <span class='ocrx_word' id='word_1_56' title='bbox 388 812 428 864; x_wconf 86' lang='lat' dir='ltr'>Dc</span> <span class='ocrx_word' id='word_1_57' title='bbox 456 812 590 866; x_wconf 79' lang='lat' dir='ltr'>effectibus</span> <span class='ocrx_word' id='word_1_58' title='bbox 616 814 750 866; x_wconf 81' lang='lat' dir='ltr'>attributis</span> <span class='ocrx_word' id='word_1_59' title='bbox 777 811 888 880; x_wconf 89' lang='lat' dir='ltr'>Spiritui</span> <span class='ocrx_word' id='word_1_60' title='bbox 915 812 1012 866; x_wconf 89' lang='lat' dir='ltr'>Sancto</span> 
     </span>
     <span class='ocr_line' id='line_1_10' title="bbox 385 886 1011 965; baseline 0.005 -30"><span class='ocrx_word' id='word_1_61' title='bbox 385 891 506 954; x_wconf 85' lang='lat' dir='ltr'>respectu</span> <span class='ocrx_word' id='word_1_62' title='bbox 525 886 660 938; x_wconf 88' lang='lat' dir='ltr'>rationalis</span> <span class='ocrx_word' id='word_1_63' title='bbox 672 890 957 965; x_wconf 74' lang='lat' dir='ltr'>creaturae‚quantum</span> <span class='ocrx_word' id='word_1_64' title='bbox 976 886 1011 938; x_wconf 88' lang='lat' dir='ltr'>ad</span> 
     </span>
     <span class='ocr_line' id='line_1_11' title="bbox 228 955 1155 1112; baseline -0.001 -32"><span class='ocrx_word' id='word_1_65' title='bbox 228 1031 291 1094; x_wconf 80' lang='lat' dir='ltr'>Cap.</span> <span class='ocrx_word' id='word_1_66' title='bbox 309 1024 352 1078; x_wconf 69' lang='lat'>22,</span> <span class='ocrx_word' id='word_1_67' title='bbox 385 955 1011 1095; x_wconf 33' lang='grc' dir='ltr'>11361ῐί61161]ιί[1611116611186616166161661ιι;</span> <span class='ocrx_word' id='word_1_68' title='bbox 1048 978 1063 1010; x_wconf 56' lang='lat' dir='ltr'><em>n</em></span> <span class='ocrx_word' id='word_1_69' title='bbox 1118 957 1155 1112; x_wconf 32' lang='grc' dir='ltr'>θῇ</span> 
     </span>
     <span class='ocr_line' id='line_1_12' title="bbox 228 1098 1157 1238; baseline 0.002 -17"><span class='ocrx_word' id='word_1_70' title='bbox 228 1165 292 1238; x_wconf 68' lang='lat' dir='ltr'>ap.</span> <span class='ocrx_word' id='word_1_71' title='bbox 310 1167 354 1222; x_wconf 67' lang='lat' dir='ltr'>aa.</span> <span class='ocrx_word' id='word_1_72' title='bbox 385 1098 646 1220; x_wconf 61' lang='grc' dir='ltr'>631111ιῖ6666</span> <span class='ocrx_word' id='word_1_73' title='bbox 645 1098 1012 1238; x_wconf 63' lang='lat' dir='ltr'>lttlstttillltlltlls</span> <span class='ocrx_word' id='word_1_74' title='bbox 1047 1119 1062 1151; x_wconf 81' lang='lat'>&#39;¹</span> <span class='ocrx_word' id='word_1_75' title='bbox 1104 1099 1157 1153; x_wconf 65' lang='lat'>¹⁰⁴</span> 
     </span>
     <span class='ocr_line' id='line_1_13' title="bbox 288 1238 1161 1311; baseline 0.005 -21"><span class='ocrx_word' id='word_1_76' title='bbox 288 1304 290 1308; x_wconf 88' lang='lat'>.</span> <span class='ocrx_word' id='word_1_77' title='bbox 385 1239 554 1291; x_wconf 84' lang='lat' dir='ltr'>divinitatem</span> <span class='ocrx_word' id='word_1_78' title='bbox 574 1238 691 1307; x_wconf 83' lang='lat' dir='ltr'>Spiritus</span> <span class='ocrx_word' id='word_1_79' title='bbox 714 1239 800 1292; x_wconf 84' lang='lat' dir='ltr'>Sancti</span> <span class='ocrx_word' id='word_1_80' title='bbox 821 1274 1002 1295; x_wconf 83' lang='lat'><strong>.....</strong></span> <span class='ocrx_word' id='word_1_81' title='bbox 1049 1261 1064 1292; x_wconf 93' lang='grc' dir='ltr'>ιι</span> <span class='ocrx_word' id='word_1_82' title='bbox 1073 1270 1086 1311; x_wconf 64' lang='lat'><em>4</em></span> <span class='ocrx_word' id='word_1_83' title='bbox 1107 1241 1161 1294; x_wconf 74' lang='grc'>166</span> 
     </span>
     <span class='ocr_line' id='line_1_14' title="bbox 228 1306 1162 1381; baseline 0.003 -19"><span class='ocrx_word' id='word_1_84' title='bbox 228 1307 291 1378; x_wconf 81' lang='lat' dir='ltr'>Cap.</span> <span class='ocrx_word' id='word_1_85' title='bbox 309 1306 352 1362; x_wconf 66' lang='grc'>11.</span> <span class='ocrx_word' id='word_1_86' title='bbox 388 1309 464 1374; x_wconf 88' lang='lat' dir='ltr'>Quod</span> <span class='ocrx_word' id='word_1_87' title='bbox 483 1309 599 1378; x_wconf 90' lang='lat' dir='ltr'>Spiritus</span> <span class='ocrx_word' id='word_1_88' title='bbox 616 1310 729 1363; x_wconf 89' lang='lat' dir='ltr'>Sanctus</span> <span class='ocrx_word' id='word_1_89' title='bbox 759 1310 884 1378; x_wconf 85' lang='lat' dir='ltr'>procedat</span> <span class='ocrx_word' id='word_1_90' title='bbox 902 1328 917 1364; x_wconf 92' lang='lat' dir='ltr'>a</span> <span class='ocrx_word' id='word_1_91' title='bbox 935 1311 1009 1365; x_wconf 85' lang='lat' dir='ltr'>Filio.</span> <span class='ocrx_word' id='word_1_92' title='bbox 1045 1306 1085 1381; x_wconf 59' lang='lat' dir='ltr'>a„</span> <span class='ocrx_word' id='word_1_93' title='bbox 1100 1312 1162 1376; x_wconf 75' lang='lat' dir='ltr'>ltu</span> 
     </span>
     <span class='ocr_line' id='line_1_15' title="bbox 228 1377 1009 1452; baseline 0.003 -20"><span class='ocrx_word' id='word_1_94' title='bbox 228 1379 292 1449; x_wconf 89' lang='lat' dir='ltr'>Cap.</span> <span class='ocrx_word' id='word_1_95' title='bbox 310 1377 354 1434; x_wconf 73' lang='lat' dir='ltr'>lo.</span> <span class='ocrx_word' id='word_1_96' title='bbox 389 1381 512 1434; x_wconf 73' lang='lat' dir='ltr'>Rationes</span> <span class='ocrx_word' id='word_1_97' title='bbox 532 1381 669 1435; x_wconf 87' lang='lat' dir='ltr'>ostendere</span> <span class='ocrx_word' id='word_1_98' title='bbox 687 1382 830 1434; x_wconf 89' lang='lat' dir='ltr'>volentium</span> <span class='ocrx_word' id='word_1_99' title='bbox 850 1383 923 1450; x_wconf 82' lang='lat' dir='ltr'>quoil</span> <span class='ocrx_word' id='word_1_100' title='bbox 950 1382 1009 1452; x_wconf 86' lang='lat' dir='ltr'>Spi-</span> 
     </span>
     <span class='ocr_line' id='line_1_16' title="bbox 384 1451 1010 1522; baseline 0.003 -19"><span class='ocrx_word' id='word_1_101' title='bbox 384 1459 450 1503; x_wconf 83' lang='lat' dir='ltr'>ritus</span> <span class='ocrx_word' id='word_1_102' title='bbox 469 1451 582 1506; x_wconf 86' lang='lat' dir='ltr'>Sanctus</span> <span class='ocrx_word' id='word_1_103' title='bbox 606 1467 659 1505; x_wconf 88' lang='lat' dir='ltr'>non</span> <span class='ocrx_word' id='word_1_104' title='bbox 688 1451 814 1522; x_wconf 83' lang='lat' dir='ltr'>procedat</span> <span class='ocrx_word' id='word_1_105' title='bbox 846 1467 861 1504; x_wconf 90' lang='lat' dir='ltr'>a</span> <span class='ocrx_word' id='word_1_106' title='bbox 890 1453 965 1521; x_wconf 84' lang='lat' dir='ltr'>Filio,</span> <span class='ocrx_word' id='word_1_107' title='bbox 982 1460 1010 1505; x_wconf 86' lang='lat' dir='ltr'>ct</span> 
     </span>
     <span class='ocr_line' id='line_1_17' title="bbox 383 1523 1162 1592; baseline 0 -16"><span class='ocrx_word' id='word_1_108' title='bbox 383 1523 478 1576; x_wconf 86' lang='lat' dir='ltr'>solutio</span> <span class='ocrx_word' id='word_1_109' title='bbox 494 1523 612 1592; x_wconf 86' lang='lat' dir='ltr'>ipsarum</span> <span class='ocrx_word' id='word_1_110' title='bbox 614 1557 1009 1577; x_wconf 87' lang='grc'><strong>..........</strong></span> <span class='ocrx_word' id='word_1_111' title='bbox 1047 1542 1061 1575; x_wconf 94' lang='grc' dir='ltr'>ιι</span> <span class='ocrx_word' id='word_1_112' title='bbox 1104 1523 1162 1576; x_wconf 59' lang='grc'>160</span> 
     </span>
     <span class='ocr_line' id='line_1_18' title="bbox 228 1587 1013 1663; baseline 0.005 -20"><span class='ocrx_word' id='word_1_113' title='bbox 228 1587 291 1662; x_wconf 89' lang='lat' dir='ltr'>Cap.</span> <span class='ocrx_word' id='word_1_114' title='bbox 309 1591 353 1647; x_wconf 70' lang='grc'>16.</span> <span class='ocrx_word' id='word_1_115' title='bbox 389 1595 468 1663; x_wconf 77' lang='lat' dir='ltr'>Quod</span> <span class='ocrx_word' id='word_1_116' title='bbox 486 1610 539 1647; x_wconf 90' lang='lat' dir='ltr'>non</span> <span class='ocrx_word' id='word_1_117' title='bbox 556 1602 620 1648; x_wconf 86' lang='lat' dir='ltr'>sunt</span> <span class='ocrx_word' id='word_1_118' title='bbox 640 1596 692 1648; x_wconf 91' lang='lat' dir='ltr'>nisi</span> <span class='ocrx_word' id='word_1_119' title='bbox 711 1602 763 1648; x_wconf 78' lang='lat' dir='ltr'>tres</span> <span class='ocrx_word' id='word_1_120' title='bbox 780 1609 910 1663; x_wconf 87' lang='lat' dir='ltr'>personae</span> <span class='ocrx_word' id='word_1_121' title='bbox 926 1595 954 1646; x_wconf 94' lang='lat' dir='ltr'>in</span> <span class='ocrx_word' id='word_1_122' title='bbox 972 1595 1013 1647; x_wconf 89' lang='lat' dir='ltr'>‹li-</span> 
     </span>
     <span class='ocr_line' id='line_1_19' title="bbox 384 1665 1010 1735; baseline 0 -15"><span class='ocrx_word' id='word_1_123' title='bbox 384 1667 462 1729; x_wconf 86' lang='lat' dir='ltr'>vrnis‚</span> <span class='ocrx_word' id='word_1_124' title='bbox 478 1667 577 1719; x_wconf 85' lang='lat' dir='ltr'>scilicet</span> <span class='ocrx_word' id='word_1_125' title='bbox 597 1667 687 1735; x_wconf 77' lang='lat' dir='ltr'>Pater,</span> <span class='ocrx_word' id='word_1_126' title='bbox 717 1666 807 1734; x_wconf 84' lang='lat' dir='ltr'>Filius,</span> <span class='ocrx_word' id='word_1_127' title='bbox 837 1673 866 1720; x_wconf 84' lang='lat' dir='ltr'>ct</span> <span class='ocrx_word' id='word_1_128' title='bbox 896 1665 1010 1735; x_wconf 89' lang='lat' dir='ltr'>Spiritus</span> 
     </span>
     <span class='ocr_line' id='line_1_20' title="bbox 386 1734 1161 1794; baseline 0 -5"><span class='ocrx_word' id='word_1_129' title='bbox 386 1737 498 1791; x_wconf 89' lang='lat' dir='ltr'>Sanetus</span> <span class='ocrx_word' id='word_1_130' title='bbox 510 1771 1009 1794; x_wconf 88' lang='grc'><strong>............</strong></span> <span class='ocrx_word' id='word_1_131' title='bbox 1045 1755 1059 1787; x_wconf 93' lang='grc' dir='ltr'>ιι</span> <span class='ocrx_word' id='word_1_132' title='bbox 1104 1734 1161 1788; x_wconf 61' lang='grc'>166</span> 
     </span>
    </p>
   </div>
   <div class='ocr_carea' id='block_1_3' title="bbox 542 1927 832 1966">
    <p class='ocr_par' dir='ltr' id='par_1_3' title="bbox 542 1927 832 1966">
     <span class='ocr_line' id='line_1_21' title="bbox 542 1927 832 1966; baseline -0.007 -2"><span class='ocrx_word' id='word_1_133' title='bbox 542 1927 767 1966; x_wconf 68' lang='lat' dir='ltr'>volutationibus</span> <span class='ocrx_word' id='word_1_134' title='bbox 779 1927 832 1963; x_wconf 80' lang='lat' dir='ltr'>ultr.</span> 
     </span>
    </p>
   </div>
   <div class='ocr_carea' id='block_1_4' title="bbox 220 2084 1157 3441">
    <p class='ocr_par' dir='ltr' id='par_1_4' title="bbox 220 2084 1157 3441">
     <span class='ocr_line' id='line_1_22' title="bbox 313 2084 1003 2153; baseline 0 -12"><span class='ocrx_word' id='word_1_135' title='bbox 313 2084 356 2141; x_wconf 72' lang='lat'>27.</span> <span class='ocrx_word' id='word_1_136' title='bbox 386 2088 425 2141; x_wconf 87' lang='lat' dir='ltr'>Dc</span> <span class='ocrx_word' id='word_1_137' title='bbox 443 2089 620 2142; x_wconf 84' lang='lat' dir='ltr'>incarnatione</span> <span class='ocrx_word' id='word_1_138' title='bbox 641 2086 735 2153; x_wconf 86' lang='lat' dir='ltr'>Verbi,</span> <span class='ocrx_word' id='word_1_139' title='bbox 766 2088 909 2141; x_wconf 89' lang='lat' dir='ltr'>secundum</span> <span class='ocrx_word' id='word_1_140' title='bbox 922 2088 1003 2141; x_wconf 85' lang='lat' dir='ltr'>tradi-</span> 
     </span>
     <span class='ocr_line' id='line_1_23' title="bbox 383 2158 1156 2229; baseline -0.003 -17"><span class='ocrx_word' id='word_1_141' title='bbox 383 2158 480 2213; x_wconf 85' lang='lat' dir='ltr'>tionem</span> <span class='ocrx_word' id='word_1_142' title='bbox 499 2176 587 2213; x_wconf 86' lang='lat' dir='ltr'>sacrae</span> <span class='ocrx_word' id='word_1_143' title='bbox 611 2159 763 2229; x_wconf 76' lang='lat' dir='ltr'>Scripturas</span> <span class='ocrx_word' id='word_1_144' title='bbox 772 2194 1000 2215; x_wconf 84' lang='lat'><strong>......</strong></span> <span class='ocrx_word' id='word_1_145' title='bbox 1043 2178 1058 2210; x_wconf 93' lang='grc' dir='ltr'>ιι</span> <span class='ocrx_word' id='word_1_146' title='bbox 1098 2163 1156 2217; x_wconf 67' lang='lat'>{96</span> 
     </span>
     <span class='ocr_line' id='line_1_24' title="bbox 225 2229 1157 2300; baseline 0.004 -17"><span class='ocrx_word' id='word_1_147' title='bbox 225 2229 287 2300; x_wconf 87' lang='lat' dir='ltr'>Cap.</span> <span class='ocrx_word' id='word_1_148' title='bbox 305 2229 350 2283; x_wconf 68' lang='lat'>⁸28.</span> <span class='ocrx_word' id='word_1_149' title='bbox 386 2230 424 2283; x_wconf 86' lang='lat' dir='ltr'>De</span> <span class='ocrx_word' id='word_1_150' title='bbox 443 2248 532 2284; x_wconf 87' lang='lat' dir='ltr'>errore</span> <span class='ocrx_word' id='word_1_151' title='bbox 554 2231 660 2283; x_wconf 86' lang='lat' dir='ltr'>Photini</span> <span class='ocrx_word' id='word_1_152' title='bbox 679 2232 747 2283; x_wconf 90' lang='lat' dir='ltr'>circa</span> <span class='ocrx_word' id='word_1_153' title='bbox 766 2232 997 2284; x_wconf 86' lang='lat' dir='ltr'>incarnationem.</span> <span class='ocrx_word' id='word_1_154' title='bbox 1043 2249 1059 2283; x_wconf 88' lang='lat' dir='ltr'><strong>o</strong></span> <span class='ocrx_word' id='word_1_155' title='bbox 1098 2235 1157 2289; x_wconf 70' lang='lat'>{27</span> 
     </span>
     <span class='ocr_line' id='line_1_25' title="bbox 226 2299 1005 2371; baseline -0.003 -16"><span class='ocrx_word' id='word_1_156' title='bbox 226 2300 290 2371; x_wconf 84' lang='lat' dir='ltr'>Cap.</span> <span class='ocrx_word' id='word_1_157' title='bbox 307 2299 350 2353; x_wconf 69' lang='lat'>29.</span> <span class='ocrx_word' id='word_1_158' title='bbox 385 2302 425 2354; x_wconf 87' lang='lat' dir='ltr'>Dc</span> <span class='ocrx_word' id='word_1_159' title='bbox 443 2319 532 2355; x_wconf 86' lang='lat' dir='ltr'>errore</span> <span class='ocrx_word' id='word_1_160' title='bbox 548 2302 759 2355; x_wconf 84' lang='lat' dir='ltr'>Manichaeorum</span> <span class='ocrx_word' id='word_1_161' title='bbox 787 2304 856 2370; x_wconf 87' lang='lat' dir='ltr'>circa</span> <span class='ocrx_word' id='word_1_162' title='bbox 885 2304 1005 2357; x_wconf 85' lang='lat' dir='ltr'>iucarna-</span> 
     </span>
     <span class='ocr_line' id='line_1_26' title="bbox 384 2376 1157 2429; baseline -0.006 -2"><span class='ocrx_word' id='word_1_163' title='bbox 384 2376 480 2427; x_wconf 86' lang='lat' dir='ltr'>tionem</span> <span class='ocrx_word' id='word_1_164' title='bbox 500 2407 1006 2428; x_wconf 87' lang='lat'><strong>............</strong></span> <span class='ocrx_word' id='word_1_165' title='bbox 1044 2392 1059 2423; x_wconf 90' lang='grc' dir='ltr'>ιι</span> <span class='ocrx_word' id='word_1_166' title='bbox 1100 2376 1157 2429; x_wconf 67' lang='lat'>{28</span> 
     </span>
     <span class='ocr_line' id='line_1_27' title="bbox 225 2440 1157 2513; baseline 0.002 -15"><span class='ocrx_word' id='word_1_167' title='bbox 225 2440 288 2513; x_wconf 86' lang='lat' dir='ltr'>Cap.</span> <span class='ocrx_word' id='word_1_168' title='bbox 307 2442 349 2496; x_wconf 80' lang='lat'>50.</span> <span class='ocrx_word' id='word_1_169' title='bbox 384 2444 425 2496; x_wconf 85' lang='lat' dir='ltr'>De</span> <span class='ocrx_word' id='word_1_170' title='bbox 442 2460 531 2497; x_wconf 85' lang='lat' dir='ltr'>errore</span> <span class='ocrx_word' id='word_1_171' title='bbox 549 2444 681 2497; x_wconf 85' lang='lat' dir='ltr'>Valentini</span> <span class='ocrx_word' id='word_1_172' title='bbox 699 2446 768 2496; x_wconf 90' lang='lat' dir='ltr'>circa</span> <span class='ocrx_word' id='word_1_173' title='bbox 792 2446 1004 2498; x_wconf 87' lang='lat' dir='ltr'>incarnationem.</span> <span class='ocrx_word' id='word_1_174' title='bbox 1043 2463 1059 2494; x_wconf 91' lang='grc' dir='ltr'>ιι</span> <span class='ocrx_word' id='word_1_175' title='bbox 1100 2447 1157 2499; x_wconf 69' lang='grc'>151</span> 
     </span>
     <span class='ocr_line' id='line_1_28' title="bbox 225 2512 1155 2585; baseline 0 -14"><span class='ocrx_word' id='word_1_176' title='bbox 225 2512 288 2585; x_wconf 85' lang='lat' dir='ltr'>Cap.</span> <span class='ocrx_word' id='word_1_177' title='bbox 306 2512 349 2567; x_wconf 72' lang='lat' dir='ltr'>tl.</span> <span class='ocrx_word' id='word_1_178' title='bbox 384 2516 425 2568; x_wconf 89' lang='lat' dir='ltr'>De</span> <span class='ocrx_word' id='word_1_179' title='bbox 441 2532 531 2569; x_wconf 84' lang='lat' dir='ltr'>errore</span> <span class='ocrx_word' id='word_1_180' title='bbox 544 2515 702 2585; x_wconf 86' lang='lat' dir='ltr'>Apollinaris</span> <span class='ocrx_word' id='word_1_181' title='bbox 716 2515 784 2568; x_wconf 86' lang='lat' dir='ltr'>circa</span> <span class='ocrx_word' id='word_1_182' title='bbox 796 2532 890 2585; x_wconf 89' lang='lat' dir='ltr'>corpus</span> <span class='ocrx_word' id='word_1_183' title='bbox 903 2516 1001 2573; x_wconf 83' lang='lat' dir='ltr'>Christi</span> <span class='ocrx_word' id='word_1_184' title='bbox 1042 2536 1058 2568; x_wconf 88' lang='grc' dir='ltr'>ιι</span> <span class='ocrx_word' id='word_1_185' title='bbox 1100 2518 1155 2571; x_wconf 81' lang='grc'>157</span> 
     </span>
     <span class='ocr_line' id='line_1_29' title="bbox 224 2583 1003 2656; baseline 0.001 -17"><span class='ocrx_word' id='word_1_186' title='bbox 224 2585 288 2655; x_wconf 75' lang='lat' dir='ltr'>Cap.</span> <span class='ocrx_word' id='word_1_187' title='bbox 305 2583 348 2638; x_wconf 73' lang='grc'>51.</span> <span class='ocrx_word' id='word_1_188' title='bbox 385 2588 424 2639; x_wconf 88' lang='lat' dir='ltr'>De</span> <span class='ocrx_word' id='word_1_189' title='bbox 456 2603 546 2641; x_wconf 84' lang='lat' dir='ltr'>errore</span> <span class='ocrx_word' id='word_1_190' title='bbox 576 2588 636 2640; x_wconf 90' lang='lat' dir='ltr'>Arii</span> <span class='ocrx_word' id='word_1_191' title='bbox 666 2595 693 2639; x_wconf 87' lang='lat' dir='ltr'>et</span> <span class='ocrx_word' id='word_1_192' title='bbox 710 2586 870 2656; x_wconf 82' lang='lat' dir='ltr'>Apollinaris</span> <span class='ocrx_word' id='word_1_193' title='bbox 888 2590 958 2641; x_wconf 90' lang='lat' dir='ltr'>circa</span> <span class='ocrx_word' id='word_1_194' title='bbox 975 2604 1003 2640; x_wconf 89' lang='lat' dir='ltr'>a·</span> 
     </span>
     <span class='ocr_line' id='line_1_30' title="bbox 383 2658 1157 2713; baseline 0.001 -3"><span class='ocrx_word' id='word_1_195' title='bbox 383 2660 480 2711; x_wconf 90' lang='lat' dir='ltr'>nimam</span> <span class='ocrx_word' id='word_1_196' title='bbox 498 2659 592 2713; x_wconf 71' lang='lat' dir='ltr'>l&#39;hristl</span> <span class='ocrx_word' id='word_1_197' title='bbox 642 2694 1001 2711; x_wconf 88' lang='grc'><strong>.........</strong></span> <span class='ocrx_word' id='word_1_198' title='bbox 1043 2680 1058 2711; x_wconf 91' lang='grc' dir='ltr'>ιι</span> <span class='ocrx_word' id='word_1_199' title='bbox 1100 2658 1157 2712; x_wconf 81' lang='grc'>159</span> 
     </span>
     <span class='ocr_line' id='line_1_31' title="bbox 223 2726 1002 2799; baseline 0.001 -18"><span class='ocrx_word' id='word_1_200' title='bbox 223 2726 285 2798; x_wconf 78' lang='lat' dir='ltr'>Cap.</span> <span class='ocrx_word' id='word_1_201' title='bbox 304 2726 346 2783; x_wconf 74' lang='lat'>53.</span> <span class='ocrx_word' id='word_1_202' title='bbox 381 2730 421 2783; x_wconf 88' lang='lat' dir='ltr'>De</span> <span class='ocrx_word' id='word_1_203' title='bbox 449 2746 539 2783; x_wconf 85' lang='lat' dir='ltr'>errore</span> <span class='ocrx_word' id='word_1_204' title='bbox 568 2728 728 2799; x_wconf 82' lang='lat' dir='ltr'>Apollinaris</span> <span class='ocrx_word' id='word_1_205' title='bbox 756 2729 867 2782; x_wconf 81' lang='lat' dir='ltr'>dicentis</span> <span class='ocrx_word' id='word_1_206' title='bbox 885 2732 1002 2782; x_wconf 85' lang='lat' dir='ltr'>animaru</span> 
     </span>
     <span class='ocr_line' id='line_1_32' title="bbox 382 2800 1002 2868; baseline 0 -15"><span class='ocrx_word' id='word_1_207' title='bbox 382 2802 606 2855; x_wconf 88' lang='lat' dir='ltr'>rationalemnon</span> <span class='ocrx_word' id='word_1_208' title='bbox 624 2800 705 2853; x_wconf 85' lang='lat' dir='ltr'>luisse</span> <span class='ocrx_word' id='word_1_209' title='bbox 724 2802 750 2853; x_wconf 90' lang='lat' dir='ltr'>in</span> <span class='ocrx_word' id='word_1_210' title='bbox 782 2800 896 2868; x_wconf 80' lang='lat' dir='ltr'>Christo,</span> <span class='ocrx_word' id='word_1_211' title='bbox 916 2809 942 2853; x_wconf 85' lang='lat' dir='ltr'>et</span> <span class='ocrx_word' id='word_1_212' title='bbox 968 2801 1002 2853; x_wconf 87' lang='lat' dir='ltr'>do</span> 
     </span>
     <span class='ocr_line' id='line_1_33' title="bbox 380 2871 1000 2941; baseline -0.002 -17"><span class='ocrx_word' id='word_1_213' title='bbox 380 2889 469 2925; x_wconf 88' lang='lat' dir='ltr'>errore</span> <span class='ocrx_word' id='word_1_214' title='bbox 488 2872 609 2941; x_wconf 63' lang='lat' dir='ltr'>origenis</span> <span class='ocrx_word' id='word_1_215' title='bbox 634 2872 745 2927; x_wconf 89' lang='lat' dir='ltr'>dicentis</span> <span class='ocrx_word' id='word_1_216' title='bbox 758 2874 872 2925; x_wconf 90' lang='lat' dir='ltr'>animam</span> <span class='ocrx_word' id='word_1_217' title='bbox 902 2871 1000 2927; x_wconf 82' lang='lat' dir='ltr'>Christi</span> 
     </span>
     <span class='ocr_line' id='line_1_34' title="bbox 380 2940 1148 2997; baseline -0.007 0"><span class='ocrx_word' id='word_1_218' title='bbox 380 2951 441 2997; x_wconf 87' lang='lat' dir='ltr'>ante</span> <span class='ocrx_word' id='word_1_219' title='bbox 460 2945 588 2997; x_wconf 90' lang='lat' dir='ltr'>mundum</span> <span class='ocrx_word' id='word_1_220' title='bbox 607 2941 688 2995; x_wconf 88' lang='lat' dir='ltr'>luisse</span> <span class='ocrx_word' id='word_1_221' title='bbox 713 2951 865 2996; x_wconf 89' lang='lat' dir='ltr'>creatum.</span> <span class='ocrx_word' id='word_1_222' title='bbox 899 2982 906 2994; x_wconf 92' lang='lat'><em>.</em></span> <span class='ocrx_word' id='word_1_223' title='bbox 946 2978 954 2995; x_wconf 89' lang='lat'>.</span> <span class='ocrx_word' id='word_1_224' title='bbox 990 2980 998 2995; x_wconf 88' lang='lat'><strong>.</strong></span> <span class='ocrx_word' id='word_1_225' title='bbox 1034 2961 1049 2993; x_wconf 89' lang='grc' dir='ltr'>ιι</span> <span class='ocrx_word' id='word_1_226' title='bbox 1090 2940 1148 2993; x_wconf 66' lang='grc'>141</span> 
     </span>
     <span class='ocr_line' id='line_1_35' title="bbox 220 3010 1000 3085; baseline 0.004 -23"><span class='ocrx_word' id='word_1_227' title='bbox 220 3012 284 3085; x_wconf 75' lang='lat' dir='ltr'>tJap.</span> <span class='ocrx_word' id='word_1_228' title='bbox 302 3010 350 3066; x_wconf 73' lang='lat'>54:</span> <span class='ocrx_word' id='word_1_229' title='bbox 382 3016 423 3068; x_wconf 86' lang='lat' dir='ltr'>De</span> <span class='ocrx_word' id='word_1_230' title='bbox 445 3031 535 3068; x_wconf 82' lang='lat' dir='ltr'>errore</span> <span class='ocrx_word' id='word_1_231' title='bbox 566 3013 697 3067; x_wconf 84' lang='lat' dir='ltr'>Theodori</span> <span class='ocrx_word' id='word_1_232' title='bbox 729 3018 905 3084; x_wconf 83' lang='lat' dir='ltr'>mopsuesteni</span> <span class='ocrx_word' id='word_1_233' title='bbox 932 3016 1000 3067; x_wconf 90' lang='lat' dir='ltr'>circa</span> 
     </span>
     <span class='ocr_line' id='line_1_36' title="bbox 372 3081 1151 3140; baseline -0.005 -1"><span class='ocrx_word' id='word_1_234' title='bbox 372 3089 505 3139; x_wconf 87' lang='lat' dir='ltr'>unionem</span> <span class='ocrx_word' id='word_1_235' title='bbox 524 3086 599 3140; x_wconf 80' lang='lat' dir='ltr'>vorbi</span> <span class='ocrx_word' id='word_1_236' title='bbox 617 3086 653 3137; x_wconf 85' lang='lat' dir='ltr'>ad</span> <span class='ocrx_word' id='word_1_237' title='bbox 672 3086 803 3138; x_wconf 87' lang='lat' dir='ltr'>bominem</span> <span class='ocrx_word' id='word_1_238' title='bbox 819 3122 1002 3140; x_wconf 87' lang='grc'><strong>.....</strong></span> <span class='ocrx_word' id='word_1_239' title='bbox 1037 3105 1050 3138; x_wconf 90' lang='grc' dir='ltr'>ιι</span> <span class='ocrx_word' id='word_1_240' title='bbox 1091 3081 1151 3136; x_wconf 70' lang='lat' dir='ltr'>lte</span> 
     </span>
     <span class='ocr_line' id='line_1_37' title="bbox 224 3152 1150 3226; baseline -0.003 -17"><span class='ocrx_word' id='word_1_241' title='bbox 224 3152 287 3226; x_wconf 84' lang='lat' dir='ltr'>Cap.</span> <span class='ocrx_word' id='word_1_242' title='bbox 305 3154 349 3208; x_wconf 82' lang='grc'>56.</span> <span class='ocrx_word' id='word_1_243' title='bbox 385 3160 484 3213; x_wconf 72' lang='lat' dir='ltr'>Contra</span> <span class='ocrx_word' id='word_1_244' title='bbox 504 3172 620 3209; x_wconf 86' lang='lat' dir='ltr'>errorem</span> <span class='ocrx_word' id='word_1_245' title='bbox 644 3155 796 3225; x_wconf 85' lang='lat' dir='ltr'>Eutychelis</span> <span class='ocrx_word' id='word_1_246' title='bbox 814 3193 998 3211; x_wconf 87' lang='grc'><strong>.....</strong></span> <span class='ocrx_word' id='word_1_247' title='bbox 1034 3176 1048 3209; x_wconf 96' lang='grc' dir='ltr'>ιι</span> <span class='ocrx_word' id='word_1_248' title='bbox 1090 3155 1150 3208; x_wconf 78' lang='grc'>167</span> 
     </span>
     <span class='ocr_line' id='line_1_38' title="bbox 222 3223 999 3298; baseline -0.001 -19"><span class='ocrx_word' id='word_1_249' title='bbox 222 3223 286 3298; x_wconf 86' lang='lat' dir='ltr'>Cap.</span> <span class='ocrx_word' id='word_1_250' title='bbox 301 3226 345 3281; x_wconf 76' lang='lat' dir='ltr'>ao.</span> <span class='ocrx_word' id='word_1_251' title='bbox 382 3228 908 3297; x_wconf 80' lang='lat' dir='ltr'>Dcerroreblacariiantiocheniponcntis</span> <span class='ocrx_word' id='word_1_252' title='bbox 919 3244 999 3281; x_wconf 90' lang='lat' dir='ltr'>unam</span> 
     </span>
     <span class='ocr_line' id='line_1_39' title="bbox 379 3294 1144 3355; baseline -0.007 -3"><span class='ocrx_word' id='word_1_253' title='bbox 379 3308 482 3353; x_wconf 87' lang='lat' dir='ltr'>tantum</span> <span class='ocrx_word' id='word_1_254' title='bbox 501 3302 661 3353; x_wconf 87' lang='lat' dir='ltr'>voluntatem</span> <span class='ocrx_word' id='word_1_255' title='bbox 680 3301 707 3351; x_wconf 92' lang='lat' dir='ltr'>in</span> <span class='ocrx_word' id='word_1_256' title='bbox 737 3300 866 3355; x_wconf 85' lang='lat' dir='ltr'>Christo.</span> <span class='ocrx_word' id='word_1_257' title='bbox 904 3337 912 3351; x_wconf 86' lang='lat'><strong>.</strong></span> <span class='ocrx_word' id='word_1_258' title='bbox 948 3339 954 3352; x_wconf 92' lang='lat'><strong>.</strong></span> <span class='ocrx_word' id='word_1_259' title='bbox 991 3336 998 3350; x_wconf 89' lang='lat'><strong>.</strong></span> <span class='ocrx_word' id='word_1_260' title='bbox 1033 3315 1048 3349; x_wconf 90' lang='grc' dir='ltr'>ιι</span> <span class='ocrx_word' id='word_1_261' title='bbox 1088 3294 1144 3347; x_wconf 75' lang='grc'>165</span> 
     </span>
     <span class='ocr_line' id='line_1_40' title="bbox 221 3368 999 3441; baseline -0.004 -17"><span class='ocrx_word' id='word_1_262' title='bbox 221 3368 282 3441; x_wconf 84' lang='lat' dir='ltr'>Cap.</span> <span class='ocrx_word' id='word_1_263' title='bbox 300 3368 343 3425; x_wconf 76' lang='lat'>57.</span> <span class='ocrx_word' id='word_1_264' title='bbox 377 3374 476 3426; x_wconf 70' lang='lat' dir='ltr'>Contra</span> <span class='ocrx_word' id='word_1_265' title='bbox 494 3388 538 3425; x_wconf 88' lang='lat' dir='ltr'>eos</span> <span class='ocrx_word' id='word_1_266' title='bbox 563 3372 608 3440; x_wconf 92' lang='lat' dir='ltr'>qui</span> <span class='ocrx_word' id='word_1_267' title='bbox 643 3371 769 3424; x_wconf 88' lang='lat' dir='ltr'>dixerunt</span> <span class='ocrx_word' id='word_1_268' title='bbox 797 3386 830 3423; x_wconf 83' lang='lat' dir='ltr'>ex</span> <span class='ocrx_word' id='word_1_269' title='bbox 860 3387 947 3424; x_wconf 84' lang='lat' dir='ltr'>anima</span> <span class='ocrx_word' id='word_1_270' title='bbox 973 3377 999 3421; x_wconf 87' lang='lat' dir='ltr'>ct</span> 
     </span>
    </p>
   </div>
   <div class='ocr_carea' id='block_1_5' title="bbox 376 3442 1148 3569">
    <p class='ocr_par' dir='ltr' id='par_1_5' title="bbox 376 3442 1148 3569">
     <span class='ocr_line' id='line_1_41' title="bbox 377 3442 997 3513; baseline -0.003 -18"><span class='ocrx_word' id='word_1_271' title='bbox 377 3458 487 3513; x_wconf 84' lang='lat' dir='ltr'>corpore</span> <span class='ocrx_word' id='word_1_272' title='bbox 496 3459 549 3495; x_wconf 90' lang='lat' dir='ltr'>non</span> <span class='ocrx_word' id='word_1_273' title='bbox 562 3456 618 3495; x_wconf 77' lang='lat' dir='ltr'>esse</span> <span class='ocrx_word' id='word_1_274' title='bbox 630 3442 729 3511; x_wconf 86' lang='lat' dir='ltr'>aliquid</span> <span class='ocrx_word' id='word_1_275' title='bbox 737 3446 997 3497; x_wconf 81' lang='lat' dir='ltr'>unum&#39;constitutum</span> 
     </span>
     <span class='ocr_line' id='line_1_42' title="bbox 376 3507 1148 3569; baseline -0.006 -2"><span class='ocrx_word' id='word_1_276' title='bbox 376 3514 404 3567; x_wconf 91' lang='lat' dir='ltr'>in</span> <span class='ocrx_word' id='word_1_277' title='bbox 423 3514 559 3567; x_wconf 84' lang='lat' dir='ltr'>Christo.</span> <span class='ocrx_word' id='word_1_278' title='bbox 593 3550 601 3567; x_wconf 88' lang='lat'>.</span> <span class='ocrx_word' id='word_1_279' title='bbox 640 3527 648 3543; x_wconf 90' lang='lat'><strong>·</strong></span> <span class='ocrx_word' id='word_1_280' title='bbox 685 3548 998 3569; x_wconf 84' lang='grc'><strong>........</strong></span> <span class='ocrx_word' id='word_1_281' title='bbox 1034 3528 1050 3563; x_wconf 93' lang='grc' dir='ltr'>ιι</span> <span class='ocrx_word' id='word_1_282' title='bbox 1094 3507 1148 3562; x_wconf 83' lang='lat' dir='ltr'>loo</span> 
     </span>
    </p>
   </div>
   <div class='ocr_carea' id='block_1_6' title="bbox 0 0 1246 3975">
    <p class='ocr_par' dir='ltr' id='par_1_6' title="bbox 0 0 1246 3975">
     <span class='ocr_line' id='line_1_43' title="bbox 0 0 1246 3975; baseline 0 0"><span class='ocrx_word' id='word_1_283' title='bbox 0 0 1246 3975; x_wconf 95' lang='lat' dir='ltr'> </span> 
     </span>
    </p>
   </div>
  </div>
 </body>
</html>
