2484 3975
82 440 469 653 subitan
508 528 1006 675 contunsis

180 782 234 863 bu
271 776 480 861 VERinTb
508 774 768 859 Gleibblbbb
801 772 917 855 utbut

240 984 489 1069 CONTRA
525 980 854 1065 uenustus·

351 1190 499 1247 UBER
518 1188 749 1259 QUARTUS.

346 1386 518 1453 CAPUT
559 1385 773 1451 Patuuu.

446 1566 651 1631 Prooemium.

158 1742 244 1823 Ecce,
266 1744 342 1807 buco
365 1762 402 1808 ec
421 1754 513 1827 porte
535 1742 620 1809 dieta
642 1754 713 1807 sunt
742 1742 865 1808 viarum
887 1744 965 1827 eius
989 1750 1018 1804 et

93 1854 162 1898 cum
206 1835 258 1898 vic
278 1851 414 1916 paruum
442 1833 562 1897 stillant
595 1832 747 1897 samonis
781 1833 845 1917 nus
879 1831 1018 1895 audieri-

98 1943 178 1999 mus,
202 1922 269 2005 quis
289 1921 406 2004 poterit
430 1921 597 1986 tonitruum
619 1920 843 2007 moestitudinis
865 1918 953 1983 illius
975 1919 1021 1982 iu·

100 2011 196 2076 tueri?
219 2011 288 2087 iob,
310 2009 365 2088 ⁶26,
390 2009 441 2076 ib.
1096 2090 1099 2098 Ι

165 2098 338 2164 Intellectus
363 2099 528 2178 humanus,
551 2120 568 2164 a
591 2098 687 2164 rebus
714 2097 912 2163 sensibilibus
944 2115 1020 2161 con·

98 2188 278 2254 naturaliter
300 2186 357 2252 sibi
389 2188 549 2253 scientiam
585 2188 721 2275 capiens,
759 2186 798 2252 ad
837 2184 1020 2252 intuendam

99 2277 232 2342 divinata
256 2276 459 2342 substantiam
483 2278 514 2342 in
537 2278 648 2366 seipsa,
670 2295 751 2364 quae
786 2294 880 2362 supet
913 2274 1019 2339 omnia

99 2365 266 2441 sensibilia,
287 2366 350 2430 imo
372 2387 466 2453 supet
488 2368 592 2432 omnia
627 2365 687 2432 aba
720 2365 812 2439 entia,
843 2363 1019 2448 *impropor-

102 2451 287 2604 tiolnabilitet·
309 2453 456 2530 elevatur,
480 2456 655 2542 pertingere
688 2473 744 2542 pet·
780 2450 915 2538 seipsum
954 2469 1017 2516 non

104 2551 193 2604 uaet.
876 2562 880 2569 ’

168 2626 241 2706 Sed,
263 2626 333 2712 quia
368 2627 538 2714 perfectum
576 2629 712 2694 bominis
745 2629 863 2693 bonum
901 2639 948 2692 est
985 2639 1019 2692 ut

105 2714 347 2804 quoquomodo
385 2717 487 2782 Deum
525 2731 701 2803 cognoscat,
737 2735 778 2781 ne
812 2729 874 2782 tam
909 2715 1021 2782 nobilis

99 2819 244 2871 -creotuua
274 2806 402 2872 omnino
425 2806 456 2870 in
491 2825 604 2872 vanum
638 2825 705 2872 csse
742 2805 907 2885 uideretur,
940 2803 1024 2871 velut
1161 2867 1163 2876 .

107 2893 201 2959 finem
225 2895 385 2982 proprium
408 2895 558 2980 attingere
580 2895 771 2970 convalens,
800 2894 892 2959 datur
907 2894 1026 2960 bomini

109 2979 261 3068 quaedam
286 2983 333 3048 uia
357 3003 412 3072 per
435 3004 528 3070 quam
551 2984 583 3049 iu
606 2983 663 3049 Dei
692 2983 899 3069 cognitionem
922 3002 1028 3047 ascen·

109 3071 184 3135 dere
207 3070 311 3156 possit,
335 3087 368 3136 ut
389 3072 515 3152 scilicet,
538 3072 609 3158 quia
626 3091 733 3136 omnes
746 3091 849 3138 retium
867 3069 1027 3156 perfectio·

111 3178 165 3224 nes
188 3158 323 3245 quodam
346 3161 454 3227 ordine
477 3182 494 3226 a
517 3180 641 3227 summo
675 3179 779 3225 rerum
817 3159 929 3223 vertice
962 3159 1029 3224 Deo

110 3247 313 3327 descendunt,
336 3249 401 3337 ipse
424 3249 464 3315 ab
486 3249 683 3317 inferioribus
720 3246 870 3333 incipiens
908 3258 938 3310 et
960 3267 1029 3331 gra·

112 3336 207 3402 datirn
230 3337 400 3406 ascendens
423 3340 456 3404 in
478 3340 536 3406 Dei
560 3337 769 3426 cognitionem
785 3333 933 3423 proficias
956 3355 1029 3400 nom

111 3437 145 3490 et
168 3426 198 3489 in
221 3428 433 3513 corporalibus
456 3430 591 3496 motibus
614 3428 723 3494 eadem
747 3438 793 3491 est
822 3424 870 3489 via
893 3443 952 3509 qua
975 3423 1031 3488 de·

113 3513 269 3582 sconditur
291 3530 322 3588 ct
344 3518 528 3599 ascenditur,
565 3518 685 3586 tatione
718 3513 857 3605 principii
891 3524 922 3577 et
959 3511 1028 3578 finis
