2484 3975
379 254 454 314 tte.
477 250 525 300 rr..
542 250 606 296 cnr.
630 248 708 294 uxr.
955 222 1019 288 157

398 409 421 476 C
437 409 459 474 t
476 409 538 476 PU
553 408 579 473 T
613 405 722 471 xxxt.

162 588 210 653 De
232 607 338 653 errore
363 586 559 672 Apollinaris
587 585 671 650 circo
697 603 808 668 corpur
833 581 958 647 Ciuirti.

164 763 405 831 irrationabilius
428 779 532 830 autem
558 763 607 829 his
630 760 942 828 eiroainoamationis
957 779 1023 844 my-

96 855 226 922 sterium
250 854 434 939 Apollinaris
459 853 634 929 errantum
658 852 719 916 boe
741 862 843 914 tamen
860 847 1025 936 praedietis

97 943 290 1010 concordans
313 942 396 1028 qnod
419 961 531 1028 eorpus
554 941 663 1008 Christi
688 960 751 1004 non
767 938 875 1004 initde
899 937 1025 1022 Virgine

101 1045 303 1116 assumptum,
327 1030 391 1109 sed,
413 1032 497 1116 quod
527 1044 572 1095 εει
597 1029 696 1112 magia
732 1029 875 1116 impium,
908 1025 1023 1112 aliquid

100 1120 192 1186 Verbi
217 1119 288 1184 dieit
311 1120 341 1184 itt
364 1140 489 1184 earnem
521 1119 632 1186 Christi
654 1117 748 1183 inisse
763 1135 957 1192 conversum,
974 1133 1024 1179 oe·
1059 1121 1062 1124 ’

101 1209 256 1273 easionem
281 1209 392 1273 erroris
415 1229 546 1273 sumens
571 1228 608 1273 ex
646 1206 790 1292 eoquod
825 1205 946 1271 dieitur:
985 1202 1027 1268 Et

108 1296 236 1361 Verbum
260 1317 332 1362 roro
355 1299 471 1381 suetum
495 1309 550 1375 eat,
571 1298 673 1372 ioan„
709 1296 739 1367 1,
771 1294 824 1367 tt,
862 1292 946 1380 quod
980 1293 1025 1357 sie

99 1385 332 1468 intelligendum
357 1387 472 1472 putavit
494 1385 581 1472 quasi
608 1385 708 1469 ipsum
735 1382 872 1450 Verbum
895 1383 935 1447 sit
951 1401 1024 1448 oon·

100 1495 223 1538 versum
247 1475 278 1539 in
301 1495 441 1550 earnem,
462 1475 540 1540 siout
563 1487 594 1538 et
616 1472 795 1556 intelligitur
829 1470 904 1537 iilud
939 1469 1025 1556 quod

97 1563 219 1648 iegitur:
250 1564 290 1628 tu
327 1565 461 1648 purtouit
498 1562 735 1628 Arebitrietiuur
773 1581 889 1645 aquom
920 1561 1026 1625 riuum

97 1653 225 1736 foetam,
247 1652 348 1726 ioan„
371 1653 402 1730 1,
427 1653 458 1728 9,
481 1651 564 1737 quod
588 1650 769 1716 erratione
803 1649 916 1714 dieitur
952 1648 1025 1734 quia

100 1761 248 1806 conversa
273 1755 318 1806 εει
341 1762 419 1825 aqna
445 1743 475 1805 in
499 1741 616 1805 vinum.
768 1743 773 1747 ’

168 1828 265 1912 Hujus
298 1843 401 1894 autem
425 1831 552 1894 ¹erroris
587 1825 862 1913 impossibilitatem
902 1845 940 1892 ex
977 1826 1025 1893 bia

100 1938 180 2005 quae
203 1938 295 2006 supra
319 1919 354 2003 (Ι.
381 1921 461 2011 1,.ε.
486 1919 526 1984 te
550 1932 581 1984 et
605 1918 661 2002 ib)
685 1931 807 1982 ostensa
832 1931 905 1982 aunt
937 1914 1027 1983 tacite

99 2022 146 2074 est
167 2007 413 2093 deprehendere.

168 2094 336 2162 Ostensum
361 2110 407 2162 est
431 2097 516 2162 enim
540 2116 634 2183 snpra
657 2094 741 2182 quod
778 2095 864 2159 Deus
898 2095 1027 2160 omnino

100 2184 302 2250 immutabilis
340 2199 395 2249 est.
419 2184 522 2250 Omne
541 2200 649 2259 ,autem
672 2184 756 2269 quod
780 2184 812 2247 in
836 2183 920 2247 aliud
954 2204 1026 2249 oon·

102 2274 231 2337 vertitur
254 2272 452 2339 manifestum
476 2288 522 2339 ert
545 2275 577 2339 in
600 2272 676 2337 iilud
698 2272 821 2337 mutari.
845 2271 924 2337 Cum
936 2272 1029 2356 igitur

100 2361 239 2428 Verbum
265 2362 321 2425 Dei
345 2363 384 2426 sit
408 2382 499 2427 verns
523 2363 621 2437 Deus,
644 2375 677 2425 ut
703 2374 863 2425 ostensum
887 2374 942 2438 est,
969 2360 1028 2425 im·

104 2449 249 2536 possibile
274 2464 320 2515 est
343 2451 427 2537 quod
451 2450 587 2518 Verbum
610 2450 669 2514 Dei
708 2447 800 2515 inerit
833 2449 865 2513 in
903 2468 1029 2515 earnem

103 2550 267 2605 mutatum.

170 2627 258 2704 item,
282 2626 418 2692 Verbum
442 2625 511 2705 Dei,
534 2644 605 2691 eum
628 2625 667 2691 sit
695 2623 791 2699 Deus,
814 2626 944 2712 simplex
974 2639 1031 2704 εει;

105 2728 265 2781 ostensum
289 2732 335 2781 est
358 2717 443 2781 enim
467 2736 558 2801 supra
583 2715 619 2797 (Ι.
644 2714 674 2792 1,
697 2714 796 2798 ete)
811 2715 842 2779 in
856 2716 923 2781 Deo
946 2735 1031 2781 oom-

105 2804 291 2892 positionem
316 2826 378 2869 non
402 2825 479 2870 esse.
503 2805 536 2869 Si
560 2805 652 2889 igitur
665 2802 781 2887 aliquid
796 2803 889 2869 Verbi
905 2806 962 2871 Dei
985 2817 1032 2870 εει

104 2912 289 2959 conversum
312 2894 344 2958 in
368 2914 505 2972 earnem,
533 2907 653 2980 oportet
678 2904 776 2956 totum
799 2893 935 2960 Verbum
959 2912 1033 2959 oon-

104 3001 231 3046 versum
255 3002 333 3047 esse.
357 2982 448 3063 Quod
474 2997 579 3049 autem
605 2982 635 3046 in
661 2979 745 3045 alind
768 2983 956 3047 conuertitur
978 2982 1033 3047 de·

106 3070 177 3137 sinit
200 3090 268 3137 esse
292 3069 323 3135 id
347 3072 430 3156 quod
454 3073 538 3159 prius
562 3071 628 3147 fuit;
653 3090 732 3155 aqua
767 3070 851 3136 enim
886 3090 1035 3137 conuersa

106 3161 141 3224 in
164 3158 268 3224 uinum
290 3156 354 3243 jam
378 3180 441 3225 non
464 3175 510 3225 εει
533 3180 623 3245 aqua,
646 3158 701 3223 sed
717 3160 832 3224 vinum.
857 3160 953 3245 igitur
965 3173 1034 3245 post

108 3247 364 3326 incarnationem,
393 3249 564 3327 seeundum
606 3247 798 3333 positionem
835 3248 1035 3332 praedictam,

107 3335 246 3401 Verbum
270 3335 326 3401 Dei
350 3338 472 3422 penitus
496 3359 559 3403 non
583 3338 653 3413 erit;
679 3336 763 3421 quod
779 3352 905 3424 apparet
921 3338 1036 3422 impos·

108 3424 208 3502 sibile,
231 3438 296 3489 tum
320 3446 357 3489 ex
382 3427 441 3491 boo
463 3427 547 3512 quod
571 3426 709 3494 Verbum
732 3425 789 3490 Dei
805 3439 1034 3505 estaetemum,

112 3511 286 3581 seeundum
308 3513 393 3580 iilud:
417 3517 453 3581 Iu
472 3516 629 3602 principio
659 3526 728 3582 erot
771 3513 912 3596 Verbum,
934 3514 1033 3597 ioan,
