2484 3975
204 225 276 292 *558
557 253 572 268 -
585 245 781 293 onusconun·
855 247 859 282 :
1116 311 1120 316 ,

210 317 336 402 quidum
358 314 397 380 ab
421 314 486 400 ipso
510 312 657 399 Giegocio
680 334 824 400 nysseno,
846 317 909 402 qni,
925 314 1128 407 inductaopi·

210 409 301 470 nictie
324 403 467 480 Platonis,
492 403 604 468 subdit:
646 404 780 470 «Habet
802 418 905 470 nutem
939 406 998 486 uic
1023 411 1129 474 serino

210 493 333 560 difficile
355 493 402 558 vel
426 491 637 558 indissolubile
658 493 743 580 qnid;
765 493 897 578 qualiter
919 497 1002 558 enitn
1023 516 1129 562 unum

209 603 278 650 esse
301 595 400 668 potest
434 581 614 646 indumento
648 582 778 648 anima?
811 581 878 647 Non
911 582 996 646 enim
1031 605 1129 650 onum

209 686 257 737 est
279 671 381 735 tunica
404 691 474 735 cum
499 670 605 734 induto
628 695 662 736 ι.
683 669 839 747 Secundo,
862 672 934 757 quin
949 671 1128 739 Aristotcles

213 759 405 845 (llletapltys.
440 760 490 835 7)
529 759 637 844 probat
674 757 757 845 quud
792 759 886 824 ltomo
909 773 939 826 ct
976 780 1077 845 equus
1098 777 1130 827 et

124 865 127 872 ·
209 849 319 914 similia
343 867 405 912 noo
427 861 499 914 sunt
521 846 621 913 solani
646 847 754 922 lorum,
777 849 832 912 sed
855 862 953 913 totum
969 852 1128 938 quoddam

205 957 247 1002 ex
281 938 379 1003 leima
402 949 434 1000 et
456 937 581 1002 materia
605 937 786 1013 anivemole
818 936 972 1022 singulare
995 957 1070 1005 vcro
1090 959 1127 1006 ex

210 1027 316 1091 ultima
339 1026 465 1091 materia
484 1038 520 1090 et
543 1023 651 1103 forma,
676 1039 708 1092 ut
736 1026 886 1104 Socrates,
916 1027 982 1112 jan
1016 1038 1064 1092 e'st
1096 1044 1127 1096 et

207 1117 239 1178 in
263 1116 330 1181 aliie
352 1115 499 1180 similiter.
524 1113 559 1178 Et
593 1115 652 1179 lanc
686 1115 827 1201 probavit
860 1133 915 1202 pet·
948 1116 1009 1181 lt'oc
1042 1117 1125 1202 qood

207 1203 291 1269 nulla
315 1223 385 1290 pars
405 1203 666 1289 conponispotest
688 1203 808 1268 deliniri
831 1203 897 1268 sine
920 1220 1007 1291 pecte
1022 1205 1124 1292 aliqua

209 1294 340 1371 animae,
363 1309 393 1356 et
416 1291 578 1356 recedente
603 1292 719 1371 anima,
752 1310 809 1357 nec
830 1292 939 1357 oculm
967 1313 1031 1358 neo
1052 1313 1125 1361 cam

84 1393 88 1401 ·
203 1381 318 1446 dicitnr
341 1382 396 1446 nisi
420 1380 596 1466 aequivoce,
616 1380 702 1466 qood
726 1402 787 1446 aon
810 1395 903 1459 essct,
921 1382 1056 1448 silicmo
1070 1396 1123 1449 am

207 1469 347 1534 Socrates
370 1484 450 1534 esset
484 1483 602 1534 tautum
638 1469 808 1534 intellectus
844 1485 897 1534 aut
932 1472 1047 1534 anima.
1080 1507 1124 1524 -

208 1557 324 1636 Tertio,
345 1572 525 1644 sequeretur
535 1557 631 1643 qnod,
648 1578 721 1622 cum
737 1557 908 1624 intellectus
924 1579 985 1623 nou
1001 1575 1124 1625 taooest

209 1647 265 1711 nisi
289 1667 343 1734 per
365 1648 563 1724 voluntatem,
590 1660 623 1710 ut
639 1647 787 1733 probetur
801 1647 934 1712 intentio
950 1647 990 1712 de
1000 1649 1121 1726 Animo,

207 1737 267 1800 hoc
290 1749 369 1801 estet
390 1735 563 1822 subjectum
587 1734 734 1799 uoluntati
758 1736 843 1822 quod
864 1736 1010 1805 retineret
1027 1739 1122 1802 liomo

206 1843 413 1910 eorpns'cum
437 1823 526 1889 vellet
556 1838 585 1889 et
619 1823 765 1908 abjiceret
797 1845 868 1889 cum
901 1825 1001 1901 vellen
1039 1829 1122 1913 quod

107 1964 112 1981 i
207 1911 366 1978 manifeste
390 1927 472 2001 patet
505 1933 572 1978 esse
595 1911 716 1977 laisum.
737 1913 790 1978 Sic
820 1915 912 1998 igitur
933 1928 1016 2001 patet
1037 1916 1124 2000 quod

207 2000 378 2067 intellectus
400 2022 461 2067 non
486 2003 590 2068 unitur
610 2002 729 2067 Socrati
755 2002 855 2067 colun
878 2016 912 2067 ut
945 2019 1058 2083 motos,
1089 2021 1121 2071 et

206 2090 289 2176 quod
312 2092 413 2169 etium,
436 2092 460 2157 si
485 2091 543 2156 ltoc
565 2103 654 2167 esset,
683 2090 759 2155 nillil
792 2090 955 2177 proficeret
987 2092 1026 2157 ad
1060 2094 1121 2159 ltoc

206 2178 288 2265 quod
312 2180 452 2245 Socrates
475 2178 667 2263 intelligeret.
678 2179 739 2260 Qui
750 2199 826 2263 ergo
840 2182 920 2247 lianc
935 2182 1118 2267 positionem

205 2268 374 2333 defendere
396 2268 511 2346 volout,
534 2284 586 2334 aut
608 2269 811 2333 conliteamur
833 2290 867 2334 sc
896 2271 974 2347 nillil
1006 2272 1118 2340 intelli·
1229 2293 1230 2312 ³

205 2378 278 2441 gere
301 2371 330 2423 ct
353 2356 495 2442 indignos
516 2376 583 2421 esse
606 2378 678 2421 cuin
698 2357 809 2441 quibus
832 2358 925 2444 aliqui
952 2360 1118 2447 disputent,
1229 2383 1230 2392 ¹

204 2459 257 2511 aut
278 2446 481 2511 conliteamur
510 2445 593 2530 qnod
620 2444 794 2509 Aristotcles
817 2448 983 2523 concludit,
1004 2449 1119 2515 scilicet

203 2534 286 2619 quod
311 2534 340 2599 id
364 2556 425 2621 quo
447 2534 548 2622 ptimo
572 2533 770 2617 intelligimus
791 2550 822 2599 et
837 2536 1118 2621 speciesetlocmn.

274 2622 376 2688 Potest
399 2626 491 2688 etiani
526 2622 585 2687 linc
614 2622 755 2704 concludi
791 2644 827 2689 cx
860 2626 920 2689 lmc
950 2626 1036 2711 qood
1069 2628 1126 2693 hie

204 2712 299 2777 homo
322 2712 352 2777 in
376 2712 476 2797 aliqun
503 2711 605 2797 specie
640 2710 815 2778 collocator.
838 2712 981 2799 Speciem
1013 2726 1118 2781 antem
1229 2723 1230 2726 ’

205 2820 362 2887 numquam
385 2802 511 2877 sortitur
533 2798 649 2886 aliquid
677 2800 736 2865 nisi
769 2820 806 2865 ex
828 2800 936 2878 locine.
972 2802 1004 2866 ld
1026 2803 1121 2888 igitur

206 2909 260 2974 pec
282 2890 365 2975 qnod
386 2890 455 2955 ¹laio·
479 2889 574 2954 homo
607 2889 741 2975 speciem
773 2890 899 2957 sortitor
929 2904 976 2955 est
1008 2888 1119 2957 sonmo.

206 2977 453 3064 Unumquodque
479 2990 582 3041 autem
611 2977 656 3059 ali
674 2997 712 3041 co
732 2978 867 3063 speciem
888 2979 1014 3045 sortitur
1034 2981 1120 3067 qood

205 3081 251 3131 est
274 3068 456 3153 principium
479 3066 623 3153 propriae
644 3067 831 3153 operationis
852 3068 1118 3157 specieiPcoptia

205 3170 307 3221 autem
331 3155 468 3243 operatio
496 3155 641 3233 hominio,
675 3156 856 3240 inquantum
878 3170 924 3223 cst
938 3157 1052 3235 thoma,
1073 3172 1121 3223 cst

203 3244 382 3330 intelligere:
405 3264 461 3332 pec
483 3245 541 3309 noc
562 3244 646 3309 enim
669 3243 821 3309 differtab
836 3244 903 3310 aliis
923 3246 1117 3324 animalibus

203 3346 235 3397 et
257 3332 327 3399 iden
361 3334 392 3398 in
428 3334 486 3399 hac
517 3332 699 3420 tipecatione
734 3333 910 3400 Aristoteles
943 3334 1127 3401 felicitatem
1229 3347 1230 3350 ’

203 3422 342 3487 ultimam
365 3421 532 3487 constitnit.
553 3420 741 3507 Prtncptnn
765 3436 871 3489 entem
890 3442 954 3509 quc
975 3422 1118 3509 intelligi·

204 3528 272 3574 mus
295 3523 340 3575 cst
351 3510 544 3593 intellectus),
555 3523 589 3575 ut
600 3508 775 3593 Aristoteles
787 3510 870 3584 dicit
884 3510 1016 3601 Oportet
1026 3514 1119 3601 igitur
1229 3573 1230 3614 q
