2484 3975
312 244 368 292 tto.
392 245 431 290 rv.
455 245 518 290 ctu.
546 245 625 290 extre
650 245 685 289 rr
711 245 787 290 tvtv.
968 223 1033 290 255

111 312 152 379 ad
177 311 250 380 ttdet
272 314 435 392 rationem,
471 333 551 401 quoe
591 310 632 379 dc
669 312 873 379 invisibilibus
911 326 967 392 est,
1005 328 1036 380 et
1113 383 1119 404 x

111 417 264 490 quantum
288 403 328 468 ad
353 406 510 479 meritum,
527 403 611 490 quod
635 401 717 468 circa
731 401 790 468 hoc
806 416 1035 467 sacromentum

111 503 197 556 tanto
219 489 321 577 maius
344 506 390 557 est
415 506 531 579 quanto
554 491 737 557 invisibilius
761 493 870 576 agitur,
904 509 1035 578 corpore

111 580 226 645 Christi
248 581 307 645 sub
343 581 433 667 ponis
470 579 682 646 accidentibus
719 581 871 645 occultato
909 594 1036 666 propter

112 669 360 734 commodiorem
399 683 429 745 et
462 670 674 736 honestiorem
714 687 804 733 usum
840 670 1034 733 sacramenti.

112 757 197 822 iisset
220 757 305 822 enim
327 757 448 824 horrori
472 758 667 825 sumentibus
690 771 720 820 et
743 757 966 822 abominationi
991 758 1035 822 vi·

111 845 267 926 dentibus,
288 847 314 911 si
337 863 449 934 eorpus
471 845 582 913 Christi
599 849 631 912 in
655 865 710 912 sua
733 849 868 936 species
893 844 1035 912 fidelibus
1070 843 1082 860 ⁸

111 946 299 1001 sumeretur.
324 934 424 1014 Unde,
447 937 506 1001 sub
528 938 631 1024 speeie
655 935 744 1022 panis
766 949 797 1000 et
820 935 894 1012 vini,
921 934 1035 1020 quibus

113 1023 258 1088 homines
279 1025 476 1090 communius
499 1039 628 1090 utuntur
649 1025 689 1089 ad
724 1043 812 1091 mum
848 1037 879 1087 et
914 1035 1035 1109 putum,

88 1153 91 1158 -
113 1131 228 1212 corpus
249 1111 359 1178 Christi
383 1115 568 1200 proponitur
589 1114 630 1178 ad
653 1112 905 1180 manducandum
922 1126 952 1176 et
965 1131 1036 1178 tan·

113 1219 183 1285 guis
206 1201 368 1288 potandus.

412 1287 585 1356 CAPUT
619 1287 721 1357 inV.

136 1465 255 1534 Soitttio
278 1487 384 1534 eorum
407 1487 486 1554 quoe
507 1467 733 1554 objiciedonntr
756 1488 795 1533 eo
815 1479 907 1554 porte
930 1466 999 1532 luri.

178 1645 231 1711 ttts
254 1646 347 1731 igitur
368 1646 571 1712 consideratis
593 1647 674 1712 circa
699 1643 827 1713 modum
854 1644 1031 1709 conversio·

111 1733 171 1813 nis,
194 1735 233 1800 ad
256 1737 315 1801 uiis
337 1735 485 1800 solvende
510 1736 600 1800 nobis
625 1735 819 1820 aii'quuteuus
853 1732 902 1798 via
940 1747 1034 1819 patet.

2 1892 5 1900 ,
109 1823 236 1889 Dictum
270 1836 316 1889 cst
337 1826 420 1888 enim
444 1823 529 1912 quod
556 1826 642 1890 iocus
677 1825 708 1887 iu
741 1841 804 1908 quo
838 1821 898 1885 iroc
932 1824 1034 1906 agitur

110 1923 339 1978 sacramentum
371 1913 548 1978 attribuitur
560 1913 683 2001 corpori
707 1910 832 1989 Christi,
847 1910 966 1974 ratione
990 1909 1036 1974 di·

110 2006 306 2067 ntertsionum
340 2004 428 2089 panis
451 2005 678 2068 remanentium
703 2014 770 2089 post
792 2001 1032 2066 conversionem

110 2090 300 2157 substantiae
322 2092 409 2178 panis
431 2092 462 2156 io
485 2111 598 2178 corpus
620 2091 743 2158 Christi.
767 2088 945 2155 Secundum
971 2090 1031 2154 boc

112 2181 264 2264 igiturest
285 2200 366 2267 quae
388 2180 500 2245 Christi
525 2194 598 2245 sunt
619 2198 747 2245 necesso
760 2192 806 2245 est
821 2198 889 2243 esse
912 2178 943 2241 in
960 2177 1029 2243 loru

111 2269 279 2354 praedicto,
298 2270 471 2335 secuudum
494 2270 579 2355 quod
603 2271 697 2354 exigit
720 2269 798 2333 ratio
821 2267 1030 2333 conversionis

111 2358 295 2443 praedictae.
870 2402 875 2413 ·

177 2445 442 2511 Considerandum
466 2458 513 2511 est
546 2442 641 2532 igitar
675 2445 706 2512 iu
741 2444 801 2510 boo
838 2458 1035 2511 sacrarncoto

110 2533 228 2621 aliquid
250 2554 320 2601 esse
340 2556 380 2601 ex
402 2534 431 2599 vi
453 2534 675 2609 conversionis,
699 2531 816 2619 ahquid
854 2547 957 2597 autern
995 2551 1031 2597 ex

110 2623 243 2689 naturaii
257 2625 504 2689 coummitvntie.
521 2621 564 2689 iis
579 2625 608 2688 vi
623 2621 749 2709 quidem
762 2622 971 2687 conversionis
987 2636 1035 2685 est

108 2713 141 2776 in
155 2713 215 2778 boc
236 2725 431 2782 sacramento
454 2711 530 2777 iiiud
545 2712 584 2776 ad
609 2712 694 2799 quod
718 2710 834 2774 directe
870 2714 1038 2775 conversio.

109 2801 305 2880 terminatur,
329 2803 406 2868 simt
419 2801 480 2867 sub
493 2800 656 2889 speciebus
669 2802 880 2886 paniscorpus
909 2797 1038 2877 Christi*

106 2889 140 2953 in
163 2890 247 2977 quud
271 2892 441 2956 substantia
466 2892 554 2977 ponis
576 2889 779 2961 convertitur,
803 2900 835 2951 ut
859 2908 915 2974 per
938 2888 1032 2954 verba

105 2980 348 3045 consecrationis
381 2992 474 3066 patet,
496 2995 569 3044 cum
597 2978 718 3043 dicitur:
742 2974 809 3042 Hor
841 2988 889 3041 ert
921 2996 1036 3060 corpur

104 3086 219 3145 mcum3
229 3082 261 3132 et
276 3068 418 3133 stmttner
431 3068 492 3133 strb
506 3066 611 3154 specie
626 3066 688 3131 vini
702 3079 748 3131 cst
770 3066 897 3149 sanguis
910 3066 1037 3142 curisve

103 3174 179 3220 cum
202 3156 325 3222 dicitur:
348 3156 451 3221 liomo
474 3166 521 3221 est
543 3156 630 3220 cutim
667 3154 828 3241 sonyttint'a
864 3156 937 3233 mo,
974 3165 1032 3217 etc.

102 3244 167 3311 Sed
191 3265 228 3311 et
251 3245 381 3312 naturali
403 3244 642 3311 concomitantia
667 3259 739 3309 suut
762 3242 804 3307 ibi
828 3244 934 3307 omnia
957 3242 1035 3320 aliu,

102 3333 145 3399 ad
167 3354 248 3420 quae
270 3334 431 3400 conversio
452 3354 515 3399 non
540 3333 734 3407 terminatur,
771 3331 825 3396 sed
861 3347 964 3395 tumen
1003 3334 1031 3397 ci

100 3423 135 3487 in
159 3424 242 3510 quod
266 3424 448 3490 terminatur
469 3435 542 3487 sunt
575 3422 707 3487 reeiiter
722 3422 896 3506 conjuncto.
935 3419 1030 3484 biani-

99 3512 215 3578 ieetum
239 3527 286 3579 est
307 3515 391 3579 enim
415 3511 498 3599 quod
521 3512 683 3578 conversio
708 3513 796 3597 ponis
820 3530 882 3575 nott
922 3515 1030 3576 termi-
