2484 3975
365 263 403 308 ue
427 260 548 310 nnrrtru
564 262 755 310 rnrrttocrus
957 240 1020 306 nte

97 328 183 414 quod
205 330 299 416 paulo
322 352 414 419 supro
438 333 613 398 Aristoteles
638 333 720 398 dixit.
756 329 841 395 Sicut
864 328 946 395 enim
971 332 1021 396 hic

98 419 212 484 dicitur
232 419 316 506 quod
339 422 518 487 sensitirum
543 441 605 486 nnn
642 433 689 486 est
723 421 790 486 sine
826 439 957 503 corpore
990 433 1022 484 ει

96 507 273 573 intellectus
294 522 340 574 εει
363 525 532 595 separatus,
555 511 599 576 sic
620 531 712 597 supro
737 505 908 592 dicitquod
933 508 1023 574 intei-

97 596 196 662 lcctus
219 597 305 662 fieret
326 600 436 686 qualis,
458 614 509 665 aut
532 599 649 666 calidus
672 603 724 664 aut
758 598 898 678 frigidus,
922 597 946 662 si
970 597 1023 667 ali·

97 684 184 770 quod
206 707 359 772 organum
383 688 441 753 erit
464 690 502 762 ei,
525 689 602 754 sicut
624 685 835 754 considendo
860 687 952 774 igitur
975 706 1023 752 ra·

98 775 194 853 tione,
217 776 268 840 hic
290 776 361 842 dicit
384 778 466 863 quod
490 779 671 844 sensitirum
710 797 771 842 non
794 789 842 841 est
865 780 933 842 siue
955 795 1024 842 cnr-

97 883 186 950 poro,
209 864 380 931 intellectus
414 882 516 932 autem
540 883 587 933 est
608 880 778 952 separatus,
811 864 882 952 quia
914 885 1024 932 sensus

98 951 196 1017 babet
217 975 379 1033 organum,
403 977 464 1020 non
488 975 590 1022 autem
615 955 793 1020 intellectus.

167 1042 412 1108 Manifestissime
435 1046 526 1128 igitur
542 1057 685 1132 apparet,
699 1045 814 1131 absque
827 1044 911 1108 omni
936 1042 1026 1108 dubi·

101 1128 228 1208 tatione,
250 1153 288 1196 ex
311 1133 412 1198 verbis
435 1134 611 1209 Aristotelis,
636 1135 715 1199 hanc
751 1134 844 1199 iuisoe
866 1131 932 1217 ejus
955 1151 1025 1197 sen-

101 1221 229 1284 tentium
253 1221 293 1285 de
316 1221 470 1286 intellectu
494 1222 642 1310 possibili,
675 1224 758 1309 quod
793 1220 965 1288 intellectus
986 1221 1026 1286 sit

102 1307 217 1393 aliquid
241 1311 364 1374 animae
386 1331 466 1395 quoe
488 1326 533 1376 est
556 1327 640 1378 actus
664 1314 812 1399 corporis,
847 1313 886 1376 ita
921 1325 1023 1376 tamen

102 1397 187 1482 quod
211 1399 382 1464 intellectus
405 1402 526 1465 animae
549 1422 611 1466 non
647 1401 759 1466 habeat
786 1399 910 1487 aliquod
935 1419 1025 1483 orga-

100 1507 180 1552 num
217 1488 389 1574 corporale,
427 1490 505 1555 sicut
543 1491 659 1556 habent
696 1504 835 1556 caeterae
873 1490 1027 1576 potentiae

100 1595 234 1642 animae.

170 1665 337 1746 Quomodo
359 1681 463 1732 autom
487 1667 547 1731 iroc
570 1687 638 1732 εεεε
662 1668 755 1754 possit
771 1665 854 1750 quod
871 1665 973 1730 anima
991 1667 1031 1730 sit

102 1753 205 1818 formu
229 1755 379 1837 corporis,
402 1770 432 1820 ει
465 1756 566 1840 aliqua
602 1758 699 1824 uirtus
735 1756 857 1820 animae
892 1773 955 1819 non
993 1755 1032 1820 sit

102 1843 245 1928 corporis
267 1845 375 1924 virtus,
397 1865 460 1910 non
484 1843 609 1910 difficile
633 1859 679 1910 εει
703 1844 884 1928 intelligere,
914 1841 938 1907 si
963 1843 1032 1928 quis

104 1932 198 1997 etiarn
223 1932 255 1996 in
279 1932 344 1997 aliis
368 1934 461 2000 rebus
483 1933 668 2001 consideret.
702 1934 850 2001 Videmus
884 1933 967 1997 enim
1003 1933 1032 1997 in

107 2021 214 2086 multis
237 2021 320 2106 qnod
345 2023 446 2110 aliqua
486 2022 584 2089 forma
618 2037 664 2089 εει
698 2039 784 2089 actus
819 2022 957 2109 corporis
992 2042 1031 2089 ex

104 2109 268 2176 elementis
292 2114 459 2188 communi,
483 2125 639 2177 ettamen
664 2114 755 2179 habet
778 2111 912 2198 aliquam
939 2111 1033 2176 virtu·
1087 2110 1096 2117 ⁴

103 2212 167 2263 tem
191 2220 271 2284 quoe
284 2199 356 2264 'nou
380 2215 427 2266 est
448 2203 542 2266 uirtus
559 2202 687 2288 alicujus
704 2202 861 2279 elementi,
876 2199 930 2264 sed
947 2216 1032 2265 com·

106 2288 183 2373 petit
206 2288 256 2352 tali
279 2287 461 2355 formacex
494 2290 554 2355 alio
588 2292 750 2378 principio,
787 2302 859 2375 puta
898 2308 1029 2373 corpore

106 2376 241 2454 caeleste
263 2377 342 2443 sicut
363 2380 447 2465 quod
472 2400 599 2463 magnes
615 2382 708 2445 nubet
721 2382 863 2445 virtutem
877 2376 1032 2442 attrahen-

108 2465 139 2530 di
162 2464 291 2543 serrum,
312 2480 343 2532 et
360 2468 456 2555 jaspis
480 2470 683 2554 restringendi
701 2470 893 2553 sanguinem3
908 2481 938 2529 ct
954 2485 1029 2552 pau·

93 2554 194 2646 'latim
218 2555 359 2620 ridemus
382 2556 465 2643 quod
490 2557 607 2623 inrmae
645 2577 723 2645 quae
757 2571 829 2623 sunt
864 2554 1031 2623 nobiliores

108 2645 225 2711 habent
246 2646 363 2730 niiqnos
388 2649 513 2711 virtutes
552 2648 707 2731 magicae
737 2644 834 2730 magis
870 2665 1032 2731 supergre-

109 2734 229 2799 dientes
253 2737 423 2812 materiam3
447 2736 529 2801 unde
553 2737 658 2801 ultima
683 2735 863 2809 formarum,
886 2746 1036 2822 quaeest

113 2823 217 2888 anima
242 2823 387 2897 humana.
411 2824 504 2889 habet
527 2826 667 2889 virtutem
706 2824 838 2890 totaliter
874 2844 1036 2911 supergre-

114 2910 252 2976 dientcm
276 2914 437 2977 materiam
461 2913 665 3000 corporalem,
687 2914 801 2979 scilicet
838 2913 1038 2979 intellectum.

115 2998 168 3064 Sic
190 3020 267 3083 ergo
291 3000 462 3066 tnretteems
484 3016 644 3088 separatus
666 3016 722 3072 εει,
746 3003 890 3089 quianon
915 3016 960 3066 εει
984 3002 1042 3067 rit·-

117 3102 166 3153 tue
189 3089 220 3153 in
243 3110 384 3175 corpore,
407 3092 462 3155 sed
486 3105 532 3155 est
554 3092 648 3155 virtus
672 3090 702 3155 in
726 3094 838 3167 animm
862 3090 964 3155 anima
988 3112 1043 3156 au·

117 3191 181 3242 tem
204 3191 251 3243 εει
275 3192 361 3243 actus
383 3181 530 3265 corporis.
555 3179 617 3247 Nec
654 3179 784 3245 dicimus
811 3179 893 3267 quod
932 3181 1045 3261 anima,

117 3265 150 3331 in
173 3287 233 3351 qua
257 3280 304 3331 est
322 3267 510 3339 inteiiectus.
533 3268 576 3333 sic
598 3266 726 3333 excedat
750 3268 908 3333 materiam
933 3289 1044 3357 corpu-

118 3354 216 3420 rotem
240 3356 326 3441 quod
350 3378 412 3421 non
436 3356 550 3421 habeat
573 3377 641 3421 εεεε
665 3357 695 3420 in
720 3378 860 3445 corpore3
883 3358 937 3422 sed
961 3358 1045 3443 quod

118 3442 302 3522 intellectus,
325 3465 417 3530 quern
442 3444 616 3510 Aristoteles
633 3444 706 3511 dicit
728 3446 895 3533 potentiam
912 3448 1044 3521 animae,

119 3551 183 3603 non
205 3546 252 3599 εει
273 3548 359 3599 actus
381 3535 529 3623 corporis.
545 3533 652 3624 Neque
674 3536 757 3601 enirn
781 3536 883 3602 auimo
896 3550 940 3601 εει
956 3548 1043 3602 εειυε
