2484 3975
336 218 374 263 oe
397 218 549 265 rnrucrrus
577 218 709 265 urrunsa
919 196 984 263 495

83 285 129 353 sed
149 282 224 372 quod
246 299 291 351 est
315 306 371 373 per
393 309 426 352 re
449 300 480 353 er
503 288 599 353 babet
636 306 702 351 esse
730 285 931 373 completum,
955 301 988 351 ut

82 376 164 441 bomo
184 394 241 438 non
265 374 358 441 babet
394 396 463 442 esse
487 397 542 463 per
564 375 754 454 albedinem;
779 374 833 439 sed
857 376 987 440 materia

81 462 178 530 dicitur
198 462 280 549 quod
298 463 398 531 babet
422 485 489 531 esse
512 485 549 530 ex
572 485 610 531 eo
639 463 722 551 quod
759 462 817 531 sibi
852 462 988 539 advenit,

80 551 198 639 quiade
220 572 253 616 se
280 573 349 618 esse
384 554 615 640 incompletum,
650 552 713 619 irno
750 551 874 619 nullum
908 573 987 632 esse,

79 641 171 718 babet,
192 654 222 705 ut
243 640 316 706 dicit
339 640 572 709 Commentator
595 642 663 729 (de
676 641 794 718 Anima,
812 642 831 707 5
849 642 873 725 );
890 641 984 720 unde,

78 727 241 817 simpliciter
263 730 431 816 loquendo,
456 731 555 797 torma
580 731 713 797 datesse
737 731 894 809 nrateriaa
910 731 986 796 acci-

77 819 145 885 dens
166 832 264 883 autem
292 840 355 887 non
390 820 442 887 dat
464 841 533 887 csse
562 820 713 907 subjecto,
736 818 792 885 sed
816 818 987 905 subjectum

77 906 222 984 recidenti,
251 906 322 973 licet
343 909 509 994 aliquando
544 925 678 995 ponatur
703 928 798 973 unum
824 928 879 993 pro
916 908 988 986 alio,

76 997 181 1063 scilicet
202 1000 328 1063 materie
352 1019 408 1084 pro
431 996 582 1085 subjecto,
605 1011 636 1062 et
660 1018 677 1061 e
700 998 864 1062 contrario.

134 1086 214 1152 Sicut
243 1099 347 1152 autern
371 1108 465 1153 omne
497 1086 583 1172 qnod
604 1100 651 1151 est
674 1084 704 1151 in
726 1086 863 1173 potentia
887 1099 988 1171 potest

74 1174 127 1239 dici
150 1173 284 1253 materie,
307 1174 348 1240 ita
388 1196 482 1242 omne
506 1196 523 1241 a
546 1196 608 1263 qno
644 1175 736 1241 habet
770 1174 884 1259 aliquid
909 1195 989 1253 esse,

73 1262 280 1349 quodcumque
303 1283 370 1329 esse
400 1266 438 1329 sit
472 1263 558 1344 illud,
593 1264 658 1329 siue
689 1262 889 1329 substantiale
923 1264 986 1329 sive

72 1350 260 1429 accidentale,
283 1366 383 1437 potest
406 1352 464 1417 dici
489 1352 601 1431 lorma;
625 1352 702 1419 sicut
727 1353 835 1429 borno,
860 1353 986 1417 comsit
1032 1410 1047 1431 ,

71 1443 195 1527 potentio
219 1440 321 1520 albus,
349 1440 382 1507 fit
416 1462 472 1529 per
505 1442 681 1507 albedinem
719 1454 787 1506 actu
823 1440 920 1519 albus,
954 1456 985 1506 et

70 1550 198 1616 sperma,
225 1550 295 1595 cunr
319 1530 357 1595 sit
379 1531 516 1617 potentia
540 1531 646 1609 bomo,
670 1529 704 1595 lit
727 1544 795 1595 actu
814 1530 909 1595 borno
933 1551 988 1616 per

69 1620 210 1685 enimam.
233 1617 268 1689 Et
290 1619 362 1705 quia
399 1618 496 1685 forma
531 1618 601 1685 lacit
636 1638 703 1689 esse
735 1619 766 1685 in
801 1632 881 1696 actu,
915 1620 986 1684 ideo

68 1707 178 1773 dicitnr
200 1707 282 1792 quod
307 1708 405 1773 lorma
429 1722 474 1773 eet
497 1722 592 1773 actus:
615 1707 815 1795 quodantern
832 1705 902 1771 lacit
918 1728 986 1773 esse

67 1809 135 1861 actu
157 1795 356 1861 substantiale
380 1797 491 1863 dicitur
513 1796 612 1861 forma
626 1794 844 1873 substantialis,
859 1793 985 1881 etquod

67 1882 134 1951 lacit
150 1899 219 1951 actu
241 1904 309 1949 esse
331 1885 520 1951 accidentale
543 1885 655 1951 dicitur
668 1883 985 1959 lormaaccideutulis.

127 1974 163 2040 Et
185 1973 256 2061 quia
279 1976 436 2059 gerreratio
460 1988 505 2042 est
529 1989 631 2042 motus
655 1972 693 2038 ud
707 1972 850 2051 formem,
867 1972 984 2062 duplici

66 2062 180 2128 iormae
205 2062 370 2150 respondet
404 2064 517 2150 duplex
548 2063 718 2148 generatio:
747 2063 879 2129 Formae
913 2065 985 2130 sub-

66 2151 191 2218 nantiali
215 2151 380 2238 respondet
396 2153 554 2238 generatio
567 2152 756 2240 simplicitcr;
772 2149 890 2218 formae
903 2153 982 2218 acci·

66 2239 174 2306 lentuli
199 2240 365 2327 respondet
387 2243 545 2326 generatio
561 2242 735 2308 secundum
753 2240 837 2326 quid.
852 2241 985 2322 Quando

66 2332 142 2394 enirn
166 2331 373 2396 introducitur
388 2329 488 2396 lornra
504 2329 724 2406 substantialis,
741 2329 853 2394 dicitur
869 2329 985 2417 aliquid

66 2416 123 2482 leri
148 2418 339 2504 simpliciter,
362 2421 440 2487 sicut
464 2420 604 2486 dicimus:
629 2420 728 2484 llomo
753 2416 867 2495 fit,vel:
886 2417 985 2484 llomo

66 2521 238 2587 generatum
272 2506 396 2594 quando
421 2521 524 2574 autern
549 2507 754 2573 introducitur
782 2505 882 2572 forma
906 2508 987 2572 acci-

66 2595 203 2669 lentalia,
227 2617 290 2662 non
314 2595 426 2664 dicitur
456 2597 570 2682 aliquid
604 2597 671 2662 lieri
706 2595 897 2683 simpliciter,
930 2597 985 2662 sed

66 2683 122 2748 ieri
150 2685 222 2763 boc,
245 2685 332 2763 sicul,
355 2684 482 2770 quando
505 2689 600 2750 borno
625 2683 659 2751 fir
681 2683 856 2764 albus‚non
874 2684 985 2750 dicitur

67 2772 240 2858 impliciter
263 2774 422 2842 bemineru
446 2773 511 2840 fieri
536 2775 583 2840 uel
606 2772 760 2858 generari,
783 2773 837 2838 sed
854 2773 922 2840 lieri
936 2774 984 2840 vel

68 2864 198 2928 onerari
222 2862 339 2930 alburn.
363 2863 397 2928 Et
425 2861 499 2928 buic
529 2861 643 2948 duplici
669 2862 859 2945 generationi
886 2884 983 2950 oppo-

69 2950 135 3015 itur
159 2951 275 3038 duplex
297 2951 467 3037 corruptio,
490 2951 608 3017 scilicet
620 2949 751 3038 simplex
767 2965 796 3014 et
808 2953 984 3017 secundum

68 3039 136 3104 uid.
163 3039 330 3107 Generatio
366 3061 438 3106 uero
462 3054 493 3104 et
515 3041 674 3127 corruptio
708 3039 885 3126 simpliciter
921 3062 983 3106 non

66 3142 123 3193 unt
147 3129 211 3195 nisi
236 3131 265 3194 in
290 3149 404 3215 genere
426 3130 627 3205 substantiae
661 3128 821 3214 generatio
857 3149 930 3192 rero
955 3143 986 3194 et

66 3219 213 3304 orruptio
246 3217 418 3286 secundum
443 3217 517 3302 quid
540 3217 659 3282 suntin
678 3216 823 3280 omnibus
848 3217 914 3282 aliis
932 3237 985 3302 ge·

66 3305 190 3372 eribus
217 3305 252 3372 uc
274 3308 346 3394 quia
368 3310 526 3390 generatio
549 3320 596 3372 est
618 3304 773 3390 quaedam
796 3310 927 3370 mutatio
945 3307 984 3370 de

66 3413 111 3458 on
137 3414 214 3464 esse
237 3395 285 3461 rel
306 3395 346 3460 de
369 3415 431 3459 non
455 3408 526 3460 ente
561 3395 600 3460 ad
624 3413 691 3460 esse
715 3393 765 3459 rel
799 3392 838 3462 ad
874 3414 984 3472 unse

66 3485 212 3552 aunario
235 3499 338 3552 autern
372 3486 530 3572 corruptio
563 3483 656 3550 debet
679 3501 746 3548 esse
768 3481 808 3548 de
843 3501 909 3548 esse
938 3484 985 3550 rel
