2484 3975
231 213 296 284 uto
603 226 786 276 oroscuautt
876 243 879 249 ,

226 299 333 388 gttttta
353 297 510 367 constituit
531 323 562 362 ι.
585 296 620 362 Et
643 311 711 386 post
727 319 823 386 pauca
835 297 999 367 concludit:
1023 298 1154 380 «Quam

228 389 322 476 igitur
344 388 496 454 rationem
519 383 613 452 babet
635 407 686 453 ars
723 386 763 455 ud
800 388 972 465 materiam,
1005 387 1087 456 bane
1122 401 1156 452 et

226 477 401 546 intellectus
423 474 550 542 sanutus
572 473 611 541 ad
634 496 708 548 euru
729 477 784 562 qui
806 479 837 544 in
860 477 1004 564 potentia
1024 476 1156 563 Propter

227 567 428 652 quodetiam
453 566 484 630 in
507 566 754 651 promptunobis
776 579 822 631 est
833 566 1014 650 intelligere,
1028 565 1156 652 quande

227 657 382 724 nolumus
406 653 473 720 Non
496 653 579 719 eninr
594 667 650 718 ⁴ast
670 671 721 720 ars
742 656 890 722 materiae
913 653 1064 721 inferioris
1099 652 1158 720 sed

230 744 362 810 inexistit
384 743 438 808 toti
461 741 651 895 inpotentia
676 743 843 809 intellectui
857 744 908 828 qni
932 741 1075 829 (factivus
1092 743 1156 820 est)

232 853 267 899 ιι
289 835 314 898 si
338 833 443 918 otique
466 849 502 897 aa
526 829 644 896 ifieator
666 830 797 916 lignis...
819 852 881 897 noo
907 833 944 898 ab
982 831 1156 897 extrinseco

231 921 384 998 existeret,
405 939 462 1008 per
484 929 582 986 totum
605 933 710 998 autern
732 919 835 1008 ipsum
858 933 1020 1007 penetrare
1046 934 1156 1007 potens

232 1012 299 1077 erit.
323 1010 373 1076 Sic
395 1008 487 1074 etiarn
511 1017 543 1074 at
564 1007 616 1094 qui
638 1007 753 1076 seilicet
775 1023 844 1075 antu
869 1009 1050 1090 intellectus,
1065 1008 1155 1074 intel-

232 1099 322 1164 lectui
346 1098 480 1184 potentia
501 1097 733 1182 superveniens,
754 1118 852 1163 unum
875 1097 948 1164 saeit
968 1119 1040 1162 eunt
1078 1098 1155 1184 ipso.

232 1189 265 1252 Et
283 1201 350 1272 post
372 1205 470 1274 pauca
494 1184 660 1250 concludit:
682 1212 697 1244 ι
719 1185 781 1252 Nos
796 1187 890 1272 igitur
906 1186 1155 1272 sunausutquod

232 1277 378 1364 potentia3
401 1273 571 1341 intellectus
594 1287 710 1354 auteur,
733 1276 786 1362 qui
802 1289 887 1352 aetu3
908 1273 1104 1362 sicquidem,
1127 1273 1157 1340 in

232 1365 409 1450 cumpositis
432 1363 576 1430 omnibus
599 1383 638 1432 ex
660 1384 698 1429 eo
720 1362 805 1450 quod
827 1363 963 1451 potentia
996 1376 1027 1428 et
1060 1383 1097 1428 ex
1121 1383 1158 1428 eo

231 1453 315 1541 quod
338 1467 418 1519 autu.
442 1451 530 1518 ttttad
554 1466 602 1517 est
623 1453 684 1529 itio,
697 1453 780 1518 atiud
793 1467 839 1518 est
861 1451 1160 1537 buiualiudutiqua

234 1542 290 1608 erit
312 1563 376 1628 epo,
398 1555 429 1605 et
453 1539 533 1606 aliud
550 1541 627 1604 mitti
648 1562 722 1606 asse.
739 1541 774 1608 Et
788 1554 1014 1628 consequenter
1030 1542 1158 1628 quidem

235 1646 280 1697 est
304 1632 493 1718 compositus
517 1627 688 1697 intellectus
711 1632 896 1717 expetentia
911 1643 1033 1695 etactu.
1050 1627 1162 1695 Scribit

235 1735 349 1798 autem,
373 1740 435 1786 uun
457 1739 517 1805 qua
541 1720 688 1804 potentia,
704 1720 758 1784 sed
770 1740 829 1805 qua
845 1735 925 1795 aetu3
940 1720 1062 1805 operari
1074 1719 1158 1784 eninr

234 1809 291 1874 sibi
307 1810 378 1874 inde
392 1809 545 1874 derivatur
567 1833 598 1870 ι.
615 1807 650 1872 Et
662 1823 731 1892 post
746 1829 842 1894 pauca
853 1807 955 1872 adhue
966 1806 1159 1872 manifestius

235 1899 288 1962 sio:
319 1925 332 1955 ι
356 1899 450 1983 igitur
472 1907 518 1961 est
540 1893 621 1962 aliud
646 1909 693 1961 eat
714 1897 835 1962 ottimol
856 1909 887 1962 et
908 1895 992 1961 aliud
1026 1896 1160 1960 animoli

236 2006 309 2051 esse.
331 1985 470 2054 Aaiotoli
492 2004 556 2051 esse
593 1999 640 2051 est
661 1983 700 2053 ab
739 1989 840 2053 anirna
878 1983 1028 2051 animalis.
1053 1985 1107 2055 Sie
1129 1998 1159 2050 et

233 2075 316 2141 alind
360 2076 413 2161 qui
435 2095 488 2161 epo
511 2090 541 2141 et
563 2072 647 2141 aliud
681 2096 746 2141 erse
768 2073 856 2141 attilii.
880 2074 1071 2140 Esaeautent
1082 2074 1159 2139 atttt

235 2179 280 2229 est
302 2167 342 2230 ab
365 2165 479 2242 anima,
500 2176 534 2229 et
556 2162 699 2245 babetur,
719 2176 751 2228 et
773 2184 836 2229 non
859 2164 953 2251 (ab)
974 2164 1072 2243 omni;
1096 2183 1159 2228 non

233 2256 350 2317 anima
374 2254 527 2330 sensitiva,
551 2253 678 2319 materia
700 2252 784 2318 enirn
806 2265 872 2318 arat
887 2251 1081 2338 phantasiae;
1103 2272 1159 2316 ne·

236 2363 295 2428 que
320 2363 441 2408 rursum
465 2362 482 2407 a
506 2340 677 2429 phantasia,
700 2340 828 2408 materia
851 2342 1161 2427 enimeratpotentia

236 2430 418 2500 intellectus:
442 2451 543 2517 traque
556 2430 595 2495 ab
617 2450 657 2495 eo
672 2429 756 2517 quod
767 2443 814 2495 eat
827 2430 962 2517 potentia
977 2425 1162 2505 intellectus,

236 2523 362 2585 rnateria
386 2522 469 2585 enirn
483 2518 660 2584 erutiaetiti
673 2517 931 2603 (intelieetus).d
968 2516 1036 2583 solo
1069 2520 1163 2602 igitur

237 2608 346 2672 factito
369 2622 415 2673 est
436 2608 513 2672 mitt
534 2626 608 2673 esse.
631 2634 646 2666 ι
677 2606 711 2672 Et
725 2618 901 2695 postpauca
916 2606 1029 2673 subdit:
1052 2605 1162 2673 «Curn

237 2697 445 2783 respondisset
468 2694 606 2787 (seilicet
628 2692 831 2779 Aristoteles)
870 2696 902 2761 in
936 2696 1021 2761 omni
1056 2711 1162 2762 autem

238 2800 345 2851 natura
370 2786 429 2853 boe
451 2782 577 2872 quidem
601 2798 635 2851 ut
656 2783 818 2851 materiam
840 2804 920 2863 esse,
959 2784 1018 2849 hoe
1055 2798 1163 2851 autem

238 2874 321 2959 quod
345 2877 506 2941 materiam
530 2887 634 2939 moret
656 2886 710 2937 aut
730 2872 859 2960 pertinit,
892 2891 1019 2938 neoesee
1055 2877 1100 2939 ait
1134 2888 1164 2940 et

238 2964 268 3027 in
293 2963 395 3029 anima
419 2963 550 3030 existere
584 2963 639 3028 bas
677 2961 874 3040 differentias,
908 2975 940 3026 et
973 2980 1041 3027 asso
1079 2962 1165 3029 buno

238 3051 370 3137 aliquem
397 3052 488 3119 taleni
513 3050 701 3119 intellectum
724 3051 755 3117 in
776 3050 880 3117 anima
903 3049 981 3129 fieri,
1007 3062 1037 3115 et
1078 3056 1164 3117 buno

239 3140 329 3206 talem
352 3142 383 3206 in
407 3142 509 3205 antima
533 3138 644 3216 faeere
667 3153 699 3206 et
720 3158 818 3225 usque
839 3140 879 3206 ad
902 3138 984 3205 bane
999 3159 1163 3225 progressa

237 3244 347 3295 natura
370 3231 506 3295 cessauit.
530 3228 592 3295 Nor
615 3230 719 3314 itaque
740 3248 848 3293 snmus
882 3226 1010 3295 institut
1043 3226 1164 3294 intelie-

239 3331 304 3383 etus
327 3344 357 3382 ι.
383 3318 417 3383 Ει
439 3332 556 3405 postea,
575 3318 743 3403 reprobans
765 3316 1162 3405 quorumdamopinionem

241 3406 312 3471 dicit
342 3435 356 3465 ι
379 3409 410 3473 in
433 3409 536 3473 anima
559 3426 627 3471 esse
650 3404 742 3471 tatem
764 3404 966 3480 intellectum,
986 3420 1017 3471 et
1039 3405 1167 3488 animae¹

241 3494 393 3561 ltumorrae
418 3496 498 3561 velut
521 3490 820 3582 quamdampartem
837 3494 1165 3569 honoratissimam·
