2484 3975
183 213 247 280 mu
561 231 733 278 oroscmon

249 298 414 366 Essentiale
428 312 472 366 est
496 304 577 368 enim
595 303 717 366 animae
733 300 817 386 quod
839 300 960 389 corpori
973 301 1111 379 uniatur,

181 390 236 456 red
260 390 320 456 hoo
341 389 508 476 impeditur
531 411 586 476 per
608 391 762 466 aoeidens,
784 410 846 459 non
870 411 908 456 ex
935 405 1022 478 parte
1040 401 1114 468 ιιι,

181 479 236 545 ted
260 500 297 546 ox
320 492 406 568 parte
429 481 566 566 eorporis
589 480 915 566 quodoorrumpitur3
952 481 1031 545 sieut
1053 499 1113 567 per

181 589 215 634 re
239 567 384 655 competit
406 567 464 632 levi
488 589 558 634 esse
580 589 714 647 suarum,
736 582 767 634 et
806 568 867 634 hoo
889 583 935 635 est
958 569 1016 634 levi
1041 588 1113 635 esse

183 670 216 724 ιιι
238 658 276 720 sit
299 677 432 734 sursum,
464 673 496 722 ut
530 658 707 723 Aristoteles
742 657 821 722 dioto
849 658 1025 745 (physio,
1046 656 1114 743 8);

169 745 331 829 ¹contingit
353 759 455 812 tamen
470 761 594 833 propter
607 746 731 833 aliquod
745 745 1014 834 impedimentum,
1025 747 1113 834 quod

183 853 246 900 non
270 836 308 900 sit
331 855 465 900 sursum.

251 923 291 988 Ex
316 925 373 988 lroo
397 927 488 990 etiam
513 937 594 1010 patet
616 924 730 990 solutio
740 923 866 990 alterius
878 924 1015 990 rationis.
1026 923 1116 988 Sient

183 1011 266 1078 enirn
291 1013 373 1097 quod
398 1012 492 1078 habet
516 1026 657 1078 naturam
683 1029 715 1078 ut
738 1015 776 1078 tit
812 1033 935 1079 tursum
958 1028 989 1077 et
1026 1011 1113 1098 quod

183 1121 246 1166 non
278 1101 370 1166 habet
393 1115 533 1167 naturam
559 1115 592 1168 ut
615 1102 654 1168 sit
676 1123 799 1167 rursum
821 1103 924 1188 rpeoie
955 1101 1116 1174 dillerunt,

185 1203 215 1256 ot
239 1205 342 1254 tamon
366 1189 448 1254 idem
473 1211 603 1256 numero
627 1204 658 1254 et
691 1192 794 1279 specie
816 1205 863 1256 est
899 1192 983 1278 qnod
1019 1191 1116 1256 habet

184 1292 325 1350 naturam
350 1293 382 1344 ut
404 1279 442 1342 sit
464 1301 599 1365 sursum,
622 1279 693 1345 lioot
715 1281 901 1367 quandoque
923 1282 961 1346 eit
986 1299 1114 1344 sursum

186 1381 216 1432 ot
240 1367 426 1454 quandoque
452 1390 513 1434 non
538 1369 577 1433 sit
601 1389 724 1434 sursum
748 1381 874 1454 propter
910 1369 1034 1456 aliquod
1057 1369 1117 1433 im-

187 1457 410 1542 pedimentum,
434 1459 474 1522 ita
498 1458 645 1524 dllierunt
667 1459 769 1544 speeie
792 1459 872 1522 duae
897 1458 1014 1523 lormae
1036 1477 1116 1542 qua·

187 1565 257 1610 rum
282 1566 342 1610 uua
366 1547 460 1614 habel
473 1563 612 1613 natantum
630 1561 663 1612 ut
677 1548 801 1613 uniatur
822 1548 956 1632 corpori,
968 1547 1025 1613 alio
1039 1565 1115 1611 vero

188 1655 263 1714 non;
296 1634 351 1700 sed
391 1648 493 1702 tamon
517 1655 613 1700 unum
653 1635 781 1702 otidem
805 1650 989 1701 numero-et
1011 1634 1117 1721 speeie

186 1743 255 1788 esse
294 1738 392 1811 potest
427 1726 544 1790 habens
578 1739 719 1791 naturam
758 1739 790 1789 ιιι
825 1726 948 1789 uniatur
980 1725 1117 1811 eorpori,

189 1811 261 1879 lieet
284 1813 471 1902 quandoque
505 1826 573 1878 ratu
612 1814 650 1878 sit
688 1814 820 1889 unitum,
843 1813 1029 1899 quandoque
1052 1828 1118 1878 non·

187 1915 256 1968 autu
279 1903 398 1968 unitum
424 1915 549 1991 propter
570 1902 695 1990 aliquod
718 1902 987 1989 impedimentum.

248 1991 361 2060 ,ddltua
384 2009 486 2058 autem
510 1991 549 2056 ad
572 1995 618 2057 sui
644 1993 757 2058 erroris
781 1991 994 2058 fulcimentum
1027 2013 1116 2057 assu·

189 2095 278 2170 munt
301 2080 387 2163 qnod
411 2081 585 2147 Aristoteles
609 2081 682 2147 dioit
704 2083 735 2146 in
760 2081 839 2146 libro
854 2080 893 2147 de
909 2081 1118 2146 denotatione

189 2170 386 2248 Animalium,
409 2170 524 2249 soilioet
549 2170 740 2236 intellectum·
761 2170 862 2235 solum
889 2172 928 2235 de
966 2170 1040 2236 loris
1063 2170 1118 2234 ad-

191 2260 307 2337 venire,
329 2274 359 2325 et
382 2260 519 2325 divinum
543 2280 610 2325 esse
630 2261 743 2326 solum.
767 2258 855 2324 Nulla
878 2274 981 2324 autem
1015 2258 1116 2323 forma

189 2364 341 2435 quaeest
369 2364 454 2413 aetus
467 2350 613 2413 materiae
638 2349 761 2413 aduenit
794 2351 940 2412 materiae
962 2348 1003 2412 de
1032 2346 1119 2425 foris,

100 2495 105 2509 ‚
192 2438 246 2503 sad
270 2436 462 2506 adnullanda
487 2438 621 2523 potentia
646 2438 803 2504 materiae.
828 2436 1003 2501 lutellaotuo
1026 2436 1120 2521 igitur

191 2548 253 2593 non
277 2542 321 2591 est
338 2526 436 2592 forma
461 2527 610 2611 eorporis.

258 2613 415 2701 objiciunt
428 2616 520 2680 eriam
534 2615 615 2700 quod
628 2614 730 2682 omnis
752 2612 852 2680 iorma
881 2614 1120 2699 comortamini

191 2718 335 2771 causatur
357 2724 394 2769 ea
431 2702 601 2781 dementire
639 2704 733 2785 uode,
766 2704 792 2768 ai
829 2702 1001 2768 intellectas
1039 2718 1124 2771 erret·

191 2792 454 2879 forma-eorporis
478 2793 617 2871 humani,
641 2814 703 2858 non
740 2806 822 2859 eruet
860 2790 900 2857 ab
937 2792 1121 2873 extrinseco,

191 2881 247 2949 sed
273 2896 352 2947 esset
376 2884 414 2947 ab
437 2881 599 2947 elementia
614 2896 766 2950 oausatus.

260 2968 417 3057 Objioiunt
440 2970 568 3035 ulterius
591 2984 696 3058 eontra
734 2970 793 3035 hoo
833 2966 904 3054 quia
942 2984 1125 3055 toqueretur
1238 2975 1239 2978 ’

192 3059 276 3146 quod
300 3063 393 3125 etiam
417 3064 621 3141 vegetativum
646 3072 676 3123 et
698 3058 877 3125 sensitivam
903 3071 984 3123 esset
1007 3060 1047 3122 ab
1069 3079 1123 3125 ex-

192 3150 337 3225 trinraom
375 3147 459 3234 quod
484 3161 531 3211 est
552 3162 658 3213 eontra
676 3147 891 3226 Aristotelem,
912 3147 1079 3234 praecipue
1095 3149 1122 3214 si

194 3250 274 3303 estet
299 3258 359 3301 una
383 3236 552 3301 substantia
576 3241 698 3301 animae
720 3236 808 3320 eujus
845 3236 1000 3322 potentiae
1023 3249 1125 3302 essent
1238 3269 1239 3316 3

194 3327 399 3408 vegetativum
424 3339 454 3388 et
476 3326 656 3393 sensitivum
681 3336 712 3389 et
738 3323 968 3400 intellectivam,
982 3344 1054 3388 eum
1078 3325 1124 3391 in·

195 3415 336 3493 tollemus¹
359 3416 397 3478 sit
421 3413 460 3477 ab
483 3416 665 3493 extrinseco,
691 3412 862 3479 seeundum
878 3411 1081 3479 Aristotelem.

265 3502 383 3569 Horum
401 3515 510 3566 antem
535 3502 648 3569 solutio
670 3501 701 3569 io
725 3515 872 3590 promptu
905 3515 1043 3589 apparet,
1079 3520 1125 3569 tu·

196 3589 332 3654 eundum
356 3588 535 3675 praemiosa.
773 3599 775 3603 '
