2484 3975
221 174 286 240 570
588 190 780 238 nrssrnrrrro

219 265 251 329 in
276 282 369 348 quam
394 258 599 347 perfectiones
623 281 732 327 omnes
770 260 963 327 refundimus
998 281 1076 348 quas
1116 260 1155 325 in

216 352 365 417 creaturis
389 348 668 435 deprehendimus?
691 350 774 433 Quid
797 366 843 417 est
866 352 958 417 etiam
981 351 1158 428 infinitum,

215 443 273 506 nisi
302 438 385 525 quod
415 459 470 524 per
492 437 682 504 additionem
708 440 839 525 partium
857 455 909 505 aut
923 440 1157 525 perlectionurn

213 530 255 594 ita
279 528 472 613 concipimus
497 541 529 591 ut
556 527 667 592 eadem
685 528 714 592 in
732 528 889 594 additione
915 528 984 593 finis
1009 550 1071 593 non
1104 530 1157 591 in·

215 616 370 684 notescat?
384 615 416 680 Si
441 615 515 701 quid
540 616 672 703 amplius
696 616 831 702 denique
855 617 1028 703 philosophi
1042 616 1156 693 velint,

216 706 352 772 involuta
376 718 407 767 et
430 702 558 769 conlusa
593 707 672 770 entis
716 706 928 791 perfectissimi
967 718 998 769 et
1037 706 1155 770 inliniri

216 796 302 860 notio
325 792 427 865 luerit,
451 812 544 878 quam
569 792 668 857 evolvi
695 808 726 859 et
749 794 896 880 explicari
922 807 1071 881 oporteat,
1105 794 1157 859 sa-

216 900 264 949 cta
287 904 360 947 cum
384 882 477 946 rebus
500 881 697 947 sensibilibus
718 884 890 969 creatisque
901 884 1154 969 comparatione.

145 1032 147 1037 .
217 973 289 1055 Quo
313 985 401 1057 pacto
431 969 590 1035 «insitam
614 996 628 1029 ι
660 971 749 1037 nobis
776 972 913 1036 Thomas
929 972 1020 1037 docet
1035 992 1046 1052 p
1063 972 1153 1036 Part.

219 1085 239 1141 r,
264 1060 301 1143 Q.
313 1074 412 1145 u,art.
424 1060 456 1138 ἢ,
464 1060 503 1123 ad
520 1058 555 1143 r.)
572 1060 729 1125 notionem
745 1062 801 1125 bet
821 1088 838 1134 ι,
850 1062 881 1126 in
894 1060 997 1147 aliquo
1009 1070 1157 1127 commu'·

220 1152 251 1217 ni
277 1178 292 1207 »
321 1149 378 1213 sub
409 1148 579 1235 «quadam
603 1146 841 1229 confusione»,
864 1170 893 1215 v.
927 1170 956 1235 g.
1001 1176 1016 1209 ι
1053 1150 1156 1215 beati·

223 1239 395 1305 tudinis».

286 1326 517 1391 Consectarium
533 1324 616 1410 quod
634 1346 671 1391 ex
686 1326 734 1393 bis
746 1326 923 1393 documenti
935 1324 1005 1391 fluit
1016 1324 1064 1395 ltis
1077 1346 1155 1413 pro·

220 1419 344 1503 ponitur
366 1415 466 1480 verbis
491 1436 509 1479 a
531 1414 562 1479 S.
588 1414 710 1481 Thema
734 1416 860 1482 ibidem.
890 1443 904 1474 ι
941 1414 1020 1481 Sunt
1056 1415 1155 1499 igitur

221 1503 460 1587 intelligibilium
483 1503 660 1569 diuinorum
687 1505 841 1591 quaedam
877 1522 956 1590 quae
993 1504 1155 1569 humanae

221 1592 332 1658 rationi
349 1606 421 1657 sunt
444 1593 558 1678 pervia,
581 1592 734 1678 quaedam
760 1613 833 1658 vero
856 1593 1075 1679 quaeomnino
1089 1594 1155 1657 vim

223 1684 380 1765 burnanae
404 1682 531 1747 rationis
566 1681 722 1747 excedunt
759 1708 791 1747 r.
833 1681 1000 1768 Utramque
1038 1681 1157 1747 Paulus

222 1769 386 1857 Apostolus
409 1770 586 1834 divinarum
611 1769 775 1835 veritatum
814 1771 943 1835 classem
982 1768 1155 1855 distinguit,

223 1860 374 1944 docetque
399 1874 526 1923 naturae
550 1862 630 1922 vires
654 1857 693 1924 ad
709 1859 837 1923 alteram
860 1858 1070 1941 attingendam
1095 1879 1154 1944 pa·

223 1969 283 2025 res,
308 1950 441 2034 impares
465 1948 504 2012 ad
527 1947 671 2012 alteram:
691 1946 737 2014 Ad
761 1949 898 2035 primum
922 1966 1019 2032 genus
1058 1949 1153 2034 perti·

224 2052 298 2102 nent
321 2057 401 2122 quae
424 2050 596 2123 sequuntur
618 2037 712 2102 verba
741 2037 794 2123 (ad
819 2036 975 2102 llomanos
1016 2037 1045 2114 l,
1081 2036 1151 2116 tel:

226 2126 316 2207 Quod
338 2137 445 2190 notum
467 2136 514 2190 cst
536 2124 595 2190 Dei
616 2127 707 2212 (sive
742 2125 829 2212 quod
867 2125 984 2190 lumine
1018 2125 1151 2190 naturali

226 2216 311 2280 nosci
334 2213 374 2278 de
398 2215 465 2279 Deo
489 2216 619 2300 potest)
642 2215 841 2299 manifestum
863 2224 909 2278 est
930 2214 963 2277 in
978 2215 1043 2278 illis
1056 2211 1154 2300 (Geu-

226 2304 330 2368 tilibus
347 2304 373 2387 );
410 2303 493 2367 Deus
529 2303 610 2367 enim
638 2304 703 2367 tttts
737 2303 955 2387 manifestavit.
992 2301 1062 2384 Qun
1099 2301 1154 2367 liat

227 2392 321 2457 modo
345 2392 492 2457 naturalis
516 2392 593 2457 baec
615 2391 820 2458 manifestatio
844 2390 1025 2457 edisseritur
1047 2393 1152 2472 (vers.

226 2481 269 2547 20
286 2483 309 2566 ):
333 2480 600 2545 [uolubilioerdm
624 2481 732 2565 ipsius,
755 2501 775 2544 c
798 2491 944 2546 creatura
967 2479 1152 2563 mimdt',per

226 2591 263 2634 eu
285 2590 364 2655 qaae
386 2570 472 2654 facto
494 2580 578 2649 saut,
600 2570 757 2634 intellecta
779 2571 1017 2654 conspiciuntur,
1039 2571 1151 2652 sempi-

227 2671 316 2723 terno
339 2679 456 2744 quoque
480 2661 545 2742 ejus
580 2663 679 2723 uirtus
713 2668 743 2722 et
778 2659 937 2724 dicitritas.
975 2656 1149 2724 Naturaletn

228 2748 286 2812 Dei
312 2750 520 2833 cognitionem
544 2747 635 2812 docet
657 2747 821 2834 Apostolus
845 2749 995 2832 originem
1029 2765 1149 2810 sumere

227 2849 416 2902 ocreatum
438 2838 547 2901 rnartdi
570 2836 618 2901 vel
659 2855 716 2918 per
761 2855 799 2900 ea
835 2855 915 2920 quoe
945 2835 1030 2918 facta
1068 2845 1149 2909 turre

230 2938 381 3013 quatenus
404 2946 509 2991 rerum
534 2924 728 2990 conditarum
752 2924 893 2990 notiones
917 2938 969 2988 aut
986 2921 1149 3010 perceptio·

229 3035 284 3079 nes
308 3028 360 3078 aut
385 3014 483 3093 ideae,
506 3033 586 3100 quae
611 3012 781 3078 ministerio
805 3031 931 3078 sensum
970 3033 1006 3078 ac
1043 3013 1149 3076 mentis

229 3103 401 3168 reflexione
424 3104 455 3167 in
492 3104 638 3188 seipsam,
678 3115 874 3187 comparatae
914 3101 1002 3166 uobis
1039 3101 1148 3176 insunt,

213 3201 294 3257 ‘non
317 3193 411 3258 modo
436 3211 486 3256 res
523 3191 605 3277 ipsas
643 3191 782 3256 conditas
820 3201 1062 3276 repraesentant,
1096 3189 1149 3254 sed

228 3294 365 3345 mentem
388 3300 514 3368 quoquc
536 3279 672 3344 excitant
706 3292 740 3344 ut
763 3281 795 3346 iu
834 3281 974 3346 notitiam
1011 3277 1149 3363 adsurgat

230 3368 393 3433 Creatoris.

297 3455 401 3521 Genus
423 3457 555 3526 alterum
578 3454 756 3522 divinorum
790 3453 1040 3542 intelligibilium,
1073 3475 1148 3544 quae
