2484 3975
223 200 286 266 191
421 252 423 257 .
543 221 600 267 tta.
626 222 662 267 tu.
686 222 749 273 cta.
773 223 849 273 xtrr.

220 303 377 355 aeternam
402 291 431 356 in
456 292 551 356 corde
576 291 677 356 Patris
716 292 907 358 invisibiliter
944 292 1052 374 existit,
1089 317 1151 383 per

180 404 190 413 “
219 380 462 445 incarnationem
488 393 590 444 autem
627 379 716 445 nobis
754 382 901 448 sensibile
936 382 1048 450 iactum
1088 401 1149 461 cst,

229 467 314 534 unde
337 468 428 534 Verbi
453 469 509 534 Dei
533 469 701 533 incarnatio
724 482 769 533 est
791 470 870 536 sicut
907 471 1020 538 vocalis
1058 475 1148 539 verbi

222 557 317 622 nostri
341 559 508 645 expressio.
533 557 693 642 Expressio
719 571 822 623 autem
848 560 959 625 vocalis
982 561 1066 626 verbi
1090 583 1149 626 no·

219 647 273 712 stri
297 645 330 711 fit
343 648 548 733 perspiritum
561 656 700 710 nostrum
715 667 770 732 per
785 667 878 732 quem
903 669 961 714 vot
977 651 1061 715 uerbi
1087 671 1147 714 no·

219 736 273 800 stri
296 734 458 800 formatur.
482 734 708 801 convenienter
731 735 824 818 igitur
846 748 876 800 et
899 757 954 823 pur
991 737 1144 824 Spiritum

220 825 285 889 Fiiii
310 823 368 888 Dei
391 824 458 909 ejus
478 823 579 889 carnis
602 822 745 888 formatio
769 824 880 889 dicitur
903 825 992 891 iacta.

286 912 436 979 Convenit
458 914 550 977 etiam
585 912 644 976 hoc
679 925 709 976 et
744 914 935 997 generationi
973 916 1143 980 humanae.
1220 969 1221 974 ,

220 1001 322 1067 Virtus
345 1002 431 1066 enim
456 1004 553 1066 activa
577 1019 657 1086 quae
696 1013 742 1064 est
781 1004 809 1065 in
845 1004 964 1085 semine
998 1003 1150 1082 humano,

223 1090 267 1155 ad*
287 1111 321 1157 se
344 1091 470 1154 trabeas
494 1089 654 1154 materiam
677 1107 757 1174 quae
791 1089 883 1155 suerit
916 1112 932 1155 a
958 1105 1065 1170 matre,
1091 1113 1149 1178 per

220 1179 362 1266 spiritum
385 1191 541 1266 operatur3
564 1177 711 1243 fundatur
735 1177 818 1242 enim
844 1177 1019 1263 hujusmodi
1049 1181 1148 1246 virtus

221 1269 252 1332 in
275 1268 394 1353 spiritu,
418 1282 544 1354 propter
565 1268 654 1352 eujus
677 1268 896 1332 continentiam
931 1287 1039 1333 semen
1072 1290 1148 1356 spu-

221 1375 345 1422 mosum
368 1371 489 1442 oportet
511 1375 578 1420 esse
600 1368 631 1419 et
654 1355 760 1420 album
786 1354 848 1440 (t).
871 1355 1010 1424 Verbum
1049 1358 1147 1441 igitur

220 1445 289 1524 Dei,
310 1445 369 1510 sibi
391 1465 504 1531 eorpus
527 1463 689 1509 assumens
712 1463 749 1508 ea
774 1447 901 1529 virgine,
924 1447 1150 1512 convenienter

219 1534 281 1600 boc
303 1554 358 1618 per
381 1531 530 1620 Spiritum
553 1533 701 1597 Sanctum
725 1531 827 1612 debet,
844 1553 1149 1601 carnemassumen·

219 1623 272 1699 do,
295 1622 442 1688 formare.

286 1711 435 1778 Convenit
457 1709 550 1775 etium
574 1708 634 1772 boc
657 1707 696 1773 ad
723 1710 941 1776 insinuandam
965 1731 1091 1776 eausam
1106 1713 1148 1776 ad

218 1801 461 1866 incarnationem
483 1798 575 1864 Verbi
600 1811 788 1876 moventem3
812 1799 1030 1886 quaequidem
1055 1801 1144 1867 nulia

218 1889 277 1954 alia
300 1909 367 1954 esse
390 1888 488 1976 potuit
510 1888 567 1952 nisi
590 1905 680 1950 aanor
702 1887 758 1951 Dei
783 1888 822 1952 ad
847 1891 1018 1966 bominem,
1053 1889 1147 1974 cujus

217 1993 361 2045 naturam
384 1977 440 2044 sibi
465 1976 560 2042 troiuit
583 1977 614 2039 in
639 1977 755 2041 unitate
792 1996 944 2064 personae
983 1977 1145 2064 copulare.

218 2069 252 2132 ln
275 2067 386 2132 divinis
409 2079 512 2130 autem
535 2066 666 2152 Spiritus
689 2065 820 2131 Sanctus
847 2082 891 2132 cst
914 2068 966 2153 qui
1002 2068 1147 2153 procedit

218 2171 252 2222 ut
274 2176 372 2234 amor,
394 2171 543 2240 utsupra
577 2154 693 2218 dictum
729 2167 784 2219 est.
820 2154 1013 2220 Conveniens
1048 2156 1146 2240 igitur

217 2245 274 2311 init
297 2259 329 2310 ut
353 2244 570 2309 incarnationis
584 2262 662 2329 opus
674 2243 800 2329 Spiritui
817 2244 929 2309 Sancto
945 2245 1144 2310 attribuatur.

285 2334 369 2399 Solet
392 2333 484 2396 etiam
508 2332 538 2396 in
574 2330 667 2396 Sacra
706 2332 873 2419 Scriptura,
900 2334 1002 2397 omnis
1042 2335 1144 2416 gratia

216 2422 343 2510 Spiritui
365 2421 478 2486 Sancto
501 2420 636 2497 attribui,
661 2421 732 2505 quia
757 2425 840 2507 quod
869 2426 962 2505 gratis
986 2420 1076 2485 datur
1103 2442 1144 2487 ex

216 2532 323 2577 amore
345 2511 488 2575 donantis
511 2509 631 2573 videtur
654 2529 721 2573 esse
744 2511 901 2577 collatum.
928 2509 1014 2575 Nulla
1032 2522 1141 2577 autem

216 2600 316 2685 major
338 2614 384 2664 est
406 2597 503 2683 gratia
529 2596 647 2662 bomini
677 2596 786 2662 eoiiata
822 2609 915 2684 quam
950 2598 1032 2684 quod
1068 2597 1140 2671 Deo

215 2689 246 2753 in
271 2709 400 2773 persona
424 2687 573 2751 uniretur.
596 2684 822 2752 Convenienter
846 2688 938 2773 igitur
975 2690 1141 2773 hocopus

216 2778 340 2863 Spiritui
363 2776 477 2841 Sancto
499 2775 726 2861 appropriatur.

266 2930 290 2999 (1
296 2948 305 2993 r
322 2930 432 2998 Propter
448 2932 524 2999 cujus
541 2929 736 2993 continentiam,
755 2930 772 2981 i.
793 2945 817 2993 a.
830 2929 942 2999 Oportet
971 2945 1059 2983 semen
1079 2946 1143 2983 esse

213 3018 366 3074 spumosum
385 3009 411 3053 et
439 3017 486 3071 per
515 3015 677 3067 consequens
704 3001 802 3063 album,
834 3010 862 3053 ut
894 3002 976 3071 possit
1001 3004 1142 3055 continere

212 3075 335 3144 spiritum
353 3074 467 3138 vitalem,
478 3072 503 3123 in
516 3086 569 3139 quo
583 3080 623 3122 est
636 3076 720 3122 virtus
734 3071 882 3126 fortnutira.
905 3102 938 3111 -
958 3077 967 3140 (
981 3070 1019 3124 Cs.
1036 3072 1142 3125 Susura.

217 3146 316 3212 tuot,
335 3142 358 3197 1.
376 3161 422 3214 qu.
439 3140 502 3208 118,
523 3149 572 3194 art.
594 3139 617 3211 1,
636 3138 716 3209 aab).
