2484 3975
412 244 450 287 na
473 244 546 288 eure
570 246 604 287 ar
629 246 759 291 ussENttt
982 227 1046 291 tot

129 311 208 378 neris
230 310 347 375 aecidat
369 326 497 377 naturae
521 314 675 378 humanae
697 313 868 379 seetrndum
893 314 966 379 illud
980 336 1048 381 esse

128 400 207 487 quod
230 401 323 465 habet
346 400 376 464 in
411 401 586 481 individuis,
618 404 691 489 quia
731 425 792 469 non
828 404 982 467 invenitur
1015 405 1048 469 in

128 489 288 557 individuis
312 503 420 554 natura
444 491 580 555 humana
602 491 773 557 seeundum
809 493 979 570 unitatem,
1016 506 1050 557 ut

126 581 162 644 tit
183 577 377 663 unum’quid
402 581 588 645 conveniens
610 580 746 659 cuilibet3
769 581 851 668 quod
875 582 953 646 ratio
980 585 1049 647 uni-

129 668 252 733 reraalia
274 668 376 751 exigit.

191 756 384 843 Relinquitur
407 776 482 839 ergo
503 756 586 841 quod
608 758 685 823 ratio
708 758 821 845 speciei
844 755 973 823 'aooidat
997 778 1050 823 na·

128 859 214 911 torae
237 847 391 910 humanae
413 846 584 910 seeundum
608 846 683 911 illud
707 868 774 912 esse
804 848 887 933 quotl
912 848 1050 914 hebetia

130 935 293 1020 intellectu.
316 934 384 1020 losa
406 934 490 997 enim
514 948 622 999 natura
646 936 740 1001 habet
755 956 822 1001 esse
846 936 1051 1003 inintellecta

129 1024 314 1089 abstractum
337 1023 377 1086 ab
400 1023 545 1089 omnibus
584 1023 857 1103 indiuiduautibua,
889 1040 920 1089 et
958 1026 1052 1091 nabet

130 1113 278 1177 rationem
302 1110 490 1176 uniformem
513 1112 678 1177 adomnia
704 1114 860 1179 individua
883 1126 1052 1198 quaesunt

129 1216 211 1265 extra
234 1201 379 1272 animam.
402 1215 493 1287 prout
515 1204 716 1269 essentialiter
728 1219 774 1269 est
788 1203 892 1287 imago
909 1206 1050 1269 omnium

129 1304 159 1353 et
181 1289 328 1355 inducens
364 1290 396 1353 iu
430 1291 646 1374 cognitionem·
676 1295 830 1367 omnium,
867 1295 1051 1378 inquantum

127 1393 197 1443 suut
221 1380 371 1443 homiues:
394 1392 424 1442 et
458 1399 494 1441 er
520 1380 578 1444 hoe
615 1380 698 1465 quotl
738 1382 829 1447 talem
867 1382 1051 1447 relationem

129 1467 222 1532 habet
243 1468 283 1532 ad
307 1469 412 1531 omnia
436 1467 602 1546 individua,
629 1469 803 1535 intellectus
829 1471 984 1535 adinvenit
1007 1492 1054 1535 ra·

129 1557 245 1621 tionem
268 1557 380 1641 speciei
404 1570 434 1620 et
468 1559 604 1623 attribuit
639 1558 710 1636 aibi3
733 1558 815 1623 unde
854 1560 927 1624 dicit
962 1560 1056 1625 Com·

126 1660 278 1709 mentator
301 1644 371 1729 (de
394 1646 513 1722 Anima,
539 1647 553 1711 l
576 1652 588 1729 l
610 1646 695 1732 quod
725 1648 896 1713 intellectus
935 1650 1056 1735 estqui

128 1734 199 1799 lacit
222 1733 484 1798 universalitatem
508 1736 538 1799 in
563 1737 667 1814 rebus3
692 1738 750 1801 lroo
772 1742 864 1801 etiam
904 1738 1059 1803 avicenna

129 1823 203 1888 dicit
226 1824 288 1909 (l).
1090 1848 1093 1859 ¹

195 1912 230 1976 Et
251 1912 393 1998 quamvis
416 1910 493 1976 haee
517 1926 628 1979 natura
653 1912 806 1978 intellecta
831 1914 945 1979 lrabeat
967 1915 1061 1979 ratio·

129 2023 202 2066 nem
226 2003 407 2066 universalis
430 2003 602 2067 seeundum
626 2004 710 2086 quod
734 2019 932 2088 eomparatur
954 2004 1059 2070 adres

128 2111 208 2177 quae
231 2106 302 2154 sunt
325 2106 408 2155 extra
432 2098 578 2167 animam,
611 2095 683 2176 quia
708 2107 752 2156 est
787 2114 848 2157 uua
886 2093 1056 2158 similitudo

126 2180 277 2256 omnium,
302 2194 417 2256 tamen,
436 2180 608 2244 secundum
633 2181 715 2266 quod
741 2182 833 2246 habet
848 2203 916 2246 esse
940 2183 969 2247 iu
995 2183 1055 2248 hoo

126 2269 282 2334 intellectu
307 2270 354 2334 vel
377 2271 408 2332 in
433 2269 495 2345 illo,
521 2284 566 2332 est
587 2272 707 2354 speeies
731 2271 884 2354 quaedam
899 2271 1052 2337 intellecta

127 2358 328 2443 perticularis.
352 2359 386 2422 Et
409 2358 478 2422 ideo
501 2372 585 2444 patet
623 2357 758 2424 deiectus
794 2359 1052 2424 Commentatoria

128 2447 200 2530 (de
223 2449 341 2525 Anima,
364 2447 426 2531 3),
448 2449 500 2532 qui
526 2447 619 2511 voluit
643 2467 682 2512 ex
715 2448 910 2513 universitate
934 2448 1053 2514 formae

126 2534 300 2601 intellectae
322 2537 470 2600 unitatem
494 2536 667 2600 intellectus
690 2537 970 2622 eonelutlere3quia
987 2557 1050 2602 nou

129 2637 177 2688 est
199 2625 410 2689 universalitas
434 2625 515 2690 illiue
539 2624 657 2688 formae
695 2626 867 2690 seeundum
891 2626 950 2690 hoe
984 2646 1052 2690 esse

129 2713 214 2797 quod
239 2715 331 2778 habet
354 2715 553 2788 intellectum,
576 2713 630 2778 sed
655 2713 825 2778 seeundum
849 2715 932 2800 quod
950 2715 1053 2780 adres

133 2801 266 2866 refertur
289 2817 321 2867 ut
343 2803 512 2868 similitudo
535 2823 651 2879 rerum;
674 2803 751 2868 siout
775 2805 877 2880 etiam,
912 2807 946 2873 si
975 2817 1057 2869 esset

132 2911 196 2958 una
218 2905 316 2956 statua
339 2913 488 2976 corporea
512 2906 744 2977 repraesentans
769 2893 880 2956 multos
904 2894 1058 2972 homines,

130 2993 254 3044 constat
276 2980 359 3065 quod
384 2981 434 3047 illa
459 2983 561 3065 imago
586 2981 633 3044 vel
656 2981 774 3066 speeies
791 2996 909 3046 statuae
933 2984 1062 3048 liaberet

131 3087 206 3132 esse
226 3069 382 3153 singulare
404 3083 435 3134 et
459 3071 616 3156 proprium
632 3070 804 3134 seeundum
820 3071 903 3155 quod
928 3087 1007 3136 esset
1030 3072 1062 3136 in

135 3157 196 3222 hae
219 3158 356 3235 materia,
393 3159 446 3223 sed
482 3159 610 3223 haberet
644 3159 794 3222 rationem
835 3162 1064 3225 communitatis

136 3246 311 3310 seeundum
337 3247 421 3334 quod
447 3261 527 3313 estet
564 3267 731 3311 commune
770 3250 1064 3334 repraesentativum

132 3333 287 3422 plurium.

204 3423 239 3488 Et
260 3425 332 3508 quia
356 3438 483 3489 naturae
506 3424 674 3505 humanae,
696 3424 867 3492 seeundum
891 3448 978 3492 suam
1007 3427 1061 3494 ab·

187 3526 228 3597 tl)
245 3528 405 3602 Metopllyt„
425 3531 445 3584 l.
459 3527 485 3584 8.
