2484 3975
200 224 242 287 40
516 244 572 290 ura.
598 244 636 290 ru.
660 243 724 290 etr.
747 244 808 290 rur.

201 312 275 377 mila
288 310 401 397 legitur
415 312 446 377 in
458 310 636 399 Soripturis3
647 334 711 380 nou
726 313 809 399 quod
823 312 908 400 prius
924 309 1019 379 Fiiius
1033 311 1127 397 iguo·

201 420 272 466 raus
296 413 348 467 aut
371 402 512 467 nesciens
535 402 637 482 suerit,
660 415 690 468 ει
712 401 910 490 postmodum
932 421 1005 467 eam
1029 400 1127 467 Pater
1227 473 1228 482 χ

201 488 355 566 docuerim
376 488 543 557 confitetur
564 492 649 557 enim
673 490 837 579 Apostolus
874 490 1030 555 Christum
1062 491 1127 555 Dei
1227 491 1228 494 ’

199 581 344 645 virtutem
366 589 397 644 et
421 580 480 645 Dei
501 580 736 664 rupioutinm'i
765 579 846 655 Cor..
871 579 901 654 i,
924 580 977 656 aa
1000 591 1127 644 nonest

201 682 305 734 autem
330 668 474 754 possibile
497 668 582 754 quod
605 669 754 755 sapientia
776 669 816 735 sit
837 669 984 753 ignorans
1016 687 1125 754 neque

200 757 284 844 quod
308 758 403 824 virtus
421 755 605 823 infirmetur.

267 844 341 911 ideo
363 846 457 911 etiam
480 844 564 931 quod
588 846 712 922 dieitur,
734 844 805 912 Non
817 856 919 928 potest
941 845 1041 910 Filius
1055 864 1125 909 uae

199 935 301 1018 [εεενε
323 936 503 1019 quidquam,
514 934 615 1010 ioan,
639 935 675 1012 5,
696 935 748 1013 19,
768 935 886 1000 nuliam
909 934 1126 1000 infirmitatem

202 1023 313 1108 agendi
338 1022 582 1089 demonstratio
606 1023 695 1102 Fili03
717 1023 771 1088 sed
795 1043 866 1089 oum
891 1022 1044 1088 Dounon
1080 1022 1125 1087 sit

201 1113 286 1178 aliud
310 1132 404 1197 agere
426 1131 611 1199 (mamasac,
636 1132 692 1177 neo
706 1132 762 1178 sna
778 1112 858 1178 aotio
870 1113 909 1177 sit
924 1111 1007 1177 aliud
1024 1131 1125 1197 quam

200 1222 255 1266 sua
278 1201 422 1279 essentia,
447 1213 595 1285 utsupra
619 1201 655 1286 (Ι.
682 1202 711 1277 i,
733 1222 760 1268 o.
784 1202 842 1286 lad)
876 1201 1040 1287 probatum
1062 1212 1124 1277 eat,

200 1291 240 1353 ita
265 1288 376 1354 dieitur
398 1289 483 1375 quod
506 1289 601 1355 Filius
623 1310 688 1356 non
712 1291 847 1379 possita
870 1308 1031 1373 satagere,
1062 1288 1123 1353 sed

203 1390 273 1463 agat
296 1399 314 1442 a
338 1377 439 1457 Patra,
462 1381 541 1445 siout
563 1379 648 1465 quod
672 1400 735 1445 non
758 1392 859 1467 potest
884 1399 901 1443 a
925 1397 1051 1454 εεεεεε,
1066 1377 1128 1443 sed

200 1468 300 1533 solum
324 1487 341 1532 a
365 1468 466 1534 Patre.
490 1465 522 1533 Si
546 1468 630 1533 enirn
654 1488 671 1534 a
695 1488 729 1535 se
751 1481 842 1554 esset,
855 1466 918 1552 jam
935 1467 1029 1532 Filius
1055 1486 1125 1532 nou

200 1571 291 1633 esset3
315 1556 393 1624 siout
408 1576 485 1642 ergo
508 1555 602 1621 Filius
626 1578 690 1623 non
714 1570 814 1643 potest
835 1577 900 1621 non
923 1575 992 1621 ease
1014 1555 1125 1635 Filius,

200 1646 240 1709 ita
263 1666 281 1710 a
303 1665 337 1709 εε
358 1664 451 1729 agere
475 1666 537 1711 non
562 1658 672 1732 potest.
695 1645 775 1728 Quia
798 1665 872 1711 uero
895 1644 1039 1709 eamdem
1061 1663 1123 1709 aa·

201 1746 302 1799 turam
326 1735 435 1821 arripit
457 1734 553 1800 Filius
573 1754 667 1820 quam
692 1734 785 1800 habet
808 1734 908 1809 Pater,
931 1746 963 1799 ει
986 1752 1024 1797 ex
1046 1752 1122 1797 oon·

200 1823 340 1909 sequenti
365 1823 509 1888 eamdem
533 1823 689 1901 virtutem,
712 1824 783 1888 lioet
806 1823 901 1888 Filius
931 1842 948 1887 a
981 1842 1016 1887 εε
1054 1841 1121 1886 raon

200 1912 239 1977 sit
263 1932 321 1977 nro
344 1932 361 1975 a
384 1932 419 1977 se
442 1926 597 2000 operetur,
621 1926 725 1977 tamen
748 1925 795 1977 εει
817 1932 873 1998 per
896 1931 930 1976 εε
952 1924 982 1976 ει
1007 1930 1063 1998 per
1085 1930 1123 1975 εε

201 2003 463 2088 operatumque,
495 2002 574 2068 siout
607 2015 655 2068 est
687 2022 743 2088 per
779 2002 935 2088 propriam
974 2014 1120 2066 naturam

200 2110 294 2178 quam
317 2093 434 2177 aooepit
457 2111 474 2155 a
499 2090 599 2169 Patre,
621 2093 662 2156 ita
685 2110 743 2178 per
779 2090 935 2177 propriam
973 2102 1121 2154 naturam

200 2202 217 2246 a
240 2181 330 2246 Patre
352 2193 510 2266 acceptam
534 2191 689 2265 operatur.
713 2177 801 2244 Unde
823 2191 985 2265 postquam
1009 2177 1120 2243 Domi-

199 2291 259 2337 nus
281 2269 409 2334 dixerat:
433 2289 494 2334 nou
514 2281 615 2352 potest
638 2270 814 2334 Filiorum
824 2268 927 2351 furere
938 2267 1118 2351 quidquam,

202 2376 234 2427 ut
258 2358 435 2425 ostenderet
458 2357 553 2444 quod,
578 2357 650 2423 lieet
673 2377 736 2422 non
760 2376 777 2421 a
801 2376 846 2434 εε,
867 2369 973 2420 tamen
995 2375 1052 2441 per
1084 2375 1121 2419 εε
1231 2396 1232 2399 =

200 2451 292 2515 Filius
317 2460 475 2534 operatur,
490 2445 661 2532 subjungit:
680 2448 894 2530 Quaecumque
906 2445 961 2509 iile
997 2445 1119 2528 feeerit,

200 2539 315 2605 soilioet
338 2536 440 2616 Pater,
464 2536 539 2632 noae
563 2547 595 2600 et
617 2537 719 2603 Filius
740 2535 886 2600 similiter
909 2533 995 2618 sarit,
1016 2534 1120 2608 ioan„

267 2715 309 2780 iix
333 2713 507 2799 praemissis
530 2712 623 2777 etiam
639 2725 767 2796 apparet
779 2711 910 2798 qualiter
922 2710 1013 2775 Pater
1030 2730 1120 2796 prae-

200 2805 293 2892 oipiat
313 2803 402 2881 Filio,
424 2816 455 2868 ει
476 2803 499 2866 F
502 2801 571 2866 ilius
594 2799 719 2866 obediat
734 2800 816 2864 Patri
840 2814 893 2864 aut
904 2799 1027 2864 Patrem
1039 2813 1120 2878 oret,

200 2907 253 2960 aut
276 2892 413 2957 mittatur
435 2913 453 2955 a
476 2889 577 2962 Patrar
600 2890 678 2954 haeo
701 2889 783 2953 enim
807 2890 912 2954 omnia
936 2888 1012 2953 Filio
1042 2907 1117 2952 oon-

198 2982 329 3048 ueniunt
350 2977 521 3044 seeundum
545 2977 630 3065 quod
653 2989 700 3042 εει
722 2977 805 3042 Patri
830 2976 999 3062 subjectns,
1033 2976 1121 3062 quod

199 3091 262 3138 non
285 3081 330 3134 εει
344 3069 400 3134 nisi
415 3068 585 3134 secundum
612 3066 836 3132 humanitatem
859 3080 1061 3152 assumptam,
1083 3078 1119 3129 ut
1231 3096 1232 3117 ι

199 3177 359 3226 ostensum
382 3170 439 3235 est;
462 3155 552 3221 Pater
567 3175 642 3241 ergo
666 3155 742 3221 Filio
766 3155 913 3240 praecipit
928 3169 962 3218 ut
977 3154 1118 3238 subjecto

197 3249 257 3316 sibi
283 3244 455 3313 secundum
478 3245 648 3310 humanam
675 3257 826 3310 naturam.
852 3244 887 3308 lit
925 3244 989 3309 hoo
1022 3243 1117 3307 etiam

200 3338 292 3404 verba
316 3336 440 3400 Domini
465 3332 671 3398 manifestant.
694 3333 785 3409 Nam,
807 3353 878 3398 cum
902 3332 1054 3406 Dominus
1069 3331 1118 3394 di-

198 3442 255 3494 cat:
284 3425 323 3489 tu
345 3433 507 3508 oopuotrut
528 3421 662 3486 uitandus
683 3423 757 3506 quio
781 3422 878 3507 diiipo
916 3420 1053 3497 Putrem,
1089 3430 1122 3484 ει

200 3518 278 3581 siout
301 3515 483 3578 mundatum
505 3510 591 3574 dedit
613 3510 690 3574 midi
713 3510 818 3590 Pater,
840 3510 885 3576 aio
906 3510 999 3594 sotio,
1018 3509 1123 3589 loen,
