2484 3975
214 195 278 262 ill
520 215 577 261 eie.
600 215 638 260 tv.
662 214 725 260 nan.
748 213 827 259 xxiv.

212 305 283 350 rum
307 283 469 364 Ecclesiae,
492 285 584 350 etiam
609 283 808 349 Graecorum.
832 281 913 347 Dicit
929 281 1013 346 enim
1039 282 1140 348 lltba·

213 380 327 438 nasius:
353 372 487 458 Spiritus
513 373 644 438 Sanctus
666 393 687 438 c
709 372 805 436 Patre
831 382 861 435 et
875 370 967 449 Pilio,
1003 392 1065 436 uois
1084 372 1141 456 fu·

213 472 290 540 atus,
313 483 367 526 uec
390 474 510 528 creatus
532 483 586 527 uec
618 462 748 547 penitus,
782 461 838 524 sed
866 460 1037 544 procedens
1071 461 1141 544 (l).

213 549 346 636 Cyrillu's
370 553 461 616 etiam
487 553 516 616 in
541 551 672 636 Epistola
695 570 750 615 sua
766 569 860 634 qnam
877 549 1020 634 Synodus
1044 547 1140 614 Chal-

212 639 396 705 eedonensis
417 640 535 726 recipit,
558 640 640 704 dicit:
667 637 801 721 Spiritus
833 639 974 702 ueritatis
995 639 1143 703 uomiua·

215 739 274 807 tur,
298 742 326 793 et
348 740 395 794 est
418 727 551 814 Spiritus
573 729 724 804 ueritatis,
747 738 777 792 et
794 727 928 812 profluit
943 726 982 790 oh
1001 747 1035 791 co
1057 728 1143 792 sicut

213 817 342 902 denique
355 829 384 883 et
399 838 436 882 ecc
450 818 513 882 Deo
526 816 629 880 Putre.
643 814 794 901 Didymus
805 818 898 881 etiam
910 815 993 891 dicit,
1008 817 1039 879 in
1055 815 1140 881 libro

213 907 252 970 de
275 906 390 992 Spiritu
414 907 536 971 Sancto:
560 891 664 989 Nehue
687 905 763 990 quid
785 916 832 969 cst
852 904 942 972 aliud
965 904 1065 968 Filius
1080 925 1141 969 ea·

214 997 310 1077 ceptis
333 996 380 1059 his
404 1015 481 1080 quoe
505 995 533 1059 ei
554 995 671 1059 dautur
694 1014 715 1057 a
739 992 865 1069 Patra,
884 1013 980 1077 neque
1003 994 1144 1059 aliaest

217 1082 353 1167 Spiritus
378 1083 484 1148 Soucti
505 1083 680 1148 substantio
699 1094 827 1166 praeter
848 1082 883 1146 id
904 1081 987 1166 quod
1008 1081 1142 1166 quidam

214 1173 392 1251 concedunt,
416 1172 557 1238 videlicet
580 1171 728 1258 Spiritum
745 1170 892 1236 Sanctum
919 1189 1028 1234 essen
1058 1170 1142 1236 Filio

217 1276 247 1325 et
270 1259 426 1348 profluere
450 1261 488 1326 ab
519 1261 595 1347 ipsc.
635 1260 773 1326 Verbum
813 1261 897 1325 enim
931 1259 1142 1345 processionis

215 1350 295 1414 inter
318 1351 422 1415 omnia
446 1370 524 1436 quae
546 1349 584 1414 at
608 1348 760 1433 originem
784 1349 938 1435 pertinent
968 1348 1068 1431 magis
1090 1347 1142 1412 in·
1222 1362 1223 1373 ¹

216 1441 337 1503 venitur
360 1459 428 1504 esse
452 1458 630 1515 commune3
653 1437 804 1524 quidquid
827 1437 912 1501 enim
941 1456 1144 1524 quocumque

215 1528 310 1592 modo
334 1540 381 1593 est
404 1527 444 1592 ab
467 1527 569 1614 aliquo
593 1528 632 1592 ab
657 1528 725 1613 ipso
750 1526 917 1613 precedere
943 1526 1085 1590 dicimus:
1108 1538 1143 1591 et

216 1616 288 1703 quia
311 1615 414 1682 divina
437 1617 547 1680 melius
571 1635 627 1702 per
643 1615 821 1679 eommunia
859 1634 953 1699 quam
977 1634 1033 1701 per
1070 1634 1144 1700 spe·

217 1705 304 1770 cialia
328 1706 538 1790 designantur,
562 1705 692 1768 verbnm
717 1702 923 1787 processionis
960 1703 993 1767 in
1018 1703 1141 1788 origine

217 1793 391 1860 divinarum
415 1813 616 1880 personarum
653 1793 787 1856 maxime
819 1806 866 1856 est
904 1791 1140 1857 attendendum.

218 1880 306 1947 Und'e
333 1885 357 1948 si
382 1883 569 1948 concedatur
591 1881 676 1966 quod
713 1879 843 1967 Spiritus
873 1879 1011 1944 ‘Sanctus
1044 1880 1084 1945 sit
1119 1900 1141 1946 a

218 1970 295 2038 Filio
308 1971 355 2037 vel
370 1969 550 2060 profluatab
563 1991 611 2044 eo,
627 1969 766 2055 sequitur
781 1968 865 2056 quod
877 1970 917 2035 ab
929 1989 967 2034 eo
980 1969 1140 2056 procedat.

285 2061 372 2140 ltem,
394 2060 530 2127 Habetur
554 2061 586 2124 in
608 2058 866 2125 determinatione
877 2058 974 2145 quinti
998 2058 1141 2123 Consilii:

219 2148 381 2234 Sequimur
401 2170 458 2233 per
482 2150 586 2213 omnio
618 2159 741 2213 sanctos
775 2147 886 2212 Patres
923 2158 954 2212 et
991 2147 1141 2213 Doctores

216 2238 382 2317 Ecclesiae,
405 2238 621 2315 Athanasium,
637 2237 805 2314 Hilarium,
828 2236 995 2314 Basiliam,
1025 2236 1141 2321 Grepo-

216 2330 299 2392 rium
317 2328 499 2412 theologum,
519 2324 702 2412 Gregorium
724 2346 899 2411 upsssuum,
931 2324 1141 2405 Ambrosium,

216 2418 431 2502 Augustiuum,
460 2415 671 2499 Theophilum,
707 2416 856 2478 loannem
892 2415 1139 2497 constantinopo-

218 2502 360 2585 litanum,
376 2506 538 2591 Cprillum
560 2504 702 2579 Morem,
718 2502 864 2579 Probum3
901 2514 931 2566 et
953 2504 1140 2587 suscipimus

217 2595 411 2682 omniaquae
434 2595 473 2659 cle
495 2604 580 2658 recta
600 2594 666 2677 hdo
690 2603 718 2656 ct
740 2592 939 2656 damnatione
973 2591 1139 2656 hoeretico-

217 2704 288 2747 rum
302 2694 517 2769 eaposueruut.
540 2681 736 2747 Manifestum
759 2695 804 2745 est
827 2692 932 2747 antem
972 2699 1012 2745 ex
1032 2681 1140 2746 multis

218 2773 448 2838 auetoritatibus
472 2771 631 2856 Augustini
655 2784 686 2834 et
709 2770 874 2856 praecipue
904 2770 936 2834 in
971 2768 1065 2833 libro
1100 2768 1140 2834 de

218 2859 367 2925 Trinitnte
390 2876 421 2925 et
436 2856 535 2948 'super
557 2860 721 2936 loannem,
755 2858 839 2943 quod
855 2857 985 2944 Spiritus
1008 2856 1138 2923 Sanctus

217 2950 295 3013 sita
318 2950 405 3015 Filio.
429 2946 557 3035 Oportet
591 2949 689 3034 igitur·
717 2946 847 3011 concedi
885 2945 969 3032 qnod
1007 2946 1139 3034 Spiritus

218 3036 348 3104 Sanctus
372 3039 409 3103 sit
434 3058 450 3101 a
474 3037 560 3101 Filio.
1139 3075 1143 3082 -

284 3126 349 3192 Hoc
371 3128 464 3191 etiam
487 3124 679 3191 evidentibus
702 3122 871 3191 rationibus
894 3133 1030 3210 apparet.

284 3216 318 3279 ln
353 3215 444 3281 rebus
483 3214 578 3293 enim,
604 3226 724 3279 remota
759 3212 911 3279 materiali
933 3208 1141 3290 distinctione,

218 3323 299 3390 quae
321 3305 353 3368 in
377 3303 486 3370 divinis
503 3302 644 3390 personis
668 3303 771 3368 locum
793 3301 910 3368 habere
933 3321 996 3365 non
1029 3312 1140 3386 potest,

218 3414 282 3458 non
305 3394 502 3458 inveniuntur
525 3392 628 3476 aliqua
665 3391 811 3477 distingui
834 3391 893 3457 nisi
916 3409 972 3477 per
1003 3388 1141 3475 aliquam

272 3494 312 3568 tl)
331 3497 357 3552 S.
375 3495 481 3565 Autan,
499 3492 629 3565 Symbola.
