2484 3975
210 194 276 258 5⁰22
387 194 455 257 'un
480 214 518 258 tv.
543 214 607 259 aar.
631 214 736 259 cxxxv.
761 215 797 258 ar
821 214 935 259 cxxxvi.

210 302 287 366 gens
311 282 493 347 immortalis
517 283 574 347 erit
587 284 670 368 quod
684 282 767 347 atiud
779 304 892 370 corpus
905 281 1141 369 incorruptibile

209 385 358 444 resumat,
383 385 415 435 ut
454 370 628 455 praedictae
667 372 828 457 opiniones
862 386 1041 458 posuerunt,
1078 373 1141 435 scd
1236 431 1237 444 ,

1235 299 1238 400 i

210 461 282 545 quia
308 460 366 523 icoc
391 461 491 545 ipsum
517 460 599 545 quoii
624 480 707 524 rruoc
730 475 776 523 est
798 460 1000 545 corruptibile
1034 461 1140 525 ineor·
1236 469 1237 476 ’

211 548 356 635 ruptibiie
380 546 441 612 iret.
477 548 527 612 Sic
566 550 657 633 igitur
696 549 930 635 intelligendum
968 562 1015 613 est
1052 550 1141 633 quoii

209 637 373 724 Apostolus
398 638 479 702 dicit:
505 637 585 701 Curo
610 651 639 700 et
662 639 789 721 ranpuio
810 659 938 722 repnum
964 636 1027 704 net
1064 658 1141 722 por·

210 727 312 790 sidere
335 747 395 789 non
416 738 558 810 possunt,
582 727 670 803 ibid„
694 728 747 801 50,
771 728 853 811 quoti
877 728 907 791 in
931 740 1011 792 statu
1035 746 1141 791 resur-

212 812 357 899 gentium'
375 818 530 901 corruptio
556 816 680 880 toiietur
703 818 804 881 cornis
828 832 860 881 ct
881 816 1051 898 sanguinis,
1068 816 1143 879 sub·
1237 829 1238 834 ’

211 902 321 969 stantia
347 918 449 967 tamen
473 904 574 968 carnis
597 918 628 968 et
651 906 809 989 sanguinis
833 920 1024 980 remanente;
1056 903 1141 967 unde

212 991 380 1147 pigognaga:
405 991 508 1077 Neque
524 995 683 1076 corruptio
700 996 943 1078 incorruptelam
955 992 1140 1076 possidebit,

254 1104 261 1146 ι
286 1130 304 1160 .,
375 1130 381 1146 .

498 1258 677 1324 aanor
700 1260 857 1327 cxxxvi.
909 1211 912 1215 ⁵

339 1436 386 1500 Dc
407 1401 557 1521 quoiitotc
580 1457 744 1521 corporum
775 1438 1029 1526 purificatorum.

283 1613 432 1693 Quamvis
454 1628 569 1692 autern,
593 1616 704 1679 merito
727 1614 848 1693 Christi,
877 1613 1015 1679 deiectus
1051 1627 1145 1678 natu·

219 1720 272 1765 rae
297 1705 326 1766 in
351 1704 575 1767 resurreetione
600 1703 723 1768 toiiatur
745 1706 785 1768 ab
808 1705 952 1768 omnibus
968 1705 1145 1769 communi·

218 1803 276 1868 ter,
299 1804 359 1855 ram
386 1791 475 1856 bonis
498 1812 592 1877 quom
617 1794 716 1866 roaiir,
739 1792 911 1857 remanebit
941 1805 1045 1856 tamen
1082 1790 1146 1855 ‹tit-
1237 1789 1238 1826 ³

217 1877 346 1943 ferentia
371 1879 449 1945 inter
473 1881 570 1944 bonos
595 1894 627 1945 et
650 1882 747 1945 maios
770 1896 920 1967 quantum
944 1879 982 1944 ad
1007 1899 1142 1965 eaquae

217 1967 419 2053 personaliter
454 1970 591 2054 utrisque
630 1971 837 2037 conveniunt.
872 1970 924 2035 Est
960 1977 1065 2035 autem
1101 1969 1144 2035 de

216 2059 336 2122 ratione
358 2071 486 2123 naturae
510 2057 594 2143 quod
617 2060 720 2124 anima
757 2061 892 2134 humana
928 2058 967 2123 sit
1000 2059 1144 2144 corporis
1238 2080 1239 2133 i

217 2144 329 2221 forma,
352 2147 451 2232 ipso-m
476 2146 633 2214 vivificans
655 2162 686 2213 et
709 2149 739 2211 in
763 2168 831 2212 esse
862 2167 1062 2223 conservaos3
1085 2147 1146 2212 sed
1238 2164 1239 2191 ³

217 2254 254 2298 ca
279 2235 491 2320 personalibus
514 2237 633 2300 actibus
656 2250 793 2302 meretur
815 2237 918 2301 auimo
942 2238 974 2302 in
1009 2234 1144 2321 gloriam

219 2323 341 2388 divinae
365 2325 487 2389 visionis
511 2325 634 2402 elevari,
659 2325 706 2390 vei
740 2325 779 2390 ab
818 2325 927 2391 ordine
963 2323 1145 2410 hujusmodi
1238 2362 1239 2381 ι

219 2411 336 2494 gloriae
360 2430 485 2500 propter
508 2413 632 2500 cuipam
656 2414 787 2479 excludi.
824 2414 1012 2501 Dispooctur
1050 2413 1145 2498 igitur

217 2519 331 2586 eorpus
347 2503 555 2567 communiter
569 2503 709 2568 omnium
722 2502 893 2567 secundum
907 2502 1145 2568 condecentiam
1238 2530 1239 2539 ι

215 2589 353 2667 amotae,
377 2607 410 2655 ιιι
432 2591 547 2657 sciiicet
570 2589 670 2656 iorma
693 2591 932 2677 incorruptibilis
959 2611 1028 2656 esse
1044 2591 1146 2656 iocor-

220 2678 365 2764 ruptiitiie
388 2680 509 2766 corpori
533 2679 657 2757 tribuat,
680 2684 906 2745 contrariorum
944 2681 1145 2766 compositio-

220 2786 260 2830 oe
285 2787 346 2832 ooo
371 2769 521 2845 obstante,
542 2787 580 2833 eo
604 2769 688 2854 quoti
704 2769 831 2833 materia
845 2769 984 2854 eorporis
1000 2769 1141 2846 humaui,

222 2854 325 2918 diuina
350 2857 472 2932 uirtute,
496 2856 617 2922 animae
642 2860 796 2923 humanae
821 2871 972 2943 quantum
1006 2857 1045 2922 ad
1084 2859 1146 2923 itoo

221 2942 399 3029 subjicietur
422 2945 563 3022 omnium
584 2946 639 3011 sed
662 2967 700 3011 er
723 2946 859 3011 ciaritate
883 2960 914 3011 et
937 2946 1048 3011 virtute
1077 2949 1145 3011 ani-

220 3051 291 3095 mae
315 3032 354 3097 ad
378 3033 512 3099 diuinam
538 3035 688 3101 visionem
711 3035 849 3100 elevatae
871 3034 1053 3121 eorpussibi
1079 3036 1146 3100 uoi-

225 3134 290 3185 tum
315 3117 431 3209 aiiiruid
456 3121 587 3209 amplios
609 3138 827 3209 consequetur.

290 3209 352 3274 Erit
375 3214 457 3277 enim
482 3210 613 3277 totoiiter
629 3211 803 3298 suirjectum
820 3210 954 3290 animae,
966 3211 1070 3277 divina
1086 3211 1146 3277 rir-

223 3311 287 3362 tutc
311 3300 370 3365 iroo
394 3299 536 3382 iaciente,
559 3323 621 3365 non
644 3301 747 3367 soiom
770 3315 923 3387 quantum
947 3300 986 3366 od
998 3320 1078 3378 esse,
1091 3302 1148 3367 sed

222 3387 317 3451 etiam
341 3405 490 3473 quantum
515 3389 554 3452 ati
577 3390 715 3455 actiones
737 3403 767 3454 et
792 3391 951 3474 passiones
973 3403 1005 3455 et
1043 3403 1147 3455 motus

224 3489 253 3536 et
277 3493 441 3562 corporeas
464 3478 634 3563 qualitates.
657 3478 742 3544 Sicut
764 3478 855 3564 igitur
896 3479 1003 3546 anima
1041 3479 1147 3547 diuina
