2484 3975
198 229 267 294 etat
578 248 750 294 oruscuuuu
1134 309 1140 321 .

195 322 349 386 ‘rationem
373 318 546 383 secundum
570 319 706 404 aliquam
730 317 777 382 sui
801 317 967 402 potentiam
997 319 1044 384 uei
1068 321 1128 384 cir·
1237 352 1238 359 κ

194 422 291 475 tutem
316 406 433 492 absque
457 408 738 472 communicatione
761 415 836 472 suae
867 407 1034 479 materiae,
1061 409 1126 495 ipsa

194 509 241 562 est
266 515 345 581 quae
368 495 461 562 habet
495 515 573 572 cssc;
598 517 656 562 nec
689 510 735 562 est
769 515 825 584 per
862 513 930 560 esse
964 499 1127 582 compositi

194 599 326 659 tautum,
349 585 427 651 sicut
451 584 529 650 aliae
552 584 683 663 formae
705 584 760 650 sed
784 585 881 669 magis
919 586 1126 671 compositum

193 688 240 738 ost
265 693 321 759 per
346 693 417 738 case
439 674 516 759 ejus.
530 673 564 740 Et
588 675 670 753 ideo,
693 674 851 738 destructo
864 675 1049 759 composito,
1071 674 1126 739 de·

192 764 320 832 struitur
343 761 393 826 iiia
418 762 517 828 torma
541 783 622 848 quae
645 776 691 828 cst
714 783 770 850 per
791 782 859 828 esse
874 765 1046 848 compositi,
1060 784 1125 830 uon

193 865 296 916 autem
320 863 442 938 oportet
468 853 550 938 quod
576 852 752 917 destruatur
774 851 814 916 ad
825 852 989 938 compositi
1006 851 1125 917 destru-
1237 906 1238 915 ,

192 940 326 1005 ctionem
351 939 403 1005 ilia
426 939 527 1007 iorma
551 961 607 1028 per
630 940 721 1026 cujus
744 953 881 1006 esseest
909 941 1126 1027 compositum,

193 1041 224 1093 et
246 1047 310 1094 nun
335 1029 400 1115 ipsu
424 1050 481 1118 per
503 1037 571 1095 esso
594 1029 769 1116 compositi.

244 1139 246 1146 ’
259 1117 290 1183 Si
314 1119 381 1204 quis
405 1131 508 1185 autern
521 1133 629 1184 contre
642 1119 702 1184 hoc
713 1117 838 1203 objiciat
848 1117 931 1203 quod
939 1116 1124 1195 Aristotcles

192 1205 354 1290 dicit·(·de
376 1205 496 1286 Anima,
520 1209 565 1292 i)
589 1207 673 1296 quod
710 1206 918 1291 «intelligere
952 1217 980 1270 et
1016 1227 1124 1272 amore

190 1309 221 1360 et
244 1295 331 1360 odire
354 1315 416 1360 non
440 1309 511 1362 runt
534 1296 615 1362 iliius
638 1297 798 1383 passiones
832 1296 846 1382 (
865 1295 942 1360 idest
961 1295 1088 1361 animae
1101 1297 1126 1381 )‚

191 1383 247 1448 sed
270 1383 361 1469 hujus
385 1384 530 1451 habentis
553 1385 641 1463 illud,
666 1384 838 1450 secuudum
860 1383 945 1470 quod
969 1384 1047 1453 iilud
1071 1386 1126 1450 he·

191 1473 255 1550 bct3
278 1493 384 1558 quare,
408 1488 439 1538 et
452 1475 511 1540 hoc
527 1487 685 1564 corrupto,
702 1492 803 1559 neque
820 1486 1011 1538 memoratur
1022 1494 1127 1558 neque

192 1574 286 1639 amau
309 1583 371 1626 nou
396 1564 480 1628 enim
493 1563 573 1628 iliius
586 1577 684 1641 eraut,
695 1563 750 1628 sed
763 1561 936 1626 communis
949 1575 982 1625 ut
1005 1562 1125 1630 dictum
1237 1624 1238 1629 ,

192 1662 238 1716 cst
259 1677 301 1728 ι,
324 1663 406 1736 patet
441 1653 601 1738 responsio
627 1672 683 1738 per
716 1652 831 1717 dictum
867 1651 1028 1716 Themistii
1066 1653 1126 1718 huc
1237 1654 1238 1727 ξ

191 1740 383 1826 exponentis,
406 1743 458 1825 qui
483 1741 566 1806 dicit:
594 1740 720 1806 «Nunc
742 1741 893 1804 dubitanti
917 1740 1018 1824 magis
1028 1761 1124 1826 quam
1237 1752 1238 1757 ’

183 1827 312 1894 docenti
327 1830 512 1895 assimiiatur
528 1830 742 1896 Aristotcicsr.
756 1829 901 1894 Nondum
912 1831 996 1894 euim
1006 1829 1126 1895 destru-

189 1929 276 1982 xerat
290 1919 469 2003 opinionem
487 1919 657 1984 dicentium
674 1940 737 1985 non
753 1919 877 1984 diderrc
889 1917 1081 1983 intellectum
1096 1933 1127 1984 et

188 2025 328 2083 sensuum
354 2008 439 2073 uude
463 2008 495 2073 in
518 2022 582 2073 toto
605 2008 659 2074 iiio
683 2008 817 2094 capitulo
840 2008 977 2093 loquitur
1015 2009 1057 2072 de
1080 2012 1126 2074 in·

190 2092 315 2161 telieetu
338 2096 416 2160 sicut
440 2096 480 2161 de
503 2118 607 2162 seusu.
635 2098 727 2179 Quod
765 2110 847 2184 patet
882 2098 1049 2183 praecipue
1072 2098 1127 2163 ubi

189 2185 298 2269 probat
323 2183 518 2250 intellectum
545 2207 613 2251 esse
635 2186 902 2272 incorruptibilem
926 2205 983 2272 per
1020 2203 1127 2251 exem·
1237 2235 1238 2256 t

189 2272 274 2357 pium
299 2292 407 2337 sensus
444 2274 497 2361 qui
533 2296 596 2339 non
634 2275 844 2361 corrumpitur
880 2295 918 2340 ex
951 2288 1124 2341 senectute.
1237 2261 1238 2290 i

189 2361 329 2427 Undaet
353 2376 531 2448 portorum
568 2365 627 2428 sub
661 2364 840 2428 conditione
862 2377 893 2427 ct
929 2364 989 2427 sub
1022 2364 1123 2430 dubio

187 2450 324 2535 loquitur
347 2451 425 2516 sieut
449 2452 618 2537 inquirens,
640 2472 764 2539 semper
785 2450 1026 2537 conjungenscu
1041 2473 1124 2537 quae

186 2554 259 2605 sunt
281 2537 453 2605 intellectus
476 2542 522 2605 his
546 2557 840 2626 quaesuntseusus3
856 2539 938 2625 quod
953 2544 1123 2626 praecipue

186 2642 313 2713 apparet
336 2649 374 2693 ex
397 2649 435 2693 eu
459 2628 542 2714 quod
577 2630 608 2694 in
651 2630 803 2717 principio
840 2628 1002 2694 solutionis
1035 2630 1122 2696 dicit:
1237 2693 1238 2696 ,

193 2744 208 2776 ι
231 2716 261 2780 Si
287 2716 370 2782 enim
393 2731 423 2781 et
446 2737 538 2803 quam
564 2722 699 2785 maxime
721 2718 858 2803 gaudere
881 2716 1121 2785 autdoiercout

186 2805 358 2889 intelligere
396 2820 499 2871 motus
533 2822 614 2887 suut,
652 2820 683 2874 ct
721 2805 966 2892 unumquodque
999 2812 1120 2873 moveri

186 2894 342 2979 aliquid»
373 2894 436 2980 (i).
472 2895 506 2960 Si
540 2898 609 2981 quis
646 2910 749 2961 autem
785 2896 981 2981 pertinaciter
1014 2896 1120 2961 dicere

186 2976 276 3047 veliet
300 2984 382 3068 quud
417 2983 598 3050 Aristoteles*
622 2986 761 3071 loquitur
795 2986 837 3051 ibi
871 2984 1121 3064 determinando,

184 3073 286 3137 adhue
310 3085 403 3137 restat
427 3075 602 3159 responsio,
626 3076 698 3160 quia
724 3074 895 3156 intelligere
925 3072 1119 3139 dicitur-esse

184 3173 271 3225 actus
293 3160 467 3246 conjuncti,
490 3182 552 3227 non
577 3182 633 3250 per
654 3184 698 3240 sc,
722 3163 777 3227 sed
817 3182 872 3251 per
894 3161 1049 3241 accidens,
1073 3164 1119 3228 iu-

233 3320 275 3389 (i)
294 3320 327 3373 Et
345 3322 541 3390 utrumquodque
559 3326 659 3375 moueri
676 3323 790 3393 aliquid,
810 3323 827 3375 i.
846 3336 870 3375 e.
897 3321 925 3373 iu
956 3335 1116 3391 unoquoque

183 3397 222 3444 esi
241 3392 339 3463 aliquid
358 3392 429 3461 quod
447 3400 568 3445 movetur
586 3392 619 3445 ab
639 3393 737 3457 anima,
758 3400 787 3445 ut
805 3409 849 3448 cur
875 3390 959 3445 fervet
986 3391 1013 3444 iu
1031 3392 1072 3445 ira
1089 3400 1116 3444 ct

183 3463 347 3513 contrahitur
366 3464 392 3511 in
411 3462 527 3515 tristitia.
545 3492 579 3503 -·
598 3462 639 3518 Gi.
657 3464 683 3519 S.
714 3464 808 3518 Tironi.
838 3462 937 3516 Corum.
968 3464 996 3516 iu
1027 3463 1053 3529 i,
1080 3464 1112 3515 de

72 3539 78 3548 '
183 3532 286 3599 Anima,
305 3531 362 3583 leci·
383 3528 424 3584 itt.
