2484 3975
400 249 438 293 na
461 248 539 293 anun
557 250 593 293 nt
609 248 743 295 assuunt
968 227 1028 292 iii

110 336 185 381 num
210 314 353 381 accidens
376 315 502 383 atterius
522 318 688 384 accidentis
701 316 883 405 principium
896 315 944 393 sit,
956 316 1034 381 sicut

111 404 296 491 principium
321 405 477 471 relationis
500 420 545 471 est
569 408 691 472 actioet
714 405 856 494 passiaet
870 405 1034 491 quantitas;

109 508 140 558 et
162 493 233 559 ideo
256 494 427 559 secundum
450 496 528 559 haec
549 494 657 561 diuidit
681 495 888 579 Philosophus
911 494 1034 559 relatiu-

111 602 184 647 nem
218 582 427 668 (Metaphys,
451 582 510 671 tt).
545 583 607 649 Sed
630 586 701 671 quia
740 584 862 671 proptia
887 584 1033 669 principia

110 671 312 737 accidentium
336 692 398 736 non
418 692 545 758 semper
566 686 637 737 sunt
661 674 832 751 manifesta,
855 670 1034 757 ideoquan-

111 759 214 846 doque
236 760 388 827 sumimus
410 760 597 826 differentias
633 762 840 827 accidentium
864 781 901 827 ex
924 782 1033 827 eurum

111 848 280 926 effectibus,
302 850 381 914 sicut
403 850 656 934 congregativum
680 866 709 916 et
732 850 971 935 disgregativum
989 851 1032 915 vi·

112 958 164 1001 sus
187 936 331 1002 dicuntur
352 936 543 1004 differentiae
563 939 686 1019 coieris,
709 960 788 1027 quae
818 952 984 1004 causantur
996 958 1034 1003 cx

112 1024 300 1091 abundantia
324 1040 354 1091 et
377 1028 528 1113 paucitate
551 1028 628 1094 lucis
650 1048 688 1093 ex
711 1050 771 1117 qua
806 1028 944 1094 diuersae
966 1048 1035 1115 spe·

111 1114 173 1179 cies
195 1113 307 1181 colotis
328 1128 502 1181 causantur.

178 1201 228 1267 Sic
249 1222 324 1288 engo
346 1218 429 1290 patet
454 1204 611 1289 quomoda
645 1205 775 1272 essentia
810 1219 856 1271 cst
895 1205 925 1269 in
959 1204 1033 1270 sub·

111 1292 229 1357 stuntiis
249 1307 280 1358 et
302 1292 511 1358 accidentibus
532 1308 564 1358 et
600 1295 758 1381 quomado
792 1294 824 1359 in
857 1293 1035 1359 substantiis

111 1380 287 1469 compositis
309 1395 340 1446 et
361 1381 563 1467 simplicibus,
592 1397 623 1449 ct
655 1383 814 1469 quomoda
847 1384 1044 1448 intentiones

110 1468 229 1554 logicae
252 1469 439 1536 universales
462 1470 493 1535 in
516 1476 560 1536 eis
575 1472 1048 1559 inueniuntunettcaptoptimo,

112 1558 264 1645 principio
286 1558 370 1644 quoti
393 1573 440 1624 cst
465 1558 603 1626 infinitae
641 1560 852 1647 simplicitatis,
887 1560 936 1626 cui
974 1580 1037 1627 non

110 1648 254 1713 conuenit
278 1649 355 1713 ratio
379 1648 500 1733 generis
516 1649 564 1715 vei
586 1650 711 1737 speciei.
726 1664 756 1715 et
780 1667 1040 1737 perconsequens

111 1755 171 1801 nec
191 1736 331 1802 definitio
366 1749 489 1824 propter
511 1758 600 1803 suam
632 1738 869 1824 simplicitatem.
907 1736 941 1803 in
977 1756 1039 1823 quo

112 1825 152 1891 sit
173 1824 243 1891 finis
266 1839 297 1891 et
318 1827 545 1892 consummatio
567 1825 660 1912 hujus
683 1829 844 1894 sermonis.
