2484 3975
214 215 279 283 att
588 233 781 282 musculum
859 239 863 250 ’

212 306 326 374 seilicet
350 303 428 383 loco,
450 302 505 370 red
527 319 597 368 suot
620 305 733 371 alterae
756 305 882 372 ratione.
897 304 960 372 lloc
983 309 1058 391 erqo
1079 307 1137 372 lta·

215 397 280 463 bita
302 395 386 481 quod
408 394 510 458 anima
533 391 756 460 determinatur
778 397 959 479 tegmento,
980 399 1137 474 sensitiva,

211 500 246 551 et
266 484 460 560 intellectiva,
483 495 512 546 et
535 484 660 560 motivo,
680 483 743 548 vult
755 483 918 548 ostendere
933 485 1027 570 quod,
1040 507 1136 570 quan·

213 589 278 640 tunt
302 571 341 636 ad
364 593 473 636 omnes
496 572 567 635 istas
590 586 702 657 parter,
723 574 826 636 anima
861 574 966 639 unitur
1002 575 1136 659 corpori,

212 684 276 728 non
299 663 376 726 sicut
399 675 490 724 nanta
514 659 595 738 nati,
617 661 674 728 sed
696 661 773 726 sicut
797 659 895 726 forma
920 662 1077 726 materiae.
1102 662 1137 726 Et

211 753 258 817 eie
278 750 478 815 certificatum
501 747 560 813 erit
583 749 658 833 qnid
691 751 729 814 sit
763 750 865 814 anima
900 749 931 814 in
966 751 1137 830 communi,

210 840 293 927 quod
317 859 408 924 snpra
433 837 600 922 figuraliter
624 852 742 904 tanturn
765 838 879 902 dictum
903 852 957 903 est.

281 929 345 993 lloc
368 942 469 992 autem
494 927 603 1012 probat
627 947 681 1012 per
706 930 901 1010 operationes
935 927 1059 990 animae
1080 927 1135 992 sio.

212 1017 405 1082 Manifestum
428 1029 475 1080 est
497 1016 581 1078 enim
603 1015 687 1100 quod
711 1015 785 1080 illud
820 1036 882 1100 quc
900 1017 1000 1099 primo
1024 1036 1135 1102 opera·

211 1122 261 1171 tur
283 1103 418 1190 aliquod,
439 1117 485 1168 est
508 1102 608 1167 loreto
630 1105 794 1190 operantis,
809 1106 887 1168 aient
898 1103 1031 1168 dicimur
1054 1104 1133 1170 seire

211 1196 313 1260 anima
337 1208 367 1258 et
399 1197 478 1257 scire
514 1192 652 1268 scientia,
686 1213 741 1278 per
766 1191 850 1279 prins
873 1205 978 1259 antem
1006 1192 1133 1258 scientia

210 1304 304 1368 quam
328 1283 441 1355 anima
464 1279 535 1365 qnia
557 1299 612 1366 per
634 1284 769 1356 animam
794 1301 856 1346 non
879 1281 993 1346 scimus
1016 1282 1075 1346 nisi
1101 1283 1132 1346 in

210 1385 364 1456 quantum
383 1370 475 1435 lrabet
497 1369 666 1472 scientiane
701 1382 731 1434 et
753 1369 892 1434 similiter
913 1371 1006 1434 etiem
1028 1372 1131 1435 sanari

211 1459 344 1526 dicimur
366 1479 496 1561 corpore
519 1459 709 1536 eternitate,
736 1458 790 1522 sed
807 1479 862 1544 per
886 1458 968 1542 prius
992 1458 1134 1536 territum

210 1563 242 1614 et
263 1551 306 1614 sic
330 1562 412 1634 patet
433 1547 591 1612 scientiam
614 1566 682 1612 esse
705 1547 838 1627 formam
862 1546 984 1612 animae
999 1562 1028 1612 et
1051 1549 1132 1612 sani·

211 1651 303 1702 tatem
327 1637 477 1737 corporis
501 1635 535 1698 llt
556 1638 616 1700 hoc
650 1635 787 1722 procedit
824 1635 886 1701 sio·
917 1637 1052 1700 «Anima
1086 1650 1132 1701 est

209 1727 342 1812 primum
365 1746 427 1811 quo
450 1725 607 1788 vivimus»
638 1723 728 1810 quod,
743 1723 816 1788 dicit
849 1739 972 1810 propter
1008 1739 1128 1810 cheta·

209 1817 316 1890 tivum3
346 1834 437 1900 «quo
459 1813 656 1888 scattimusr,
694 1826 819 1898 propter
841 1813 1044 1892 sensitivum;
1073 1829 1131 1880 «et

209 1924 413 1975 movemur»,
425 1914 550 1988 propter
564 1903 723 1978 motivum3
743 1927 757 1960 ι
772 1915 802 1966 et
813 1900 1010 1984 intelligimus
1024 1929 1039 1960 ι
1061 1923 1130 1990 ριιι-

209 2006 276 2078 pter
298 1993 496 2067 intellectum
518 2004 548 2054 et
570 1991 734 2057 corteludit:
758 1990 866 2072 «Quia
882 1992 958 2055 ratio
974 1992 1128 2077 quaedam

208 2082 333 2167 utiquae
354 2082 411 2145 erit
434 2094 463 2143 et
486 2080 614 2165 speclea,
640 2080 693 2145 scd
719 2100 781 2146 tion
809 2091 843 2145 ut
865 2081 1034 2145 materiaet
1056 2082 1128 2147 sub

204 2170 320 2256 jectum
346 2198 378 2235 ι.
411 2168 568 2233 llanileete
590 2190 665 2270 ergo
687 2168 771 2254 qnod
794 2188 886 2253 supra
909 2166 1046 2247 dixerat,
1062 2170 1129 2235 aui-

208 2280 291 2323 mam
315 2279 384 2323 esse
406 2272 507 2322 cotum
530 2260 668 2343 corporis
686 2257 814 2357 physici,
831 2257 879 2320 hic
894 2255 1049 2323 concludit
1061 2278 1129 2325 non

207 2348 309 2412 solum
333 2350 372 2411 de
395 2345 575 2428 vegetation,
599 2348 743 2411 sensitiva
767 2358 797 2410 et
821 2345 945 2423 ιιιοιίιο,
960 2344 1015 2409 sed
1031 2348 1124 2413 etiam

100 2458 107 2462 ·
207 2437 247 2502 de
269 2436 462 2501 intellectiva.
486 2434 555 2498 Fuit
576 2455 651 2519 ergo
674 2434 824 2501 sententia
848 2433 1017 2502 Aristotelis
1041 2436 1126 2520 quod

206 2524 282 2592 illud
305 2544 367 2609 qno
390 2522 586 2606 intelligimus
609 2524 647 2589 sit
671 2522 769 2590 fornia
792 2525 928 2608 corporis
951 2522 1086 2607 physici.

273 2613 334 2679 Sed
358 2634 397 2678 nc
420 2611 528 2699 aliquis
566 2611 647 2677 dicat
681 2612 764 2695 quod
788 2609 818 2675 id
842 2631 903 2696 quo
927 2610 1128 2695 intelligimur

206 2722 269 2769 non
292 2702 365 2767 dicit
389 2703 438 2766 hic
472 2700 667 2767 intellectum
693 2699 880 2787 possibilem,
918 2698 973 2765 sed
1009 2698 1126 2804 aliquid

195 2791 301 2869 aliud,
324 2789 485 2855 manifeste
509 2789 567 2853 ltoc
588 2788 761 2856 excluditur
783 2810 838 2875 per
858 2788 936 2853 illud
958 2788 1043 2873 qood
1060 2791 1125 2855 Ari·

205 2879 329 2945 stotcles
351 2878 425 2944 dicit
446 2878 514 2966 (de
536 2862 654 2956 laima,
667 2877 688 2945 ἵι
701 2880 727 2961 ),
749 2877 788 2944 de
811 2877 965 2943 intellectu
989 2878 1126 2963 possibili
1237 2928 1238 2951 ,

207 2968 345 3055 loquens.
376 2968 477 3036 «Dico
500 2980 603 3031 autern
628 2966 815 3033 intellectum
839 2986 901 3052 quo
930 2964 1076 3053 opinatur
1097 2983 1127 3034 et
1237 3034 1238 3053 ἶ

205 3057 346 3142 iutelligit
367 3058 512 3121 ιιιιιιιιιι.

272 3146 344 3225 Sed,
366 3160 530 3245 antequam
552 3142 592 3210 ad
615 3142 707 3209 verba
731 3118 898 3209 Aristotelis
936 3162 1016 3229 quae
1053 3158 1126 3211 sunt

206 3234 238 3301 in
260 3239 349 3301 tertio
370 3234 412 3299 de
433 3232 542 3299 Anima
565 3231 758 3310 accedamus,
779 3230 880 3297 adlntc
896 3232 1070 3318 amplios
1044 3252 1124 3299 cirea
1237 3228 1238 3241 ²

205 3324 330 3389 rerba
322 3325 417 3410 ipsiut
439 3324 470 3389 in
495 3322 632 3386 secundo
656 3321 695 3385 de
718 3319 862 3387 noima
855 3338 1070 3400 immoremur,
1093 3336 1127 3389 ut

206 3432 245 3477 ex
267 3412 430 3484 collatione
453 3412 617 3476 verborum
642 3409 709 3495 ejus
744 3410 823 3473 ad
817 3410 947 3475 invicem
980 3424 1126 3497 appareat

205 3520 286 3584 quae
309 3499 401 3584 luerit
423 3499 489 3586 cjus
512 3498 669 3589 sententia
700 3498 739 3566 de
773 3498 902 3567 anima..
926 3497 1004 3565 Cum
1040 3499 1134 3567 coitu.
