2484 3975
223 216 290 281 3¹4⁰
353 281 358 292 x
464 236 521 283 nra.
545 236 584 283 rr.
608 238 672 284 car.
695 237 774 284 xcnt.
798 234 923 281 nrxcrr

288 302 454 369 Ostensum
477 322 523 371 est
546 308 628 372 enim
653 304 697 388 (l.
722 308 754 385 3,
776 327 803 371 o.
842 306 930 389 tlt)
966 303 1050 406 quod
1073 323 1177 391 ρεσ-ο

222 396 290 459 o'ato
313 394 437 460 mortali
473 395 603 461 debetur
637 416 737 482 poena
774 408 921 494 perpetua
956 394 1156 460 animarum.

221 482 289 548 Nou
313 497 416 549 autem
440 499 520 549 esset
542 498 690 570 perpetua
716 504 816 571 poena
850 482 1024 547 animarum
1060 504 1158 568 quae

221 572 464 650 damnantur,
441 594 466 637 sr
489 587 616 659 possent
652 573 843 639 uoluntatem
878 583 998 635 mutare
1020 572 1051 635 in
1075 592 1156 640 me·

221 660 291 737 lius,
314 660 385 746 quia
410 662 550 747 iniquum
575 676 654 728 esset
680 663 775 748 quod,
798 681 836 725 ex
858 680 923 746 quo
953 660 1065 725 bonam
1092 681 1157 725 vo·

224 750 371 815 luntatem
397 749 557 828 baberent,
580 765 730 837 perpetuu
764 750 956 849 punirentur.
996 748 1156 814 Voluntas

225 838 318 923 igitur
336 837 458 903 animae
473 839 638 903 damnatae
650 860 712 904 non
730 852 829 925 potest
844 837 956 903 mutari
970 837 1000 901 in
1013 838 1153 903 bonum.

291 927 464 1005 Praeterea,
486 927 553 1013 lpsa
577 929 762 993 inordinatio
800 926 965 992 uoluntatis
986 924 1151 1010 quaedam

226 1036 325 1103 poena
349 1029 395 1080 est
417 1030 447 1080 et
480 1017 614 1080 maxime
648 1016 804 1095 uliliutiva,
838 1016 923 1101 quia,
959 1016 1151 1099 inquantum

226 1104 321 1169 babet
344 1104 549 1169 inordinatam
574 1105 762 1171 uoluntatem
786 1104 907 1189 aliquis,
931 1103 1088 1189 displicent
1116 1104 1150 1169 ei

225 1212 305 1278 quae
328 1206 410 1257 reete
432 1194 520 1270 fiunt;
543 1208 572 1258 et
595 1194 747 1259 damnatis
774 1193 945 1278 displicebit
966 1193 1049 1278 quod
1089 1212 1151 1258 vt»

226 1282 325 1345 luntas
348 1281 404 1345 Dei
428 1283 574 1368 impletur
596 1287 626 1346 in
650 1285 805 1357 omnibus,
841 1282 891 1345 eui
915 1283 1070 1367 peeoando
1091 1300 1149 1345 re·

224 1370 375 1434 stiterunt.
411 1370 506 1455 lgitur
540 1372 713 1447 inordinata
747 1371 888 1437 voluutas
922 1389 1079 1456 nunquam
1102 1371 1152 1435 ab

226 1459 270 1523 eis
295 1457 427 1523 tolletur.

292 1547 411 1627 Adnue,
435 1547 631 1615 Voluntatem
657 1564 817 1635 apeeeato
832 1547 944 1611 mutari
968 1547 1000 1611 in
1025 1546 1148 1613 borium

227 1655 289 1699 non
312 1638 461 1722 contingit
485 1638 540 1702 nisi
566 1658 620 1724 per
643 1641 773 1721 gratiam
796 1637 864 1713 Dei,
880 1651 913 1701 ut
937 1650 1019 1720 patet
1040 1656 1078 1701 ex
1094 1637 1148 1700 nis

222 1743 307 1809 quae
330 1726 503 1791 dictasunt
526 1726 572 1811 (l.
597 1728 630 1804 5,
651 1748 680 1790 o.
703 1727 768 1791 tto
789 1740 820 1789 et
843 1725 905 1790 157
922 1729 946 1810 ).
980 1725 1066 1789 Siout
1087 1745 1146 1789 au·

225 1825 290 1877 tem
312 1813 465 1879 bonorum
489 1816 611 1881 animae
622 1816 826 1881 admittuntur
837 1814 876 1878 ad
893 1811 1060 1900 perlectam
1073 1834 1149 1899 pare

224 1901 431 1988 tioipatiunem
454 1904 575 1968 divinae
600 1904 752 1982 bonitatis,
778 1905 817 1968 ita
834 1904 1051 1967 damnatorum
1074 1902 1145 1981 uui*
1239 1927 1240 1932 ¹

225 2008 294 2054 ntae
316 2012 334 2056 a
357 1993 452 2077 gratia
477 1993 609 2059 totaliter
631 1994 847 2060 exeluduntur.
874 1992 943 2057 Nou
970 1993 1062 2076 igitur
1085 2012 1141 2077 po·

223 2090 327 2144 terunt
359 2083 481 2146 animae
514 2082 679 2148 damnatae
700 2084 732 2148 in
760 2082 871 2147 melius
888 2094 1010 2146 mutare
1034 2079 1145 2147 volun

223 2179 326 2232 tutem.

289 2257 462 2333 Praeterea,
485 2257 570 2324 Sicut
593 2257 665 2324 boni
684 2260 715 2324 iu
739 2279 835 2323 earne
849 2259 986 2324 virentes
1000 2257 1145 2323 omnium
1238 2264 1239 2279 ¹

221 2364 349 2410 tuorum
372 2367 502 2433 operum
526 2363 556 2414 et
578 2347 803 2413 desideriorum
827 2348 921 2412 finem
950 2350 1143 2412 constituunt

224 2434 255 2497 in
276 2433 357 2513 Deo,
379 2436 419 2501 ita
441 2435 514 2500 mali
538 2436 569 2500 in
593 2436 701 2521 aliquo
723 2436 860 2501 indebito
884 2437 947 2501 line
984 2449 1144 2502 avertente

222 2541 276 2586 eos
299 2545 316 2588 a
339 2524 416 2590 Deo.
440 2525 501 2590 Sed
524 2526 647 2591 animae
668 2540 829 2611 separatae
853 2524 1036 2589 bonorum
1029 2545 1142 2590 immo·

223 2611 324 2676 biliter
346 2613 551 2678 inhaerebunt
574 2612 629 2678 lini
651 2634 745 2700 quem
770 2615 801 2678 in
825 2614 954 2678 baevita
975 2613 1033 2678 sibi
1051 2633 1141 2700 pree
1237 2660 1238 2699 5

223 2699 400 2780 stituerunt,
421 2703 535 2767 scilieet
557 2702 636 2767 Deo
659 2703 738 2787 Ergo
762 2715 793 2767 et
825 2702 947 2768 animae
984 2702 1139 2769 malorum

224 2789 424 2856 immobiliter
446 2791 652 2856 inhaerebunt
673 2790 729 2856 lini
759 2811 853 2876 quem
888 2791 946 2856 sibi
968 2791 1142 2874 elegerunt.

224 2876 337 2943 Sicut
331 2881 422 2964 igitur
435 2879 587 2944 bonorum
604 2879 745 2944 veluntas
759 2899 823 2944 non
840 2881 951 2966 poterit
963 2879 1032 2944 lieri
1048 2880 1144 2958 mala,

224 2967 264 3034 ita
287 2987 344 3033 nee
368 2968 521 3032 malorum
544 2968 656 3055 poterit
677 2967 746 3033 lteri
770 2969 860 3034 bona.

529 3107 698 3210 cratin
728 3143 829 3214 xciv.

320 3285 369 3350 De
390 3284 604 3351 immobilitate
625 3285 793 3350 volontatis
814 3285 846 3350 iu
869 3284 1034 3351 auituubus

476 3373 509 3438 itt
529 3374 714 3458 patruatorie
736 3374 877 3440 detentis.

282 3491 354 3571 Sed,
376 3492 447 3578 quia
469 3492 621 3578 quaedam
643 3496 766 3561 animae
799 3508 881 3574 sunt,
918 3515 998 3580 quae
1033 3494 1136 3561 statim
