2484 3975
308 210 363 271 nis.
388 225 425 269 tv.
449 224 512 269 car.
538 224 635 269 cxxvi.
660 224 695 267 rr
720 223 828 269 mvn.
970 204 1034 272 987

110 309 143 362 ut
166 314 275 361 eurum
301 307 433 380 potestas
457 293 648 359 derivaretur
671 292 710 357 ad
734 308 883 378 posteros,
908 296 1037 379 prouti·

112 386 194 451 litate
219 384 383 457 Ecclesiae,
414 382 567 467 usquead
586 386 680 446 linem
704 382 830 459 saeculi;
853 387 1034 469 praesertim

110 494 183 540 cum
208 474 271 560 ipse
294 472 384 536 dicat:
407 469 483 535 Ecce
507 492 560 556 epo
594 470 750 535 collectam
783 490 863 549 sum,
895 472 1037 537 omnibus

111 563 230 635 diebus,
253 580 348 646 usque
371 563 414 625 'od
437 561 731 625 consummationem
772 562 899 639 saeculi,
922 561 1039 639 Matala,

110 652 167 732 98,
189 653 242 717 dli.

180 742 240 805 Per
264 739 323 803 ltoc
357 751 461 801 autern
499 736 673 803 excluditur
707 736 915 822 quorumdam
951 757 1039 821 prae·

113 846 316 917 sumptuosus
347 846 445 898 error,
469 828 521 911 qui
545 847 580 891 se
617 825 792 890 subducere
827 826 965 890 nituntur
998 826 1038 890 ab

113 920 290 984 obedientia
314 930 345 979 et
366 914 559 999 subjectione
598 915 691 991 Petri,
725 934 936 979 successorem
971 912 1039 998 ejus

114 1008 289 1072 llomanum
327 1002 508 1091 Pontificem
546 1005 727 1070 universalis
750 1003 901 1069 Ecclesiae
935 1016 1038 1090 pasto·

114 1116 181 1162 rem
206 1116 268 1159 non
292 1109 559 1177 recognoscentes.

400 1269 459 1336 ul
477 1270 499 1335 t>
514 1269 577 1334 U'l'
615 1268 760 1337 LXXllll.

335 1448 424 1527 Quod
445 1469 503 1531 per
525 1448 628 1511 mulos
649 1447 810 1511 ministros

289 1550 489 1603 sacramento
512 1538 690 1619 dispensari
711 1548 850 1620 possunt.

180 1714 221 1780 Er
245 1714 292 1779 lais
323 1734 403 1799 quae
443 1686 615 1800 praemisse
646 1725 719 1777 sunt
755 1711 954 1778 manifestum
993 1727 1040 1779 eat

111 1806 199 1891 quod,
220 1804 349 1868 ministri
375 1802 525 1869 Ecclesiae
549 1803 718 1888 potentiana
742 1802 910 1887 quamdam
933 1803 965 1866 in
988 1824 1039 1868 or·-

113 1894 195 1957 dinis
218 1894 413 1977 susceptione
438 1891 582 1955 divinitus
604 1893 776 1977 suscipiunt
791 1891 830 1955 ad
846 1907 1039 1957 sacramenta

111 1980 254 2048 fidelibus
278 1980 493 2068 dispensanda.
518 1978 609 2062 Quod
623 1996 727 2046 autern
741 1980 831 2046 alicui
844 1981 887 2046 rei
897 2003 952 2070 per
964 2003 1042 2048 con·

111 2074 318 2136 sectationem
343 2071 512 2156 acquiritur
535 2084 686 2155 perpetuo
709 2071 740 2133 in
764 2090 802 2134 eo
825 2086 940 2146 manee
957 2071 1040 2137 unde

111 2161 190 2226 niltil
208 2175 421 2225 consecratum
440 2158 549 2223 iterato
565 2173 772 2224 consecratur.
797 2159 935 2226 Potestas
948 2161 1041 2244 igitur

111 2250 228 2314 ordinis
254 2263 403 2334 perpetuo
428 2249 459 2311 in
484 2246 632 2311 ministris
657 2247 809 2314 Ecclesiae
831 2264 948 2314 manet.
971 2248 1038 2315 Non

109 2358 186 2424 ergo
201 2337 326 2402 ¹tollitur
347 2357 405 2422 per
430 2349 601 2422 peceatum.
631 2335 765 2402 Possunt
797 2357 875 2421 ergo
904 2339 1039 2404 etiama

109 2426 324 2514 peccatoribus
348 2439 377 2490 et
403 2425 502 2498 ruralis,
525 2425 700 2490 dummodo
727 2424 870 2490 ordinem
895 2426 1041 2507 habeant,

111 2515 316 2581 ecelesiastica
339 2525 531 2578 sacramenta
555 2511 702 2578 conferri.

179 2604 268 2682 ltem,
292 2603 373 2667 Nilril
398 2615 500 2688 potest
524 2603 553 2666 in
578 2601 610 2666 id
633 2601 719 2689 quod
758 2599 827 2687 ejus
864 2601 1043 2669 facultatem

109 2693 242 2771 excedit,
266 2694 323 2757 nisi
348 2706 473 2779 accepta
498 2689 623 2754 aliunde
647 2703 810 2778 potestate;
834 2692 918 2779 quod
936 2696 1043 2758 tamin

113 2782 305 2847 naturalibus
328 2801 421 2866 quam
446 2783 477 2844 in
501 2779 826 2866 ciuilibuspate13uon
850 2782 934 2846 enim
962 2802 1043 2867 aqua

111 2870 282 2938 calefacere
307 2883 407 2956 potest
432 2869 489 2934 nisi
514 2868 643 2954 accipiat
668 2868 811 2934 virtutem
839 2869 1041 2937 calefaciendi

111 2961 152 3025 ab
176 2961 259 3044 igne,
283 2977 384 3043 neque
408 2957 528 3023 balivus
553 2959 635 3022 cives
674 2977 821 3024 coercere
843 2974 946 3046 potest
985 2961 1042 3024 nisi

111 3063 237 3136 accepta
261 3060 413 3135 potestate
437 3067 454 3112 a
479 3045 573 3131 Rege.
599 3045 640 3110 Ea
663 3060 768 3112 autem
792 3066 873 3132 quae
897 3048 1042 3113 insacra-

110 3139 225 3203 mentis
247 3150 382 3222 aguntur
405 3134 582 3200 facultatem
608 3135 779 3201 humanam
806 3135 972 3216 excedunt,
1010 3151 1046 3202 ut

111 3246 151 3293 cx
175 3227 351 3312 praemissis
374 3226 415 3310 (c.
440 3224 497 3310 tt)
521 3238 614 3310 patet.
637 3223 717 3307 Ergo
741 3223 845 3290 nullus
870 3240 970 3311 potest
991 3245 1044 3290 sa·

111 3331 270 3382 eramenta
287 3315 476 3401 dispensare,
492 3324 779 3398 quantumcumque
798 3318 836 3378 sit
848 3314 960 3388 bonus,
983 3314 1041 3379 nisi

113 3419 297 3493 potestatem
322 3403 451 3490 accipiat
474 3401 683 3487 dispensandi.
705 3402 840 3467 Bonitati
863 3418 967 3468 autem
984 3403 1042 3468 lto·

114 3495 210 3562 minis
233 3492 349 3562 malitia
373 3491 539 3582 opponitur
563 3503 593 3558 et
617 3503 789 3581 peccatum.
813 3492 893 3579 Ergo
915 3511 973 3567 nec
984 3511 1042 3582 per
