2484 3975
407 220 462 268 tar.
487 220 525 267 tr.
550 218 612 267 car.
637 219 729 269 txxtt.
963 200 1024 267 ‘itt

107 302 256 358 causatur.
280 289 314 355 iu
337 288 484 375 spirituali
509 310 583 356 vero
606 290 766 355 curatione
800 287 942 355 accidere
964 308 1028 355 non

106 393 207 467 potest
229 380 312 466 quod
337 378 469 443 totaliter
491 380 530 444 ab
569 379 735 445 intrinseco
769 375 831 456 liae
869 392 1028 443 ostensum
1081 442 1087 451 ,

106 482 152 533 est
174 467 257 533 enim
283 467 327 556 (l.
351 467 383 544 5,
404 487 432 532 c.
458 467 548 547 titt)
571 467 697 554 quod-a
718 464 809 550 culpa
833 466 928 531 bomo
951 466 1029 533 libe·

106 558 168 623 rcri
191 578 253 622 non
278 568 379 641 potest
403 557 459 620 nisi
483 556 597 621 auxilio
620 554 747 640 gratiae.
771 554 918 620 Similiter
936 554 1047 631 etiamv

106 664 208 733 neque
232 658 421 731 potestesse
444 644 528 729 quod
551 643 720 729 spiritualis
744 644 863 708 curatio
887 643 926 709 rit
952 656 1029 709 toto·

106 734 178 800 liter
199 734 238 799 ab
261 732 414 821 exteriori
450 753 512 797 nou
551 734 635 797 enim
671 730 883 797 restitueretur
915 732 1029 797 sanitae

105 823 230 899 mentia,
254 822 310 887 nisi
334 820 465 885 ordinati
491 834 592 886 motus
631 820 797 886 voluntatis
835 821 866 885 iu
901 820 1030 886 bomine

105 923 318 977 causarentur.
342 908 471 993 Oportet
494 910 597 993 igitur,
622 910 653 974 in
689 909 895 995 poenitentiae
926 929 1029 975 caera·

106 1014 224 1071 mento,
248 998 436 1085 spiritualem
461 998 593 1063 salutem
632 1012 662 1064 et
696 997 736 1061 ab
763 997 900 1062 interiori
935 1010 967 1062 et
988 996 1028 1064 ab

104 1088 249 1153 exteriori
275 1086 453 1173 procedere.

172 1175 236 1242 iloc
260 1190 362 1240 autem
387 1176 430 1239 sic
452 1174 612 1258 contingit.
647 1174 692 1239 td
732 1173 794 1238 boc
833 1174 916 1239 enim
940 1173 1025 1261 quod

104 1265 217 1351 aliquis
240 1285 256 1329 a
280 1264 390 1329 morbo
414 1261 565 1348 corporali
589 1275 715 1327 curetur
732 1261 879 1349 perfecte,
901 1282 1027 1329 necesso

104 1353 258 1440 estquod
282 1354 321 1418 ab
344 1352 490 1417 omnibus
517 1351 724 1416 incommodis
762 1350 912 1416 liberetur
947 1372 1028 1439 quoe
1086 1386 1091 1396 ·

104 1462 163 1531 per
186 1442 329 1507 morbum
345 1440 483 1506 incurrit:
506 1440 550 1503 sic
573 1452 603 1503 et
625 1440 791 1526 spiritualia
814 1441 931 1505 coratio
955 1461 1028 1526 poe·

104 1531 254 1597 nitentiae
278 1528 411 1615 perlecto
436 1548 499 1591 non
522 1541 612 1606 esset,
637 1530 695 1593 nisi
713 1529 809 1593 bomo
825 1530 865 1593 ab
883 1529 1029 1595 omnibus

103 1618 298 1685 detrimentis
321 1616 535 1683 sublevaretur
563 1616 593 1680 in
617 1636 697 1703 quae
734 1616 879 1683 inductus
903 1630 949 1681 eat
972 1636 1029 1704 per

103 1721 276 1795 peceatum.
302 1706 439 1771 Primum
464 1716 568 1769 autem
591 1705 907 1791 detrimentumquod
931 1706 1027 1771 bomo

103 1816 143 1863 ex
160 1808 283 1882 peccato
300 1795 428 1859 sustitret
444 1806 489 1857 est
505 1791 700 1858 deordinatio
712 1785 833 1873 meniis,
855 1794 1027 1861 seeundum

58 1959 60 1963 .
102 1885 189 1971 quod
213 1904 300 1949 mens
323 1881 470 1947 avertitur
493 1880 532 1945 ab
569 1880 818 1947 incommutabili
853 1882 946 1961 bono,
967 1883 1028 1949 aci·

103 1974 176 2040 licet
198 1994 215 2038 a
240 1972 317 2051 Deo,
340 1985 370 2037 et
392 1968 581 2036 conuertitur
605 1969 644 2037 ad
661 1984 833 2059 peccaturus
849 1970 1027 2038 Secundum

104 2075 209 2128 autem
234 2075 281 2128 est
302 2061 385 2146 quod
400 2073 518 2124 reatum
542 2079 662 2145 poenae
701 2060 839 2137 incurrit3
875 2072 908 2126 ut
943 2062 1028 2128 enim

103 2165 263 2216 ostentum
286 2163 333 2214 eat
355 2149 400 2236 (l.
425 2149 459 2228 3,
480 2169 505 2212 e.
532 2148 596 2214 titt
618 2160 649 2212 et
682 2168 747 2234 aeq.
762 2149 798 2234 ),.
821 2147 1027 2235 ajustiesimo

100 2253 222 2306 rectore
245 2240 312 2304 Deo
350 2258 406 2325 pro
441 2237 578 2322 quelibet
616 2237 707 2324 eulpa
732 2257 833 2323 poena
871 2237 1026 2304 debetur.

104 2328 245 2394 Tertium
282 2341 329 2392 est
363 2325 516 2410 quaedam
556 2325 728 2390 debilitatio
763 2326 910 2409 naturalis
945 2325 1030 2408 boni,

101 2417 275 2484 secundum
299 2415 382 2501 quod
406 2415 500 2479 bomo
535 2413 695 2500 peccando
728 2414 867 2480 redditur
901 2414 1028 2501 pronior

103 2507 144 2572 ad
168 2505 359 2593 peccandum
383 2517 414 2568 et
436 2502 553 2569 tardior
575 2503 614 2567 ad
639 2502 720 2568 betae
750 2502 930 2587 agendum„

173 2594 311 2660 Primum
339 2592 431 2676 igitur
454 2590 538 2676 quod
565 2591 595 2655 in
637 2590 827 2677 poenitentia
864 2590 1032 2678 requiritur

102 2697 149 2750 eat
173 2682 325 2748 ordinatio
348 2680 470 2756 mentia,
496 2693 530 2744 ut
553 2678 670 2746 seilicet
707 2699 797 2745 tuens
830 2696 1028 2747 convertatur

103 2772 143 2838 ad
167 2771 270 2838 Deum
294 2783 325 2835 et
349 2781 504 2834 avertatur
527 2788 544 2832 a
569 2781 709 2854 peccato,
731 2767 841 2834 dolens
879 2769 1028 2836 decom-

102 2860 201 2926 misso
218 2875 248 2925 et
272 2877 447 2946 proponens
471 2877 533 2922 non
557 2857 830 2935 committendum
863 2859 948 2944 quod
982 2872 1030 2925 eet

102 2949 144 3015 de
164 2949 282 3015 ratione
306 2945 508 3013 contritionis.
532 2944 614 3012 llaec
632 2965 708 3010 tero
732 2946 845 3016 mentio
868 2948 1028 3017 reordina-

104 3039 147 3104 tio
170 3039 236 3103 sine
260 3035 356 3122 gratia
373 3053 517 3100 essenon
553 3047 667 3122 potect3
689 3055 762 3099 nam
801 3056 888 3101 mene
924 3051 1029 3103 nostra

104 3125 208 3192 debite
230 3125 269 3191 ad
292 3125 393 3190 Deum
417 3124 552 3188 conuerti
576 3142 639 3188 non
663 3136 764 3209 potent
786 3126 852 3189 eine
867 3125 1037 3204 charitate.

104 3215 238 3281 ebaritas
261 3228 363 3279 autem
387 3215 454 3278 aine
487 3211 584 3295 gratio
622 3211 731 3277 baberi
761 3231 833 3277 non¹
848 3225 957 3297 potest,
994 3228 1029 3278 ut

106 3317 190 3392 patet
213 3323 250 3368 ox
274 3304 322 3368 liis
344 3320 424 3388 quae
446 3299 527 3364 dicta
549 3312 621 3364 aunt
645 3297 695 3382 (l.
730 3300 763 3378 ὅ,
786 3321 822 3365 e.
849 3301 909 3366 lbl
928 3302 953 3385 ).
974 3300 1029 3368 ste

106 3393 211 3478 igitur,
234 3411 289 3479 per
311 3389 539 3467 contritionem,
563 3401 595 3452 et
617 3387 738 3454 olieooa
763 3388 821 3454 Dei
859 3389 975 3456 tollitur
997 3403 1030 3456 et

108 3502 125 3547 a
151 3497 237 3548 reatu
260 3499 378 3569 poenae
401 3491 544 3544 aeternae
578 3476 727 3546 liberatur
758 3479 906 3566 quicum
928 3477 1027 3570 gratia
