2484 3975
225 229 288 297 llti
529 250 584 295 tm.
609 251 649 296 tv.
673 251 736 297 etr.
760 249 839 299 xxiv.

222 321 337 386 leretur
360 319 450 385 trium
475 341 677 407 personarum
702 323 879 408 aequalitem
903 338 1004 406 neque
1026 319 1146 384 iterum

220 407 420 474 relationibus
445 429 524 496 quae
540 409 710 475 fundantur
732 431 825 498 super
841 431 948 485 uuurn;
962 408 1145 493 hujusmodi

220 499 303 562 enim
343 497 508 576 relationes
542 499 771 564 distinctionem
805 517 868 564 non
902 511 1039 575 causant,
1077 499 1150 562 imo

219 587 318 671 tnagis
342 586 381 650 ad
405 587 651 652 convenientiam
676 589 830 674 pertinere
853 586 1063 663 inveniuntur,
1085 587 1146 651 etsi

219 675 300 740 sorte
337 675 438 761 aliqua
473 695 581 741 eorum
619 676 845 741 distinctionem
884 688 1147 762 praesupponant.

221 763 254 829 ln
278 763 479 830 relationibus
502 783 575 828 vero
599 766 744 830 omnibus
775 785 869 850 super
902 764 1056 828 actionem
1095 763 1147 826 vel

220 855 396 940 passionem
419 851 552 918 fundatis
565 873 689 940 semper
712 855 842 919 alterum
865 867 911 916 est
924 865 956 917 ut
967 850 1145 936 subjectum

221 955 251 1006 et
275 941 436 1028 inaequale
459 941 631 1006 secuudum
654 943 809 1017 virtutem,
832 941 891 1005 nisi
912 940 1014 1005 solotn
1037 943 1068 1005 in
1093 961 1146 1005 re·

221 1030 387 1095 lationiltus
410 1029 547 1115 originis,
571 1033 601 1096 in
625 1032 737 1116 quibus
761 1031 845 1096 nulla
873 1030 1036 1094 minoratio
1059 1028 1146 1093 desi·

221 1133 344 1202 quatur,
367 1139 405 1184 eo
432 1118 515 1206 quod
539 1121 693 1185 invenitur
726 1119 841 1206 aliquid
877 1119 1049 1205 producere
1083 1118 1146 1182 sibi

156 1274 162 1290 ,
222 1207 322 1271 simile
347 1219 376 1271 et
400 1207 528 1294 aequale
563 1209 734 1274 seeundum
758 1223 898 1274 naturam
922 1222 952 1272 et
987 1207 1145 1272 virtutem.

223 1295 417 1381 Relinquitur
441 1297 532 1381 igitur
554 1297 637 1385 quod
661 1299 783 1362 divinae
808 1316 959 1383 personae
996 1296 1145 1380 distingui

221 1404 286 1449 non
311 1398 439 1470 possunt
462 1386 518 1450 nisi
542 1387 736 1477 oppositione
761 1386 886 1450 relatiua
912 1385 1084 1449 seeundum
1110 1405 1148 1448 o·

222 1473 365 1556 riginern.
390 1472 517 1560 Oportet
540 1477 647 1562 igitur,
669 1477 694 1540 si
709 1474 841 1562 Spiritus
863 1475 992 1540 Sanctus
1025 1493 1042 1537 a
1066 1472 1149 1537 Filio

222 1559 428 1646 distinguitur,
451 1564 532 1650 quod
556 1565 594 1630 sit
616 1565 657 1629 ab
680 1585 729 1640 eo;
752 1583 817 1628 non
849 1563 933 1626 euim
971 1575 1016 1625 est
1037 1561 1146 1626 dicere

225 1651 309 1735 quod
335 1651 427 1716 Filius
439 1654 477 1716 sit
492 1673 508 1715 a
525 1653 639 1739 Spiritu
652 1652 776 1726 Sancto,
788 1671 858 1716 cum
870 1650 1000 1736 Spiritus
1012 1649 1148 1715 Sanctus

224 1738 324 1822 magis
348 1738 414 1803 Ftlii
437 1759 503 1804 esse
527 1742 647 1806 dieatur
668 1755 698 1804 et
722 1762 739 1804 a
763 1740 840 1804 Filio
863 1741 963 1803 detur.

292 1827 381 1901 ltem,
404 1848 421 1891 a
444 1827 534 1893 Patre
557 1845 604 1894 est
626 1843 656 1894 et
680 1829 774 1894 Filius
797 1841 828 1893 et
849 1827 980 1916 Spiritus
1001 1825 1145 1893 Sanetus.

224 1912 353 2000 Oportet
376 1916 468 2000 igitur
492 1917 614 1984 Patrem
638 1917 745 1983 referri
776 1918 867 1982 etad
904 1916 1013 1981 Filium
1048 1928 1079 1978 et
1101 1916 1144 1980 ad

222 2004 372 2089 Spiritum
395 2005 556 2085 Sanctum,
573 2024 604 2073 ut
617 2009 801 2095 principium
825 2008 864 2071 ad
889 2007 920 2071 id
948 2006 1030 2091 quod
1054 2018 1099 2069 est
1125 2029 1145 2070 a
1221 2001 1223 2090 Ι

220 2093 381 2180 principio.
407 2094 548 2159 Refertur
572 2110 675 2161 autem
699 2097 737 2161 ad
764 2096 876 2160 Filium
900 2097 1018 2159 ratione
1042 2108 1144 2181 pater·

221 2182 335 2261 uitatis,
359 2196 536 2248 nonautem
560 2185 599 2250 ad
622 2186 769 2271 Spiritum
794 2183 951 2261 Sanctum,
973 2183 1044 2268 quia
1068 2196 1145 2248 tunc

222 2269 353 2356 Spiritus
376 2271 505 2337 Sanetus
528 2290 608 2339 esset
630 2275 723 2347 lilius;
761 2274 927 2361 paternitas
959 2272 1043 2335 enim
1077 2291 1143 2335 non

222 2358 333 2425 dieitur
356 2361 412 2425 nisi
436 2362 474 2425 ad
498 2360 606 2427 lilium.
631 2360 760 2450 Oportet
783 2363 875 2447 igitur
897 2362 929 2424 in
957 2360 1047 2424 Patre
1069 2378 1143 2424 esse

222 2447 314 2511 aliam
337 2448 530 2529 relationem,
554 2472 614 2537 qua
639 2451 791 2517 releratur
812 2452 851 2515 ad
889 2449 1037 2535 Spiritum
1063 2448 1142 2511 San-

223 2548 318 2615 ctum,
341 2549 371 2601 et
394 2540 503 2625 (quae)
527 2554 654 2606 uocetur
675 2542 810 2628 spiratio.
833 2540 989 2623 Similiter,
1012 2556 1083 2602 eum
1106 2538 1142 2600 in

224 2624 304 2689 Filio
323 2623 363 2689 sit
385 2628 538 2709 quaedam
563 2630 670 2694 relatio
693 2648 753 2714 qua
776 2628 907 2693 reiertur
944 2627 984 2691 ad
1007 2626 1144 2704 Patrem,

226 2733 306 2797 quae
329 2713 441 2779 dicitur
462 2715 578 2796 filiatio,
602 2732 722 2803 oportet
737 2717 820 2801 quod
846 2719 876 2781 in
899 2715 1013 2802 Spiritu
1026 2714 1142 2779 Sancto
1221 2721 1222 2806 l

226 2802 264 2865 sit
288 2800 379 2866 etiam
404 2804 461 2868 alia
485 2806 592 2871 relatio
615 2825 676 2891 qus
709 2806 860 2869 releratur
882 2806 921 2868 ad
955 2803 1094 2880 Patrem,
1110 2817 1145 2867 et
1221 2855 1222 2860 1

226 2890 337 2975 (quae)
371 2890 489 2958 dicatur
523 2896 687 2981 processio.
711 2893 746 2958 Et
768 2890 1017 2962 sesecundum
1050 2892 1143 2975 origi·

225 2998 298 3042 nem
316 2978 383 3043 Filii
406 3000 422 3043 a
447 2981 537 3046 Patre
559 2995 630 3047 suut
652 2981 734 3046 duae
763 2981 936 3059 relationes,
968 2998 1030 3045 uua
1052 2981 1083 3043 in
1106 3000 1143 3044 o-

224 3069 387 3152 riginante,
410 3069 469 3135 alia
493 3072 522 3134 iu
547 3072 711 3155 originato,
733 3071 848 3135 seilicet
868 3072 1032 3157 paternitas
1052 3083 1083 3133 et
1105 3069 1143 3132 tt-

223 3156 318 3234 liatio;
334 3171 363 3221 et
387 3157 464 3221 aliae
477 3158 557 3224 duae
581 3178 617 3223 ex
632 3173 719 3245 parte
741 3160 870 3244 originis
882 3159 1012 3245 Spiritus
1026 3158 1141 3233 Sancti,

224 3246 340 3311 scilieet
363 3247 488 3333 spiratio
516 3260 548 3312 et
581 3249 747 3334 processio.
784 3248 953 3313 Paternitas
986 3244 1078 3331 igitur
1110 3262 1142 3312 et

224 3336 349 3420 spiratio
373 3356 435 3400 uon
459 3338 650 3401 constituunt
671 3337 750 3401 duas
774 3356 931 3424 personas,
954 3334 1009 3401 sed
1034 3334 1072 3397 ad
1106 3356 1142 3398 u-

221 3426 295 3486 nam
313 3444 476 3509 personam
501 3425 598 3489 Patris
638 3426 801 3512 pertinent,
824 3427 895 3510 quia
931 3444 994 3488 non
1028 3423 1142 3487 habeut

226 3511 453 3596 oppositionem
478 3514 516 3577 ad
540 3514 684 3578 invicem.
708 3513 814 3599 Neque
849 3514 940 3599 igitur
973 3509 1077 3577 liliatio
1112 3526 1144 3577 et
