2484 3975
412 249 467 296 trs.
491 249 530 298 rr.
553 249 617 296 car.
639 249 699 296 xrs.
987 231 1032 300 dli

112 317 263 394 tellectus,
280 331 313 386 ut
328 337 420 406 supra
433 332 590 384 ostensura
606 333 662 393 eat,
674 317 730 384 sed
742 317 882 403 voluntas
905 317 962 386 Dei
984 334 1034 388 est

112 407 252 494 ipsaejus
260 407 439 484 substantia3
451 421 482 471 et
492 427 564 472 cuna
573 407 744 472 intellectus
751 409 842 472 etiarn
855 409 913 472 Dei
919 411 1033 496 sitipsa

110 495 179 582 ejus
201 495 379 574 substantia,
404 495 542 582 sequitur
564 496 648 582 quod
672 515 733 562 una
756 516 806 562 res
827 496 941 563 sintin
964 498 1032 566 Deo
1060 501 1072 510 ’

111 583 284 652 intellectus
307 597 337 648 et
361 582 513 650 voluntas.

178 672 317 754 Qualiter
339 685 442 737 autern
466 672 542 738 ltaec
564 672 699 758 quaein
722 671 789 738 aliis
811 672 904 739 rebus
927 672 1033 759 plures
1113 732 1117 739 ,

111 779 161 826 res
183 774 254 826 sunt
276 761 307 826 in
330 760 397 826 Deo
420 762 479 832 sint
502 782 563 827 una
587 782 646 838 res,
667 782 704 826 er
729 761 869 848 hisquae
884 762 916 828 in
930 764 1032 850 primo

111 848 192 916 libro
215 849 293 914 dicta
318 861 390 914 sunt
412 863 510 935 potest
533 871 601 915 esse
625 848 835 915 manifestum.

178 939 224 1011 tta,
247 938 318 1023 quia
342 951 499 1004 ostensum
522 953 568 1004 est
589 938 625 1024 (l.
651 939 681 1017 l,
703 960 730 1004 e.
754 939 812 1025 52)
836 939 919 1024 quod
957 959 1032 1026 ope-
1120 965 1123 969 ²

111 1027 190 1092 ratio
213 1027 270 1091 Dei
293 1025 333 1092 sit
354 1027 419 1114 ipsa
443 1027 510 1112 ejus
531 1028 674 1105 essentia,
696 1040 727 1092 et
749 1029 881 1093 esscmia
903 1029 942 1092 sit
963 1029 1032 1115 ejus

110 1114 267 1194 voluntas,
288 1117 425 1202 sequitur
447 1117 531 1200 quod
554 1118 584 1182 in
608 1117 676 1182 Deo
705 1137 767 1182 non
805 1130 852 1182 eat
890 1118 1032 1184 voluntat

109 1204 281 1270 secundum
306 1206 473 1292 potentiana
498 1205 546 1271 vel
582 1205 735 1281 habitum,
768 1205 824 1272 sed
842 1205 1031 1273 -aeoundum

108 1306 223 1358 ¹actum.
246 1290 412 1358 Ostensum
435 1307 482 1358 εει
505 1307 609 1358 autem
633 1294 720 1379 quod
742 1294 844 1360 omnis
866 1307 953 1360 actus
975 1317 1031 1361 vo-

110 1380 234 1446 luntatis
257 1383 288 1447 in
312 1401 419 1448 amore
441 1380 605 1449 radicatur.
632 1382 720 1448 Unde
741 1397 862 1472 oportet
884 1383 968 1469 quud
997 1384 1031 1452 iu

108 1465 177 1536 Deo
196 1471 236 1541 sit
256 1490 353 1535 antor.
726 1521 730 1528 .

177 1558 212 1625 Et
224 1560 306 1644 quia,
322 1559 397 1624 utin
411 1558 512 1646 prirno
527 1558 607 1625 libro
622 1573 781 1626 ostensum
797 1571 855 1638 εει,
870 1560 1032 1648 proprium

106 1645 265 1733 objectum
290 1648 412 1712 divinae
436 1647 600 1714 voluntatis
622 1662 668 1714 εει
691 1647 759 1734 ejus
780 1649 1030 1728 bonitas‚ucces·

107 1755 144 1802 se
166 1749 212 1800 est
237 1736 322 1822 quod
344 1736 429 1800 Deus
452 1737 554 1824 primo
577 1751 607 1801 et
630 1736 838 1824 principaliter
863 1759 951 1803 suam
974 1739 1030 1804 bo·

110 1824 237 1890 nitatem
261 1837 291 1888 et
313 1825 448 1912 seipsum
472 1839 564 1890 amet.
587 1825 665 1894 Cum
685 1840 789 1892 autem
811 1839 968 1892 ostensum
990 1828 1031 1894 sit

107 1911 196 2000 quod
219 1928 355 1978 umatum
379 1931 505 1979 neeesse
521 1927 569 1980 est
592 1913 765 2001 aliqualiter
787 1935 855 1980 esse
878 1914 1031 1982 involun-

112 2015 173 2067 tate
188 2003 329 2080 amantis,
351 2002 417 2088 ipse
439 2016 543 2069 autem
555 2004 641 2071 Deus
664 2005 801 2091 seipsum
816 2017 1031 2081 ametueces·

110 2111 145 2156 ae
168 2104 213 2155 εει
236 2090 319 2176 quod
343 2090 408 2177 ipse
431 2090 514 2157 Deus
537 2094 576 2159 sit
599 2094 630 2158 in
652 2113 707 2159 sua
731 2091 1031 2161 volumateutama·

111 2195 178 2245 tum
201 2177 232 2243 in
256 2194 390 2245 amante.
413 2179 463 2245 Est
485 2194 589 2247 autem
612 2195 750 2247 amatum
773 2184 804 2247 in
827 2195 952 2248 amante
980 2204 1031 2249 se·

109 2266 247 2334 cundum
270 2268 353 2353 quod
377 2282 508 2347 amatur3
531 2290 636 2335 amare
651 2283 756 2336 autern
781 2270 939 2357 quoddam
952 2272 1031 2341 velle

110 2355 270 2433 estevelle
291 2371 395 2421 autem
418 2356 475 2421 Dei
498 2371 544 2423 est
566 2357 632 2443 ejus
655 2359 822 2438 esse‚sicut
844 2372 875 2423 et
890 2360 1030 2429 voluntas

111 2446 178 2529 eius
200 2457 247 2509 εει
268 2442 425 2529 ejusesse.
448 2446 521 2513 Esse
544 2448 636 2531 igitur
658 2446 716 2511 Dei
740 2448 771 2512 in
794 2447 951 2515 uoluntate
973 2470 1031 2518 atta

109 2552 167 2622 pet·
193 2532 322 2599 modurn
345 2532 460 2599 amoris
483 2554 547 2599 non
569 2547 615 2599 εει
637 2554 705 2600 εεεε
728 2536 929 2612 accidentale,
952 2537 1032 2605 sicut

110 2623 141 2688 in
173 2622 272 2700 nobis,
294 2621 351 2687 sed
373 2622 543 2687 essentiale.
570 2622 659 2687 Unde
680 2636 802 2710 oportet
824 2626 910 2710 quod
934 2625 1030 2707 Deus,

111 2710 287 2778 seeundum
320 2709 405 2797 quod
440 2710 652 2778 consideratur
673 2726 708 2777 ut
730 2713 764 2777 iu
786 2733 843 2777 sua
876 2714 1032 2785 rotunutc

110 2801 254 2877 existens,
276 2800 314 2865 sit
336 2820 408 2866 vere
430 2813 461 2865 et
482 2800 723 2867 substantialiter
744 2800 843 2867 Deus.
862 2853 864 2856 .

178 2887 269 2971 Quod
291 2902 394 2954 autern
418 2888 538 2977 aliquid
556 2892 594 2957 sit
616 2890 651 2954 iu
671 2888 827 2955 voluntate
842 2902 875 2956 ut
891 2906 1029 2960 amatum

110 2978 142 3044 in
166 2990 298 3057 amante,
321 2978 462 3043 ordinem
484 2978 652 3066 quemdam
675 2978 769 3044 habet
790 2978 830 3044 ad
852 2984 1029 3069 conceptio·

111 3086 184 3133 uem
207 3086 267 3153 qua
291 3065 331 3131 ab
354 3067 509 3134 intellectu
532 3067 703 3154 coneipitur
724 3080 756 3155 et
777 3066 817 3132 ad
839 3068 938 3154 ipsam
960 3090 1030 3138 rem

114 3153 203 3240 nujus
225 3154 436 3221 intellectualis
459 3156 619 3242 conceptio
642 3155 753 3221 dicitur
785 3156 927 3236 uerbum3
964 3180 1028 3225 non

102 3246 195 3309 enim
218 3255 374 3310 amaretur
396 3243 522 3331 aliquid,
544 3244 603 3309 uisi
626 3244 728 3331 aliquo
752 3245 846 3310 modo
861 3266 1029 3331 cognoscc-

111 3344 207 3411 retur3
230 3352 287 3398 nec
302 3331 403 3397 solum
425 3334 518 3397 amati
540 3333 677 3419 cognitio
698 3345 830 3412 amatur,
845 3334 901 3399 sed
916 3354 1028 3403 secun·

110 3420 187 3487 dum
209 3420 293 3507 qnod
316 3419 347 3484 in
369 3440 403 3487 se
426 3421 543 3499 bonum
559 3435 614 3487 est.
630 3421 764 3489 Necesse
777 3424 1028 3511 cst-igiturquod

110 3529 199 3579 antor
221 3530 284 3598 quo
305 3508 390 3578 Deua
413 3523 458 3579 est
480 3511 514 3580 iu
537 3510 693 3583 uolmtate
714 3510 820 3583 divina
837 3527 1027 3595 ¹utauactuur
