2484 3975
217 224 284 291 aad
541 242 597 286 ato.
623 241 660 287 tr.
684 241 748 286 car.
772 238 829 285 arv.

219 310 452 401 propterquod
476 309 628 385 ridemus,
651 323 720 397 post
754 307 865 375 Christi
899 305 1164 372 incarnationem

218 401 392 468 evidentius
413 414 446 464 et
467 399 580 464 certius
603 399 746 464 homines
770 400 801 463 in
825 396 926 462 divina
965 395 1162 480 cognitione

219 511 288 557 esse
313 489 488 566 instructos,
508 487 681 554 secuudum
705 487 789 554 illud:
826 486 957 570 [inpleto
989 496 1036 550 eat
1061 497 1163 552 terra

222 579 353 644 amentio
376 577 511 653 Domini,
535 577 613 654 lsai,
632 577 683 654 ll,
706 580 737 642 9.

287 667 375 742 ltern,
398 665 476 732 Cum
500 665 657 730 beatitudo
683 665 817 731 bominis
840 662 975 749 perfecta
992 663 1023 728 in
1042 663 1159 729 divina

218 755 364 822 fruitione
392 754 548 830 consistat,
582 755 718 840 oportuit
753 754 895 818 affectum
935 752 1070 818 hominis
1112 753 1158 818 ad

222 844 412 912 desiderium
435 842 558 908 divinae
581 842 732 908 fruitionis
757 843 889 928 disponi,
912 840 1157 907 sicutvidemus

218 933 336 998 bomini
363 930 560 997 beatitudinis
586 931 775 997 desiderium
814 929 994 996 naturaliter
1030 931 1156 996 inesse.

221 1021 417 1086 Desiderium
441 1034 545 1086 autern
570 1018 720 1085 fruitionis
744 1017 873 1104 alicujus
897 1018 940 1084 rei
975 1039 1013 1084 ert
1036 1039 1156 1084 amore

223 1108 305 1174 illius
328 1112 371 1174 rei
395 1123 547 1174 causatur.
571 1108 788 1174 Necessarium
824 1107 917 1192 igitur
952 1106 1008 1173 fuit
1046 1107 1156 1173 homi·

223 1219 306 1276 uem,
338 1198 377 1262 ad
416 1196 583 1283 perfectam
619 1197 841 1262 beatitudinem
880 1195 1070 1274 tendentem,
1111 1195 1155 1262 ad

223 1307 363 1352 amorem
386 1287 524 1352 divinum
548 1285 662 1352 induci.
686 1285 767 1350 Nihil
790 1299 894 1350 autem
932 1285 975 1358 sio
996 1285 1036 1350 ad
1061 1307 1154 1350 atno-

223 1396 289 1442 retn
315 1375 446 1460 alicujus
469 1395 527 1440 nos
549 1373 667 1440 inducit
688 1375 768 1440 sicut
790 1374 1036 1459 experimentum
1063 1395 1155 1439 amo·

223 1466 264 1530 ris
288 1465 368 1528 illius
392 1464 430 1528 ad
455 1484 521 1528 nos.
546 1465 640 1528 Amor
664 1475 767 1528 autem
781 1463 838 1527 Dei
855 1462 1155 1528 adbominesnullo

224 1553 320 1618 modo
343 1551 496 1618 efficacius
520 1552 639 1618 homini
677 1552 774 1636 potuit
811 1550 1014 1616 demonstrari
1053 1573 1153 1638 quarn

223 1662 280 1728 per
304 1643 363 1707 boc
385 1642 470 1726 quod
495 1640 615 1706 bomini
642 1641 721 1706 uniri
746 1639 842 1706 voluit
871 1640 901 1705 in
926 1660 1067 1728 perseum
1103 1653 1155 1706 est

223 1732 307 1795 enirn
331 1731 492 1816 proprium
510 1729 625 1793 amoris
649 1729 729 1794 uniri
754 1742 910 1795 amantem
933 1748 1004 1794 cunt
1033 1741 1156 1807 amato,

226 1821 409 1904 inquantum
445 1817 591 1905 possibile
625 1831 683 1882 est.
719 1817 933 1883 Necessarium
969 1817 1062 1900 igitur
1095 1815 1158 1882 fuit

226 1908 355 1984 laomim,
377 1907 415 1971 ad
440 1905 662 1972 beatitudiuem
687 1905 854 1995 perfectam
879 1906 1026 1985 tendenti,
1065 1906 1156 1993 quod

227 1997 313 2063 Deus
337 1997 424 2061 lieret
447 1996 552 2061 bomo.
603 2043 606 2050 .

291 2084 439 2172 Amplius,
463 2084 540 2150 Cum
564 2083 699 2149 amicitia
730 2085 761 2150 iu
797 2082 931 2169 quadam
968 2083 1157 2170 aequalitate

224 2176 380 2251 consistat,
403 2193 438 2237 ea
463 2194 543 2259 quae
568 2172 702 2242 multum
727 2172 898 2259 inaequalia
922 2187 994 2237 sunt
1018 2175 1048 2237 in
1073 2174 1154 2238 arui-

225 2263 295 2329 citia
319 2261 455 2349 copulari
480 2282 542 2327 non
566 2282 658 2347 posse
698 2261 848 2327 videntur.
885 2261 929 2326 lld
965 2262 1024 2327 boc
1059 2261 1157 2345 igitur

224 2352 309 2438 quod
335 2351 515 2417 faritiliarior
549 2350 683 2415 amicitia
719 2365 798 2415 esset
835 2351 914 2415 inter
938 2350 1099 2415 bominem
1121 2364 1154 2415 et

225 2440 338 2519 Deum,
367 2440 535 2525 expediens
573 2438 629 2503 fuit
669 2439 787 2504 homini
822 2439 905 2525 quod
944 2438 1029 2503 Deus
1065 2438 1154 2504 lieret

226 2530 332 2605 ltomo,
354 2535 427 2615 quia
450 2530 543 2593 etiam
567 2528 746 2593 naturaliter
770 2529 866 2594 borno
889 2528 1007 2592 bomini
1035 2529 1152 2605 atnious

225 2632 282 2696 est,
305 2632 339 2683 ut
361 2620 414 2693 sic,
439 2617 513 2682 dum
537 2616 696 2681 visibiliter
730 2616 832 2683 Deum
871 2616 1099 2702 cognoscimus,
1120 2615 1151 2681 in

224 2707 430 2773 invisibilium
454 2726 593 2771 amorem
617 2706 786 2791 rapiamur.

293 2796 440 2861 Similiter
462 2796 555 2860 etiam
580 2792 779 2859 manifestum
802 2792 953 2879 estquod
982 2792 1152 2860 ‘beatitudo

226 2884 345 2950 uirtutis
369 2897 414 2949 est
440 2884 625 2969 praemium.
650 2880 778 2969 Oportet
802 2883 896 2966 igitur
925 2882 964 2947 ad
993 2883 1153 2949 beatitudi-

225 2994 300 3039 nem
340 2972 505 3038 tendentes
542 2971 716 3037 secuudum
753 2972 899 3035 virtutem
938 2972 1071 3057 disponi.
1110 2971 1153 3036 lld

227 3062 371 3129 uirtutem
396 3074 500 3125 autern
524 3074 555 3125 et
579 3060 678 3125 verbis
703 3074 733 3125 et
757 3060 907 3148 exemplis
938 3080 1152 3145 provocantur;

226 3152 369 3239 enetnpla
392 3164 495 3215 autem
526 3148 655 3233 alicujus
695 3161 725 3213 et
749 3148 842 3213 verba
882 3162 967 3213 tanto
1001 3148 1152 3214 efficacius

230 3241 269 3305 ad
293 3244 437 3305 virtutem
461 3236 611 3303 inducunt
634 3249 750 3323 quanto
773 3236 813 3301 de
835 3257 874 3301 eo
912 3237 1031 3302 firmior
1067 3237 1151 3303 boui·

226 3330 297 3393 tatis
321 3330 452 3394 babetur
475 3327 589 3411 opinio.
614 3325 661 3389 De
683 3326 771 3390 ‘nullo
795 3338 898 3391 autern
924 3327 1051 3390 bomine
1075 3345 1150 3410 puro

228 3416 397 3481 infallibilis
420 3417 525 3500 opinio
550 3414 693 3480 bonitatis
706 3414 812 3480 baberi
828 3427 958 3499 poterat,
974 3416 1047 3500 quia
1060 3413 1150 3479 etiarn

227 3503 414 3576 sanctissimi
438 3502 494 3569 viri
518 3504 549 3569 in
572 3502 727 3591 aliquibus
762 3503 960 3570 inueniuntur
994 3501 1151 3569 defecisse.
