2484 3975
214 216 256 281 22
520 218 527 225 ’
557 240 613 285 tin.
636 242 675 287 tu.
699 240 762 287 uta.
779 242 809 286 u.

193 296 242 383 a,
266 306 318 381 50;
341 305 371 370 in
395 326 457 393 quo
480 328 587 377 rursus,
608 312 768 377 associatio
790 322 820 374 et
843 309 994 395 quaedam
1018 302 1126 377 distin·
1234 339 1235 368 ι

210 396 270 462 etio
295 394 480 481 designatur.
503 396 621 464 Dicitur
644 401 746 465 etiam:
771 400 884 463 Donttd
918 401 1001 465 ludo
1035 401 1126 465 mise-

208 484 310 562 rebor,
333 496 362 549 et
385 486 511 551 salvabo
534 507 584 551 eos
606 492 639 551 in
663 489 793 554 Domino
816 487 880 552 Deo
916 508 981 565 suu,
1015 486 1126 566 0seae,

211 574 242 648 l,
266 575 297 650 7;
322 573 372 638 ubi
395 572 479 641 Deus
503 576 592 642 Pater
615 576 656 641 de
688 576 851 642 salvandis·
873 578 904 642 in
942 578 1009 642 lieo
1047 577 1125 643 Filio

208 663 328 750 populis
352 662 495 749 loquitur,
517 665 604 749 quasi
627 664 667 729 de
688 684 818 752 persona
847 686 864 730 a
902 686 937 731 se
974 666 1125 745 distinete,
1234 721 1235 724 ,

209 770 288 835 quae
321 751 378 816 Dei
415 754 539 817 nomine
577 753 669 837 digna
693 754 833 819 habetur.
867 755 985 820 Dicitur
1020 755 1124 825 etiami

207 840 372 906 Faciamus
394 841 544 905 demittent
567 843 611 905 ud
631 843 797 925 inopinem
826 855 857 907 et
891 844 1124 908 similitudinem

207 942 358 1005 nostrum,
381 928 467 1003 Gen,
492 930 521 1007 1,
545 930 598 1008 363
621 932 652 995 in
675 951 737 1014 uuo
760 952 902 1017 expresse
924 931 1080 1018 pluralitas
1092 945 1123 997 et

207 1017 360 1083 distinctio
397 1016 573 1082 facientium
612 1020 770 1084 hominem
803 1020 990 1104 designatum
1026 1020 1122 1084 homo

206 1120 308 1172 autem
346 1126 401 1193 per
436 1106 646 1192 Scripturasa
680 1107 747 1173 solo
780 1108 847 1172 lieo
879 1109 1020 1173 conditus
1052 1128 1120 1175 esse

206 1196 341 1260 docetur.
365 1194 399 1258 Et
422 1195 465 1261 sie
488 1194 544 1259 Dei
568 1196 666 1261 Patris
688 1210 718 1261 et
741 1197 798 1261 Dei
821 1196 887 1260 Filii
911 1197 1066 1282 pluralitas
1089 1210 1121 1263 et
1234 1259 1235 1270 ,

205 1284 358 1348 distinetio
391 1282 457 1361 luit,
491 1286 583 1349 etiam
619 1299 690 1349 aute
723 1284 832 1350 Christi
869 1285 1122 1352 incarnationem.
1234 1291 1235 1348 ἒ

204 1372 272 1437 Non
296 1374 387 1457 igitur
410 1373 476 1459 ipse
498 1373 588 1438 Pater
610 1374 703 1439 Filius
726 1374 837 1440 dieitur
873 1388 999 1461 propter
1021 1377 1124 1439 ineat-

203 1462 333 1527 nationis
357 1462 546 1547 mysterium.

268 1550 416 1637 Amplius,
454 1550 531 1616 Vere
568 1549 673 1615 filiatio
710 1550 749 1616 ad
786 1552 887 1638 ipsum
925 1552 1117 1638 suppositum

203 1640 334 1725 pertinet
355 1638 495 1725 ejusqui
520 1640 630 1704 dieitur
664 1640 757 1716 lilius3
791 1662 851 1705 non
891 1644 974 1704 enim
1007 1660 1121 1705 manus

204 1728 252 1791 vel
276 1748 329 1813 pes
356 1728 489 1793 hominis
511 1728 665 1792 filiationis
686 1748 801 1793 nomen
839 1730 962 1815 proprie
999 1730 1118 1815 ancipit,

202 1815 257 1879 sed
280 1817 345 1901 ipse
369 1817 474 1894 homo,
497 1816 583 1901 eujus
607 1818 664 1881 ista
687 1831 758 1882 sunt
781 1832 891 1903 partes.
926 1817 1119 1883 Paterniana

203 1918 305 1968 autern
329 1918 359 1969 et
381 1904 535 1970 filiationis
558 1908 683 1969 nomina
706 1906 933 1970 distinctionem
957 1908 1119 1992 requirunt

201 1996 232 2060 in
256 1994 314 2059 illis
337 1995 376 2058 de
398 1996 509 2080 quibus
531 1994 685 2068 dicuntur,
708 1998 785 2059 sieut
806 2011 836 2059 et
851 2015 1003 2078 generans
1025 2011 1054 2059 et
1066 2015 1119 2078 ge·
1234 2031 1236 2051 2

202 2085 311 2147 nitum.
336 2081 462 2170 Oportet
489 2084 581 2167 igitur
604 2084 629 2147 si
647 2084 755 2168 aliquis
789 2104 860 2148 vere
894 2085 1003 2149 dieitur
1034 2084 1120 2150 lilius

202 2171 284 2256 quod
308 2172 465 2258 supposito
487 2193 504 2236 a
527 2185 612 2257 patre
636 2171 850 2252 distinguatur.
865 2171 1001 2238 Christus
1013 2186 1117 2238 autem

199 2279 270 2325 vere
294 2275 339 2324 est
362 2261 418 2325 Dei
443 2260 532 2335 iilius3
556 2259 783 2325 diciturenim:
811 2262 850 2324 llt
870 2262 969 2325 simus
990 2263 1023 2325 in
1043 2282 1116 2326 uero
1234 2314 1236 2345 p

197 2352 262 2437 filio
285 2350 441 2434 ejaatesu,
456 2350 587 2426 Christo,
612 2351 626 2414 1
652 2351 751 2423 loen,
775 2347 1121 2436 duldiiportetigitur·

197 2441 280 2524 quod
303 2438 440 2505 Christus
473 2439 511 2502 sit
533 2441 693 2524 supposito
714 2439 872 2504 distinctus
894 2459 911 2502 a
935 2438 1034 2516 Patre;
1051 2459 1118 2503 non
1234 2450 1235 2465 ³

196 2529 289 2615 igitur
310 2528 374 2616 ipse
397 2528 486 2593 Pater
508 2540 554 2591 est
582 2527 684 2593 Filius.
1114 2579 1117 2583 .
1171 2600 1175 2605 ¹

263 2619 379 2698 Adhuo,
403 2617 475 2682 Post
496 2617 713 2684 incarnationis
736 2618 927 2704 mysterium,
950 2615 1039 2680 Pater
1072 2615 1114 2680 de

197 2707 273 2771 Filio
300 2720 501 2792 protestatur:
541 2706 599 2770 Hie
635 2719 685 2770 est
717 2708 816 2772 Filius
838 2725 923 2769 metu
960 2706 1114 2779 dilectus,

197 2795 313 2868 Marta„
337 2797 367 2869 5,
392 2797 442 2859 17.
467 2795 546 2860 llaec
569 2807 671 2858 autem
695 2794 914 2860 demonstratio
937 2793 976 2856 ad
998 2811 1114 2879 suppo-

196 2886 288 2950 situm
312 2883 452 2960 refertum
475 2884 612 2949 Christus
628 2884 718 2967 igitur
734 2883 904 2948 seeundum
919 2885 1113 2968 suppositum

196 2985 242 3040 est
263 2973 339 3038 alius
361 2993 378 3036 a
401 2973 499 3037 Patre.

260 3061 300 3126 Ea
324 3081 396 3126 vero
419 3061 527 3146 quibus
549 3060 700 3126 Sabellius
722 3079 811 3124 suam
849 3060 1030 3146 positionem
1065 3057 1112 3122 ni·

193 3152 265 3215 titur
287 3151 471 3215 conlirmare
494 3151 524 3214 id
548 3151 631 3235 qtrod
670 3149 799 3214 intendit
830 3168 894 3213 uon
931 3148 1111 3225 ostendunt,

191 3252 225 3303 ut
248 3239 325 3304 inlra
350 3245 361 3317 (
375 3260 401 3303 e.
425 3239 472 3323 9)
495 3238 614 3324 plenius
637 3238 824 3302 ostendetur.
848 3237 915 3301 Non
946 3239 1029 3301 euim
1053 3255 1112 3322 per

189 3328 249 3393 ltoo
272 3326 355 3414 quod
378 3329 461 3392 Deus
484 3342 530 3393 est
559 3347 639 3390 unus
676 3327 725 3390 vel
757 3327 841 3413 quod
881 3326 970 3390 Pater
1007 3337 1052 3390 est
1074 3324 1108 3388 in

192 3413 268 3480 Filio
306 3431 343 3480 et‘
371 3417 463 3480 Filius
501 3417 530 3479 in
566 3415 666 3490 Patre,
690 3414 820 3480 habetur
841 3415 926 3499 quod
960 3414 1053 3478 Filius
1076 3425 1110 3476 et

189 3503 280 3566 Pater
302 3505 361 3567 sint
385 3523 479 3567 unum
514 3502 681 3587 supposito;
716 3516 815 3588 potest
852 3504 936 3567 enim
969 3503 1106 3568 duorum

190 3591 348 3682 supposito
370 3590 581 3657 distinctorum
604 3590 706 3675 aliqua
730 3593 829 3658 unitas
852 3611 929 3659 esse.
