2484 3975
425 249 481 296 ιιι.
506 252 545 297 rt.
570 249 633 296 cir.
657 249 702 294 cv.

435 406 605 473 CAPUT
639 406 698 473 tv.

190 585 312 655 Salutio
334 583 488 648 rationein
511 603 608 667 supro
631 582 808 666 positurum
831 595 939 648 contro

309 672 554 738 convenientiam
575 673 809 737 incarnationis.

168 850 210 916 Ea
234 869 308 914 nero
331 868 411 935 quae
434 861 541 912 contra
566 845 627 925 boc
650 848 791 934 nuperius
805 861 874 912 tunt
889 849 1028 936 opposita

103 961 167 1006 non
191 938 317 1003 difficile
340 951 386 1002 eit
408 936 539 1001 soluere.

170 1027 239 1092 Non
263 1028 346 1090 enim
369 1039 415 1090 cat
438 1025 626 1090 contrarium
651 1024 751 1089 ordini
782 1045 887 1090 rerum
927 1024 1028 1091 Deum

100 1118 261 1182 bominem
298 1114 374 1192 fieri,
399 1128 432 1178 ut
466 1115 566 1200 prima
605 1114 683 1177 ratio
723 1115 922 1200 procedebat;
945 1117 1028 1201 quia,

99 1208 239 1290 quamtis
261 1217 368 1268 natura
392 1202 493 1267 divina
518 1202 548 1266 iu
573 1201 727 1266 infinitum
753 1217 892 1267 naturam
918 1204 1028 1269 buma-

102 1293 323 1369 nametccdat‚
346 1306 448 1357 tamen
473 1291 569 1355 bomo
592 1289 765 1355 secundum
788 1292 929 1356 ordinem
953 1313 1028 1358 suae

101 1397 231 1447 naturae
254 1380 347 1445 habet
371 1382 471 1466 ipsum
496 1380 597 1443 Deum
625 1399 680 1466 pro
705 1378 766 1444 fine
788 1377 821 1443 'et
834 1395 982 1446 natusest
997 1382 1030 1446 'ei

100 1491 158 1557 per
180 1469 370 1534 intellectum
393 1469 485 1545 uniri;
508 1467 596 1552 cujus
623 1469 745 1532 unionis
783 1470 961 1556 exemplum
997 1483 1029 1536 et

99 1559 323 1624 documentum
346 1556 504 1643 quoddam
526 1555 586 1620 luit
609 1557 683 1620 unio
708 1556 766 1631 Dei
795 1558 832 1620 ad
867 1559 1027 1624 bominem

100 1649 131 1712 itt
158 1667 301 1734 persona,
323 1659 442 1710 serrata
468 1660 570 1710 tamen
597 1645 784 1731 proprietate
798 1647 957 1733 utriusque
973 1667 1028 1712 na·

100 1752 199 1813 turae,
222 1749 256 1800 ut
277 1755 336 1798 nec
359 1733 561 1798 excellentiae
584 1734 707 1798 divinae
748 1749 876 1799 naturae
912 1736 1027 1823 aliquid

32 1875 35 1884 .
101 1825 256 1911 deperiret
278 1843 336 1888 nec
359 1823 494 1888 bumana
519 1837 627 1887 natura
654 1843 709 1910 per
732 1823 947 1890 exaltationem
974 1825 1029 1890 ali·

100 1933 195 2001 quarn
219 1925 307 1978 cntra
331 1912 480 1977 terminos
503 1931 578 1974 auae
600 1913 715 2001 speciei
741 1915 924 1979 traheretur.
948 1913 1029 1980 Coto

101 2002 303 2069 siderandum
327 2015 373 2065 est
395 2002 487 2065 ctiam
512 1999 607 2086 quod,
647 2015 771 2089 propter
807 2001 1027 2089 perlectionem

101 2104 133 2157 et
155 2090 402 2156 immobilitatem
426 2089 550 2153 divinae
573 2088 730 2169 bonitatis,
754 2091 832 2156 nibil
869 2092 1027 2177 dignitatis

102 2181 170 2246 Deo
194 2181 314 2265 deperit
336 2198 373 2243 ex
396 2178 455 2242 boc
478 2177 562 2263 quod
586 2180 687 2267 aliqua
711 2194 850 2245 ereatura
864 2196 1027 2267 quaritunr-

102 2288 238 2355 cumque
261 2268 289 2333 ei
312 2268 551 2353 appropinquat,
574 2270 629 2333 etsi
653 2270 712 2333 boo
740 2285 899 2335 creaturae
926 2290 1026 2336 accro-

102 2371 178 2435 ecat3
199 2358 244 2421 sic
266 2357 349 2420 enim
373 2356 446 2441 ipsis
469 2356 618 2423 creaturis
640 2378 728 2422 suam
751 2357 920 2424 bonitatem
943 2380 1026 2425 cotn-

101 2445 337 2531 municatquod
360 2464 398 2509 ex
422 2444 482 2509 boc
505 2444 571 2531 ipae
609 2446 730 2512 nullum
769 2447 900 2533 patiatur
935 2448 1027 2513 detri-

103 2549 259 2599 mentum.
506 2554 508 2557 ·

169 2622 319 2688 Similiter
342 2621 446 2699 etiam,
470 2622 540 2688 licet
562 2622 601 2687 ad
626 2621 730 2687 omnia
746 2620 885 2689 iacienda
902 2624 959 2690 Dei
976 2646 1028 2691 ro-

104 2711 206 2777 luutas
220 2710 359 2783 sufficiat,
386 2722 489 2776 tamen
512 2711 615 2777 divina
640 2710 787 2797 rapientia
810 2714 903 2797 exigit
926 2728 958 2780 ut
981 2734 1028 2779 re·
1057 2708 1059 2713 ’

104 2800 163 2866 bue
185 2799 325 2885 singulis,
347 2799 521 2865 secundum
544 2820 652 2866 earum
690 2808 935 2885 congruentiam,
959 2823 1035 2890 pro-⁴

105 2889 246 2953 rideatur
268 2909 286 2953 a
308 2887 386 2965 De03
409 2888 501 2955 rebus
524 2890 607 2954 enim
624 2887 752 2973 siugulis
765 2892 905 2976 proprias
922 2912 1031 2957 causas

104 2978 324 3042 conuenienter
346 2977 484 3041 instituit.
510 2977 607 3056 Unde,
631 2977 700 3042 licet
724 2976 808 3043 Deus
824 2978 957 3045 solasua
976 3001 1031 3046 ro·

104 3066 222 3131 luntate
245 3063 367 3130 efficere
390 3067 525 3152 potuerit
547 3067 578 3131 in
602 3067 741 3131 bumana
767 3086 882 3151 genere
921 3088 1030 3135 omne·

105 3153 251 3221 utilitates
274 3173 350 3239 quas
373 3173 411 3219 ex
433 3154 491 3219 Dei
515 3156 726 3220 incarnatione
749 3154 882 3222 dicimus
920 3177 1029 3245 prove

104 3244 198 3323 niue,
222 3256 255 3309 ut
277 3242 412 3308 secunda
436 3245 514 3308 ratio
531 3244 734 3330 proponebat,
758 3256 861 3309 tamen
877 3266 1030 3332 congrue·
1069 3326 1071 3329 Ι

106 3333 160 3398 bat
182 3334 337 3398 humanae
360 3345 488 3397 naturae
511 3345 545 3397 ut
568 3331 744 3418 hujusmodi
758 3332 914 3401 ‘utilitates
938 3334 1028 3401 indu·

107 3435 251 3486 ceremur
274 3440 329 3507 per
352 3420 453 3486 licum
478 3421 640 3487 bominem
666 3420 790 3501 iactum,
813 3422 891 3489 sicut
914 3442 951 3491 ex
984 3425 1031 3489 irr-

108 3510 208 3577 ductit
223 3514 274 3597 lc..
288 3508 346 3597 bl)
358 3510 527 3578 rationibus
541 3503 735 3599 aliquatenus
748 3530 897 3601 apparere
920 3526 1030 3602 potest.
