2484 3975
407 233 727 283 mmmm.
974 214 1021 281 Μ

96 318 146 374 tur
168 301 299 372 essentis
323 302 421 380 Petris
444 319 475 371 et
498 307 577 381 Filii,
600 320 631 370 ec
653 306 697 370 sie
734 317 885 370 sneatra
906 323 1014 390 perso·

96 393 205 464 naliter
228 392 443 476 distinguetur,
467 409 617 481 repugnet
641 395 688 459 bis
710 411 791 479 quae
812 393 916 458 dirius
931 392 1015 460 Seri·

95 497 185 573 ptura
206 481 247 548 de
269 480 383 567 Spiritu
407 480 520 549 Sancto
548 483 682 549 tradidit.
1017 510 1020 515 >

149 571 267 638 Dicitur
278 571 362 635 enirn
378 570 461 652 quod
477 571 745 657 SpiritusSsuctus
761 568 890 634 aPotre
899 589 1009 653 procc-

94 660 153 739 dit,
172 660 272 736 donn,
296 658 348 736 15,
371 659 425 738 rt,
440 675 470 726 et
484 660 568 748 quad
591 660 700 745 accipit
716 658 833 736 sFilia,
846 658 944 736 insu,
962 659 1015 738 16,

97 749 150 822 ln
183 748 267 834 quod
302 767 363 813 aon
402 761 502 833 potest
525 750 564 814 de
587 749 690 814 dirius
718 748 850 812 essentia
873 746 1016 833 intelligi,

95 857 168 904 curn
191 835 322 902 essentia
347 835 449 902 divina
472 860 489 904 s
514 838 605 904 Putre
628 859 691 904 non
718 835 867 923 procedet
904 856 963 902 nec
996 857 1015 903 u

95 925 173 992 Filio
197 924 333 1010 accipiet.
358 922 488 1013 Oportet
511 927 603 1011 igitur
626 926 730 992 dicere
763 923 848 1012 qrrad
882 922 1015 1013 Spiritus

96 1010 226 1082 Senatus
248 1013 287 1078 sit
312 1013 479 1080 subsistens
502 1036 643 1102 persana.

162 1103 249 1178 itera,
272 1100 362 1168 Secrs
387 1101 543 1190 Scriptura
567 1102 731 1168 manifeste
753 1100 794 1166 de
808 1099 923 1188 Spiritu
936 1100 1015 1168 Son-

98 1201 149 1258 cto
171 1190 307 1276 loquitur
329 1205 485 1277 remquam
501 1193 541 1258 de
564 1213 696 1278 persons
720 1190 822 1255 divine
846 1189 1014 1257 subsisten-

98 1292 139 1356 te;
163 1278 389 1346 diciturenim:
413 1281 663 1346 Ministrontibns
684 1282 751 1345 illis
772 1277 908 1346 Domino
930 1283 1014 1365 etje·

88 1367 286 1453 jurantibus,
316 1369 393 1433 dicit
415 1371 488 1453 iliis>
510 1370 645 1455 Spiritus
671 1366 813 1435 Sanctus:
847 1365 1015 1454 Seprspate

95 1458 174 1524 nuti
196 1457 335 1522 Paulum
361 1469 392 1522 et
413 1458 608 1535 Barnabam,
631 1459 663 1522 in
687 1478 765 1540 opus
790 1456 834 1520 nd
860 1459 943 1542 quad
963 1479 1016 1522 as·

93 1547 386 1630 sempiterniter.
411 1550 529 1633 Apost,
553 1547 604 1622 lii,
628 1549 660 1622 23
693 1560 724 1611 et
752 1543 842 1609 inira:
879 1546 919 1610 tlt
949 1547 1013 1631 ipsi

95 1636 220 1720 quidem
244 1634 334 1698 missi
356 1655 377 1698 n
403 1635 523 1718 Spiritu
549 1635 672 1712 Sancta,
695 1633 847 1704 abierunt,
870 1634 958 1711 ibid,
980 1636 1013 1714 l;

96 1737 130 1788 et
151 1723 274 1799 dicitur;
296 1722 410 1787 Dicunt
432 1725 578 1807 Apostoli:
603 1724 704 1789 Visum
723 1735 769 1788 est
782 1721 915 1806 Spiritui
933 1724 1013 1790 San-

96 1822 146 1876 cto
168 1823 198 1876 st
219 1810 307 1876 nabis
328 1811 407 1876 nibii
428 1815 514 1878 citra
535 1814 692 1898 imponere
713 1811 800 1878 uobis
822 1813 925 1878 anesis
954 1827 1013 1880 etc.

95 1901 161 1966 Act.
184 1901 287 1986 lppsr.
313 1899 365 1977 rb,
388 1901 442 1979 r&
465 1923 544 1989 quse
578 1903 617 1968 de
652 1901 765 1989 Spiritu
799 1897 912 1968 Sancto
948 1922 1013 1968 ana
1149 1943 1156 1954 ·

94 1989 282 2065 dicerentur,
306 1990 363 2053 nisi
387 2004 466 2057 esset
489 1992 658 2059 subsistens
681 2012 823 2078 persona.
846 1992 898 2057 list
921 1991 1014 2079 igitur

91 2078 225 2166 Spiritus
247 2077 380 2145 Sanctus
402 2080 571 2147 subsistens
595 2101 736 2169 persons.

160 2165 310 2254 Amplius,
337 2165 413 2233 Cum
438 2169 529 2235 Pater
567 2184 598 2235 et
635 2170 730 2235 Filius
767 2169 828 2234 sint
863 2188 1014 2255 personae

92 2252 294 2323 subsistentes
324 2268 355 2319 et
381 2256 505 2323 divinae
539 2272 678 2331 naturae,
715 2256 847 2345 Spiritus
884 2256 1015 2323 Senatus

94 2363 160 2411 nan
183 2358 458 2410 connumeraretur
480 2346 618 2422 eisdem,¹
640 2348 699 2412 nisi
733 2348 799 2432 ipse
833 2359 912 2411 esset
947 2365 1015 2431 per·

94 2450 171 2497 sons
208 2430 378 2497 subsistens
410 2434 440 2499 in
476 2433 577 2499 dirius
613 2448 731 2499 notura.
766 2434 1016 2499 donnumerstur

97 2533 203 2591 erstem
226 2519 356 2597 eisdem,
379 2534 412 2586 ut
437 2535 528 2608 putet,
551 2522 672 2588 dicente
694 2524 830 2588 Domino
845 2521 1014 2608 discipulis:

94 2607 211 2675 Euntes
232 2628 303 2693 erpa
330 2608 434 2675 docete
456 2630 561 2675 omnes
582 2623 696 2696 pentes,
735 2610 928 2693 baptizantes
965 2631 1016 2676 eos

94 2699 130 2763 in
143 2698 265 2762 nomiae
278 2697 395 2776 Patris,
418 2710 447 2767 et
470 2700 553 2777 Filii,
570 2711 599 2765 et
618 2698 753 2785 Spiritus
770 2698 886 2777 Sancti,
897 2698 1016 2777 1111111,

93 2786 149 2863 28,
173 2784 225 2865 19;
248 2799 287 2851 et:
315 2786 427 2853 Gratia
448 2786 576 2855 Domini
597 2792 696 2855 nostri
717 2794 793 2855 tesn
828 2788 952 2866 Cbristi,
985 2801 1018 2854 et

95 2876 233 2943 ebaritas
255 2873 327 2954 Dei,
353 2886 383 2941 et
407 2880 642 2943 communicatio
668 2877 775 2943 Sancti
809 2876 944 2961 Spiritrrs
973 2878 1018 2943 sit

92 2984 163 3031 curn
185 2964 325 3031 omnibu
347 2964 477 3045 sabini
499 2965 580 3041 Con,
599 2966 1017 3049 13,15;ettl'rsssantprd

94 3053 305 3119 testimoninm
327 3055 406 3119 dant
431 3059 463 3121 in
486 3056 585 3121 caelo:
609 3055 714 3126 Pater,
747 3055 889 3135 Verbum,
903 3052 1016 3137 rtSpi·

91 3143 173 3207 ritus
196 3140 337 3217 Sanctus
360 3154 389 3207 et
410 3142 442 3207 bi
466 3154 526 3207 trus
548 3164 644 3208 unrtm
665 3155 747 3220 sunt,
771 3145 785 3208 1
812 3145 912 3222 icen,
936 3143 968 3220 b,
983 3142 1015 3209 7.

93 3230 136 3296 Ex
158 3250 221 3317 quo
243 3228 404 3297 runniieste
427 3231 598 3302 ostenditur
624 3232 707 3318 quod
741 3252 806 3297 non
840 3232 942 3297 solum
977 3232 1016 3297 sit

92 3338 226 3407 persono
248 3319 428 3393 subsistens,
451 3320 529 3386 sicut
552 3320 643 3385 Pater
667 3334 697 3385 et
720 3320 827 3400 iilius,
850 3318 905 3385 sed
921 3319 1015 3387 etium

95 3427 165 3475 cum
189 3408 233 3472 eis
256 3410 407 3473 essentiae
429 3406 542 3474 babeat
565 3409 723 3474 unitatem.

161 3494 269 3563 Posset
290 3508 395 3566 autem
417 3496 526 3585 aliquis
564 3512 671 3565 contre
705 3497 861 3587 praediea
894 3496 1014 3566 adum·
