2484 3975
329 269 366 314 un
388 269 572 314 suasranrus
599 266 752 312 serratus
944 250 1010 317 tte

97 338 278 423 linteumque
301 337 382 403 idem
407 339 562 402 observari
587 352 672 423 putat
700 336 730 400 in
747 335 819 421 ipsis
836 335 1008 420 animabus,
1080 361 1082 366 ’

96 443 125 494 ut
143 447 301 513 supremae
325 427 451 513 quidem
473 427 632 492 caelorum
670 426 791 489 animae
827 427 1009 510 provideant

96 517 226 582 omnibus
249 515 445 581 inferioribus
468 516 629 580 animabus
653 529 683 578 et
723 512 776 577 toti
816 517 1008 598 generationi

94 605 263 670 inferiorum
298 625 475 691 corporum,
508 605 644 691 itemque
678 602 852 688 superiores
886 606 1010 672 animae

94 693 290 772 inferioribus,
313 694 429 759 scilicet
463 694 585 758 animae
619 692 807 756 daemonum
846 693 1008 761 animabus

93 783 256 861 bominum;
280 784 433 870 ponebant
456 784 539 846 enim
563 781 707 868 platonici
748 779 916 847 daemones
939 804 1008 849 esse

92 872 268 937 mediatores
292 876 370 936 inter
392 893 448 936 nos
471 884 501 935 et
524 871 699 957 superiores
733 869 927 936 substantias.
963 873 1008 937 bb

91 961 144 1026 bec
164 961 254 1024 etiam
279 960 489 1047 providentiae
512 961 632 1023 ratione
667 958 842 1023 Aristoteles
877 981 940 1026 non
963 962 1008 1026 di-

89 1048 212 1114 seordet.
239 1048 327 1112 Ponit
351 1053 434 1112 enim
459 1069 556 1112 uuum
580 1048 698 1113 bonum
723 1061 898 1133 separatum
939 1071 1006 1115 um·

90 1138 174 1202 nibus
196 1137 420 1223 providentem,
453 1138 530 1202 siout
565 1159 661 1201 unum
701 1138 918 1222 imperatorem
959 1139 1007 1204 vel

90 1226 244 1291 dominum
272 1227 331 1291 sub
356 1248 418 1312 quo
441 1241 513 1291 sunt
546 1226 657 1291 diversi
683 1247 786 1290 rerum
811 1225 944 1304 ordines,
968 1229 1008 1292 ita

87 1316 196 1381 scilieet
218 1315 300 1400 qnod
324 1316 500 1402 superiores
522 1335 625 1380 rerum
650 1315 804 1400 perfectae
842 1317 1007 1401 providen-

86 1403 143 1469 tiae
165 1404 305 1469 ordinem
329 1418 570 1489 consequuntur,
610 1405 693 1468 unde
729 1403 837 1482 nullus¹
869 1404 1008 1470 defectus

85 1494 115 1557 in
137 1495 180 1557 eis
201 1493 364 1568 insonitum
387 1493 548 1557 inferiores
571 1506 685 1569 autem,
709 1513 788 1578 quae
812 1496 913 1558 miuus
937 1515 1006 1579 pcr-

84 1581 160 1646 fecte
184 1582 395 1665 providentiae
419 1581 560 1646 ordinem
585 1583 724 1666 recipere
749 1596 886 1668 possunt,
904 1583 1007 1648 multis

83 1669 249 1736 defectibus
272 1670 441 1754 subjacent;
465 1671 543 1735 sicut
566 1672 658 1734 etiam
700 1671 730 1736 iu
765 1669 870 1744 domo,
907 1671 1007 1749 liberi,

81 1759 134 1846 qui
157 1759 290 1845 perfecte
313 1761 494 1845 participant
517 1760 656 1844 regimen
698 1758 934 1843 patrisfamilias,
975 1761 1006 1824 in

82 1850 187 1932 paucis
210 1849 256 1913 vel
281 1849 371 1913 nullis
393 1847 550 1924 deficiunt;
572 1868 730 1912 servorum
748 1863 850 1914 autem
869 1850 1005 1914 actiones

81 1935 112 2001 in
136 1937 274 2025 pluribus
298 1938 498 2002 inveniuntur
521 1935 665 2002 deficere.
691 1935 776 2001 Unde
812 1937 842 2001 ln
880 1937 1006 2004 inferio·-

80 2025 166 2091 ribus
189 2028 369 2113 corporibus
404 2026 541 2091 defectus
565 2026 749 2112 proveniunt
788 2028 932 2093 naturalis
955 2049 1004 2093 or·

81 2114 162 2178 dinis
186 2117 238 2198 qui
262 2117 292 2180 in
316 2116 527 2201 superioribus
550 2116 733 2201 corporibus
772 2136 929 2201 nunquam
954 2117 1007 2181 de-

79 2202 174 2269 ficere
196 2204 359 2269 iuvenitur.
383 2204 529 2269 Similiter
566 2206 658 2268 etiam
694 2206 849 2268 bumanue
884 2207 1006 2272 animae

78 2292 264 2379 plerumque
288 2293 434 2358 deficiunt
457 2292 497 2357 ab
533 2292 731 2376 intelligentia
766 2294 900 2357 veritatis
935 2309 1006 2361 eta

77 2396 165 2446 recto
189 2384 323 2468 appetitu
348 2382 410 2445 seri
435 2381 519 2459 boni;
543 2383 627 2468 qarod
651 2384 681 2445 io
705 2383 915 2466 superioribus
942 2386 1006 2449 ani-

76 2470 191 2534 mabus
216 2471 263 2535 vel
287 2470 491 2536 intellectibus
514 2491 576 2534 noa
602 2472 763 2533 iuvenitur.
780 2471 910 2557 Propter
922 2476 1006 2559 quud

72 2560 173 2623 etiam
197 2558 284 2624 Plato
300 2562 401 2643 posuit
424 2559 613 2625 daemonum
639 2580 706 2624 esse
728 2560 879 2644 quosdam
899 2562 1007 2642 bouus,

69 2647 229 2733 quosdam
254 2649 361 2726 malos,
384 2648 461 2713 sicut
496 2661 526 2712 et
560 2648 713 2725 homines
747 2648 829 2712 Deus
868 2670 943 2715 vero
976 2665 1007 2717 et

67 2736 249 2801 intellectus
271 2752 301 2801 et
323 2737 480 2801 caelorum
504 2737 623 2801 animas
647 2738 775 2802 omuino
799 2738 915 2824 absque
939 2760 1006 2807 ma-

65 2824 135 2890 litia
161 2844 242 2889 esse.

138 2912 319 2979 Secundum
344 2914 437 2998 igitur
460 2914 537 2978 baec
561 2914 629 2987 tria,
654 2914 933 2981 cireasubstontias
957 2938 1005 2982 se·
1067 2921 1069 2926 '

63 3016 208 3089 paratas,
231 3003 386 3069 iuvenitur
420 3003 525 3090 opinio
558 3003 728 3069 Aristotelis
764 3024 834 3069 cum
871 3004 1006 3073 Platonis

63 3091 225 3171 opinione
246 3091 446 3157 concordare.

407 3213 580 3279 clrur
618 3213 725 3313 lV.=

201 3319 879 3406 qudfflwmpmomdmmms

134 3442 220 3505 Sunt
243 3453 346 3505 autem
371 3441 442 3519 alia,
464 3442 577 3527 quibus
600 3439 758 3507 differunt:

133 3530 245 3597 Primo
268 3529 411 3617 quidem,¹
429 3543 460 3596 ut
484 3552 576 3619 supra
600 3532 716 3599 dictum
741 3543 796 3612 est,
811 3531 1004 3625 Plutusupro
