2484 3975
221 186 284 251 the
601 203 775 250 onuscutuu

220 274 298 340 tonis
333 287 363 338 et
376 271 570 360 'leophrasti3
597 274 681 339 unde
704 275 736 340 in
750 274 811 340 line
838 275 1001 343 concludit:
1023 274 1148 358 «Quod

222 364 283 428 dixi
308 363 507 449 pronuntiare
529 360 657 447 quidem
680 363 720 428 de
744 384 782 430 eo
803 364 887 447 quod
909 364 982 431 dicit
1003 364 1149 431 Philoso-

221 454 311 538 phus,
347 450 509 536 singularis
532 463 578 516 est
612 451 706 516 studii
741 467 772 517 et
807 452 1030 520 sollicitudinis.
1054 452 1150 536 Quod

221 556 323 606 autem
349 541 482 606 maxime
506 537 615 624 aliquia
641 543 746 625 utique
768 562 805 606 ex
829 541 930 607 verbis
953 563 1033 627 quae
1052 541 1150 608 eolle-

221 633 323 714 gimus
345 629 473 716 accipiat
495 627 534 692 de
551 628 597 694 his
620 630 805 696 sententiam
820 629 989 698 Aristotelis
1003 646 1035 696 et
1044 631 1150 697 Theo-

222 719 350 805 phrasti,
373 718 472 802 magis
495 730 597 782 cutem
621 717 717 804 ipsius
739 718 874 784 Platonis
890 719 949 785 hoc
968 732 1151 808 promptum

225 823 272 872 est
295 807 467 894 propalare.
491 805 654 872 Caeterum
678 828 827 894 quaerere
849 808 924 893 quid
949 829 1080 895 quisque
1108 808 1151 873 de

224 897 326 962 anima
342 895 483 971 senserit,
506 907 536 960 et
560 894 617 960 loci
635 908 666 960 et
680 915 773 962 curae
795 895 921 961 alterius
936 911 991 962 est.
1009 900 1153 984 Atquae-

225 1005 295 1050 nam
320 983 411 1051 luerit
435 984 538 1069 opinio
562 984 741 1062 Aristotelis,
774 1005 855 1072 quae
889 985 1097 1072 Theophrasti
1120 1001 1152 1052 et

223 1095 302 1158 quae
314 1076 404 1140 etiam
418 1071 563 1150 Platonis,
576 1070 803 1140 lecilearhitror
814 1073 914 1159 colligi
929 1096 1019 1160 posse
1035 1095 1150 1141 exser-

224 1163 270 1228 bis
295 1163 342 1228 his
355 1182 433 1248 quae
444 1182 537 1248 snpra
555 1160 594 1226 dc
610 1160 696 1228 libris
708 1183 817 1228 eorum
837 1165 1047 1249 prompsimus
1060 1185 1150 1248 prae-

225 1253 482 1336 texuimusqae».
496 1249 574 1333 Ergo
598 1264 680 1336 patet
700 1251 783 1337 quod
802 1252 976 1318 Aristoteles
995 1266 1025 1316 et
1045 1251 1150 1318 Theo·

226 1341 352 1426 phrastu
379 1353 425 1403 set
449 1340 513 1424 ipse
529 1338 616 1404 Plato
633 1361 695 1406 non
719 1340 895 1414 hahuerunt
917 1361 975 1427 pro
999 1341 1152 1428 principio

226 1429 309 1514 quod
334 1428 504 1494 intellectus
527 1427 681 1514 possibilis
696 1429 734 1494 sit
749 1450 829 1494 unus
844 1429 875 1494 in
892 1430 1048 1494 omnihus.
1065 1430 1154 1494 Patet

225 1520 316 1583 etiam
330 1517 412 1602 quod
427 1516 596 1582 duerrhoes
610 1538 753 1601 perverse
764 1517 856 1584 refert
867 1521 1050 1584 sententiam
1068 1520 1152 1584 The·

225 1608 317 1672 mistii
334 1622 363 1670 et
378 1606 584 1692 Theophrasti
601 1605 641 1669 de
658 1606 811 1671 intellectu
835 1607 969 1693 possibili
983 1621 1013 1672 et
1029 1623 1152 1694 agente;

226 1696 308 1760 unde
331 1698 442 1761 merito
465 1712 557 1780 supra
581 1694 713 1759 diximus
737 1716 809 1760 eum
833 1695 1045 1782 philosophiae
1071 1699 1152 1785 peri-

226 1785 374 1870 pateticae
409 1803 631 1871 perversorem.
658 1783 743 1848 Unde
764 1786 879 1850 mirum
912 1798 958 1848 est
991 1785 1151 1871 quomodo

227 1873 331 1958 aliqui,
354 1873 454 1938 solum
478 1886 688 1936 commentum
713 1875 876 1938 duerrhois
899 1872 1056 1952 videntes,
1080 1895 1152 1962 pro·

229 1964 371 2027 nuntiare
395 1977 596 2049 praesumunt
629 1961 712 2047 quod
737 1965 801 2047 ipse
824 1961 896 2027 dicit
924 1962 984 2027 hoo
1016 1964 1153 2029 sensisse

229 2072 337 2116 omues
354 2051 556 2138 philosophos
572 2070 680 2135 grecos
697 2063 727 2115 et
742 2051 861 2129 arahes,
877 2067 1000 2139 praeter
1016 2052 1153 2117 Latinos.

293 2140 343 2204 Est
354 2142 446 2207 etiam
460 2138 569 2226 majori
582 2139 784 2206 admiratione
798 2140 949 2205 ueletiam
963 2140 1152 2226 indignatio·
1231 2191 1232 2224 ,

200 2262 205 2277 ·
228 2248 266 2293 ne
282 2230 411 2313 dignum
428 2229 510 2315 quod
527 2229 648 2313 aliquis
659 2229 858 2293 christianum
871 2250 904 2295 se
917 2230 1076 2315 profitens,
1089 2246 1152 2295 tam
1231 2239 1232 2290 t

228 2318 434 2383 irreverenter
456 2318 496 2382 de
519 2319 685 2383 christiana
707 2315 769 2381 lide
792 2317 877 2403 loqui
900 2319 1153 2404 praesumpseril;

228 2409 305 2471 sieut
327 2428 398 2471 cum
422 2406 600 2492 dicitquod
631 2405 757 2470 «Latini
781 2427 838 2491 pro
862 2407 1017 2493 principiis
1041 2427 1153 2473 eorum
1230 2479 1231 2494 1

228 2496 287 2559 lroc
311 2516 372 2560 non
396 2497 544 2581 recipiunt
568 2523 582 2554 ι
612 2496 727 2561 seilicet
751 2494 834 2580 quod
856 2496 895 2560 sit
918 2517 997 2561 unita
1031 2496 1155 2561 intelle·
1230 2545 1231 2566 r

227 2598 293 2647 ctus
318 2599 446 2663 tanturn,
477 2585 584 2673 «quia
609 2584 688 2651 lorte
710 2581 760 2650 lox
783 2604 891 2649 eorum
916 2598 962 2649 est
985 2585 1154 2650 incontra·
1230 2581 1231 2622 ³

227 2674 307 2737 rium
323 2700 353 2738 s.
372 2672 428 2738 Ubi
452 2673 514 2739 duo
536 2687 608 2741 suot
631 2672 723 2739 mala:
747 2673 858 2760 primo,
880 2673 953 2759 qnia
976 2672 1153 2739 dubitat-an

229 2762 289 2826 hoo
304 2763 342 2826 sit
358 2779 462 2829 contra
479 2762 584 2837 fidene
599 2761 748 2840 secundo,
763 2762 835 2848 quia
857 2761 993 2828 alienum
1005 2782 1040 2827 se
1051 2763 1153 2828 innuit

231 2850 269 2913 ab
298 2853 354 2915 hac
377 2850 457 2935 lege,
480 2864 509 2916 et
532 2850 613 2939 quod
638 2855 835 2936 postmodnm
859 2851 942 2916 dicit:
971 2850 1084 2916 «llaec
1106 2867 1152 2916 est

228 2937 306 3004 ratio
329 2960 384 3026 per
407 2960 499 3027 quam
523 2939 664 3005 catholici
687 2937 830 3004 videntur
853 2940 968 3007 hahere
991 2941 1072 3005 hano
1096 2959 1150 3027 po·

115 3035 119 3045 '
228 3028 371 3093 sirionem
388 3057 421 3107 i,
437 3029 489 3095 ubi
514 3029 697 3093 sententiam
714 3027 784 3092 lidei
800 3028 983 3114 positionem
1000 3030 1150 3095 nominat.

227 3114 290 3181 Nec
314 3116 441 3183 minoris
479 3116 735 3205 praesumptionis
767 3131 814 3181 est
845 3116 930 3204 quod
952 3117 1150 3204 postmodum

229 3225 367 3271 asserere
391 3206 492 3284 audet,
515 3206 616 3271 Deum
641 3205 741 3271 lacere
764 3224 826 3271 non
851 3225 941 3292 posse
973 3206 1057 3292 quod
1091 3208 1150 3272 sint
1228 3275 1229 3290 ,

230 3294 317 3359 multi
330 3295 512 3373 intellectus,
524 3296 595 3382 quia
607 3294 742 3382 implicat
753 3293 1149 3360 contradictionemhdhuc

230 3396 332 3447 autem
357 3385 480 3467 gravius
514 3397 560 3449 est
592 3384 675 3470 quod
710 3382 907 3471 postmodum
942 3383 1023 3449 dicit:
1053 3380 1150 3449 «Pet

229 3472 379 3537 rationem
402 3472 552 3539 concludo
577 3472 616 3537 de
641 3472 820 3546 necessitate
856 3470 941 3558 quod
977 3471 1149 3539 intellectos
