2484 3975
206 216 271 280 tut
581 231 754 280 ouuseuuuu

205 307 322 371 scilieet
344 304 613 392 eorpusspissoro
638 305 721 389 quod
745 315 790 366 est
818 323 930 389 corpus
964 303 1138 370 elemento·

203 415 286 470 rum,
310 406 340 459 et
362 414 473 479 eorpus
496 393 609 460 subtile
632 393 717 479 quod
740 405 786 455 est
808 413 920 478 eorpus
943 393 1087 473 caeleste,
1103 410 1137 459 et

203 483 316 548 iterum
340 486 467 547 materia
491 496 521 547 et
545 482 644 547 torma
667 481 815 568 eorporis.
856 483 934 566 Ergo
970 485 1063 548 etium
1101 485 1134 548 io

203 571 371 637 substantia
395 571 542 657 spirituali
567 573 721 635 iuvenitur
758 571 926 635 substantie
964 573 1135 657 spiritualis

202 659 340 736 inferior,
363 673 434 746 puta
458 681 538 746 quae
559 659 758 744 conjungitur
781 659 916 745 corpori²
936 673 967 724 et
989 664 1135 746 superior

202 769 283 834 quae
306 769 368 813 ooo
393 762 437 814 est
461 766 624 832 conjunctu
647 749 780 834 corpori,
804 750 968 812 etiterum
1002 752 1133 816 materie

165 911 168 916 ,
204 851 234 901 ει
258 837 356 903 torma
382 858 419 902 ex
443 838 555 924 quibus
578 839 748 902 substantie
772 837 936 922 spiritualis
971 841 1135 923 componi-

202 943 263 1007 tur.
286 963 329 976 --
353 927 470 1008 Quarto
492 929 568 991 ratio
592 947 658 1010 ejus
681 940 726 990 est
750 925 833 1011 quod
856 926 956 990 oruuis
990 926 1137 990 substau-

204 1016 244 1078 tio
269 1028 370 1079 creato
396 1028 516 1100 oportet
537 1018 622 1100 quod
646 1015 851 1098 distinguetur
874 1029 1051 1079 eereetore.
1069 1015 1136 1080 Sed

204 1117 323 1168 creator
345 1118 391 1168 est
414 1125 510 1168 unum
536 1117 667 1168 tautum.
691 1101 821 1189 Oportet
844 1106 936 1187 igitur
958 1102 1041 1188 qood
1065 1125 1137 1170 om-

205 1193 253 1257 nis
275 1195 444 1257 substantio
467 1207 568 1257 ereata
593 1215 655 1257 noo
694 1194 732 1256 εἰι
771 1213 866 1256 uuum
907 1208 1036 1269 tontum,
1074 1194 1137 1257 sed

204 1283 374 1366 composita
398 1302 435 1346 ex
458 1282 591 1359 duobus,
613 1301 746 1367 quorum
772 1301 898 1345 neeesse
920 1296 968 1346 εει
985 1295 1017 1344 ut
1032 1301 1136 1346 uuum

203 1371 242 1434 sit
265 1369 363 1434 forma
386 1383 416 1434 et
440 1371 522 1434 atiud
545 1375 684 1447 materie3
708 1371 778 1456 quio
802 1389 838 1434 er
856 1370 977 1434 duabus
995 1371 1137 1434 materiis

203 1478 267 1522 oou
290 1473 389 1545 potest
412 1459 526 1545 altquid
551 1459 629 1534 fieri,
652 1479 708 1524 nee
732 1477 769 1522 ex
792 1459 912 1524 duobos
946 1458 1063 1524 formis.
1087 1495 1137 1506 -

204 1545 318 1628 Quinta
343 1548 419 1612 ratio
443 1549 593 1633 estquod
616 1550 717 1613 omnis
756 1547 924 1613 substantia
963 1548 1136 1633 spiritualis

203 1651 305 1701 creatu
329 1651 372 1701 est
396 1638 490 1710 finita.
517 1639 575 1701 Res
599 1651 703 1702 eutem
728 1657 789 1701 nou
815 1652 859 1702 est
883 1636 967 1701 finita
992 1637 1048 1699 uisi
1075 1657 1136 1722 per

201 1745 290 1789 suam
313 1725 456 1805 sormam,
479 1729 550 1811 quia
574 1746 624 1790 res
656 1747 735 1812 quoe
771 1746 831 1791 nou
872 1725 964 1791 habet
998 1723 1134 1790 sororum

203 1834 259 1898 per
281 1835 373 1900 quern
398 1817 449 1880 fiat
474 1836 569 1881 uuum
596 1826 641 1879 est
665 1814 792 1880 infinita.
817 1816 926 1880 Omnis
942 1815 1034 1900 igitur
1057 1817 1136 1879 sub·

121 1938 124 1946 r
202 1905 310 1966 stantia
330 1905 496 1990 spiritualis
518 1919 619 1969 ereata
643 1918 688 1968 εει
723 1909 892 1992 compositu
929 1925 966 1968 ex
1001 1904 1133 1968 materia
1237 1981 1238 1993 ἶ

204 2004 234 2055 ει
257 1990 367 2064 forme.

535 2167 709 2257 CARUT
749 2170 797 2237 tt.

378 2346 567 2431 Reprobott'o
591 2348 744 2432 opio-iouis
769 2348 951 2425 Αυὶεεόνοιι,

343 2449 490 2522 quantum
512 2440 556 2501 act
578 2439 704 2516 modum
725 2438 782 2525 (t)
802 2439 989 2522 ponendum.

265 2615 347 2679 Haeo
369 2627 472 2679 autem
495 2634 575 2700 quae
597 2614 679 2679 dieta
701 2628 784 2686 suut,
809 2614 838 2679 iu
867 2613 1005 2701 pluribus
1030 2616 1133 2679 muni·

198 2702 307 2769 festam
331 2703 623 2789 iroprobabititatero
648 2706 817 2769 continent.

263 2793 372 2857 Primo
392 2812 527 2877 namque
549 2794 632 2877 quia,
656 2794 695 2857 ab
720 2792 915 2857 inferioribus
929 2792 968 2855 od
983 2812 1133 2879 suprema

197 2882 316 2947 eutium
340 2881 533 2958 resolvendo,
559 2882 697 2946 aseendit
719 2881 770 2966 (ἢ)
795 2882 825 2945 in
851 2883 998 2967 priuet'pio
1030 2896 1131 2946 orote·
1235 2948 1236 2966 p

197 2970 295 3046 rielio;
318 2971 404 3054 quod
427 2971 555 3034 omnino
579 2972 688 3036 rationi
727 2982 887 3055 repugnat.
923 2970 1130 3056 Comporutur

196 3060 279 3123 euim
303 3058 433 3122 materia
457 3059 495 3122 od
520 3058 652 3123 sormam
678 3059 754 3123 sieut
778 3059 913 3144 potentia
948 3060 989 3121 ad
1012 3072 1127 3123 actutu.

195 3146 390 3213 Manifestum
414 3161 460 3211 est
483 3161 586 3211 autem
609 3148 693 3234 quod
718 3149 851 3233 potentio
875 3164 921 3212 est
952 3149 1055 3213 minus
1070 3168 1127 3211 ens

194 3255 289 3321 quum
312 3252 408 3313 aetus;
431 3257 494 3299 non
517 3238 600 3301 euim
625 3238 735 3301 uiuitur·
758 3236 893 3323 potentia
917 3256 972 3301 eus
1004 3238 1062 3301 nisi
1079 3257 1126 3301 se·

247 3370 287 3443 (t)
305 3371 421 3433 Modum,
444 3374 460 3424 i.
478 3390 501 3429 e.
526 3374 632 3425 motum
665 3375 806 3427 secuudum
838 3390 916 3442 quern
950 3374 1070 3443 potentio
1099 3382 1127 3425 et

194 3446 308 3511 receptio
327 3445 353 3493 iu
372 3445 493 3495 omnibus
511 3446 693 3496 inveniuntur.

247 3512 286 3582 (2)
303 3513 434 3577 Ascendit,
454 3516 547 3583 supple
564 3516 718 3570 Autoobrou.
