2484 3975
157 214 263 285 'w
558 238 814 287 mmmm

215 309 247 386 43
270 319 309 372 et:
338 306 441 373 Videte
462 309 543 393 quoti
566 330 619 395 epa
641 310 701 374 aim
722 312 816 388 retur,
839 320 869 375 et
903 327 965 373 nun
987 306 1133 373 uitulina

214 397 297 463 Deua
304 407 432 481 praeter
452 418 512 479 me,
534 398 670 477 Denter„
692 400 747 474 32,
784 399 837 476 593
873 410 914 463 et:
958 396 1018 478 Qut
1049 396 1134 461 uidet

212 506 262 551 me
283 486 366 551 uidet
388 496 417 551 et
439 486 623 562 Putrem,·....
646 488 743 554 Pater
762 491 794 552 ia
834 506 881 551 nte
903 506 1031 551 rnunertr
1066 487 1133 569 ipae

213 576 289 660 [uuit
310 593 419 659 aperus
421 622 472 642 .....
495 577 603 662 epeia
629 577 732 656 Putre,
754 576 956 642 etPutert'n
991 594 1040 638 me
1076 586 1134 651 eat,

117 717 120 721 .
169 692 172 695 ·
213 665 313 744 luam,
349 663 401 740 ii,
434 664 523 730 9·st
550 662 591 730 Ex
614 667 727 751 quibus
749 666 892 746 omnibus
917 662 1131 749 concipiebant
1166 696 1174 711 ·

214 753 316 819 Deum
328 751 450 817 Patrem
474 753 574 842 ipsum
600 755 714 821 Filium
737 753 1007 839 auctmentum
1030 751 1130 816 ineur-

215 855 333 908 natum.

281 930 487 996 Haerentem
511 929 567 997 init
600 930 706 1018 opinio
739 930 996 1007 Sabeiiianorum,
1028 927 1134 1015 quiet

217 1018 430 1106 Patripassiani
451 1019 522 1084 dieti
538 1033 619 1098 sunt,
632 1040 671 1085 eo
685 1021 769 1107 quud
788 1020 908 1085 Patrem
925 1038 1048 1107 passum
1064 1035 1134 1081 esse
1240 1015 1241 1024 ’

217 1106 415 1185 confitentur,
427 1124 601 1187 asserentes
616 1110 717 1195 ipsum
746 1112 946 1174 Patremesse
968 1106 1149 1172 Christum·

282 1195 364 1261 Haec
392 1210 494 1261 autern
529 1198 651 1283 positio,
674 1198 731 1263 etsi
769 1218 787 1263 a
826 1198 978 1282 praedicta
1012 1193 1133 1260 differat

216 1297 365 1371 quantum
389 1285 428 1349 ad
451 1286 559 1351 Christi
585 1288 774 1351 diuinitatem
813 1289 914 1373 (nam
939 1286 1008 1360 itae,
1043 1283 1130 1348 Cirri-

217 1389 298 1437 stum
323 1392 430 1439 verum
455 1386 485 1440 et
513 1374 685 1440 naturalem
720 1375 832 1440 Deum
858 1393 925 1439 ease
962 1373 1136 1448 confitetur,
1240 1421 1241 1424 ,

219 1460 304 1548 quud
327 1463 425 1549 prima
450 1464 621 1550 negabat),
646 1478 748 1529 tamen
772 1476 920 1551 quantum
941 1460 982 1527 'ed
1005 1480 1134 1545 genera·
1240 1457 1241 1484 ³

218 1558 332 1614 tionem
355 1564 385 1615 et
408 1550 584 1617 filiationem
609 1567 739 1639 utraque
761 1566 807 1617 est
829 1551 996 1617 euuiurmis
1018 1550 1134 1635 opinio.

218 1638 306 1717 Nam,
329 1639 407 1705 sicut
429 1644 527 1727 prima
552 1642 663 1727 positio
685 1642 792 1707 asserit
824 1640 1002 1705 filiationem
1025 1651 1056 1701 et
1078 1652 1133 1721 ge-

218 1727 419 1806 nerationem,
443 1748 503 1816 qua
526 1728 663 1796 Christus
685 1731 772 1815 {ilius
795 1728 917 1808 dieitur,
954 1747 1015 1792 nun
1039 1725 1134 1791 [uisse

218 1829 289 1881 ante
314 1816 450 1897 Mariam,
473 1818 512 1883 itu
535 1830 566 1883 et
587 1818 665 1884 haee
686 1819 791 1907 opinio
824 1818 996 1884 confltetur.
1019 1814 1134 1881 Neutra

217 1906 310 1991 igitur
332 1906 441 1993 positio
462 1908 692 1993 generationem
719 1921 748 1971 et
781 1906 960 1972 filiationem
993 1903 1032 1969 ad
1055 1904 1132 1967 diri·
1241 1900 1242 1911 ’

217 2013 289 2058 nam
313 2009 455 2061 naturam
479 1996 582 2076 refert,
604 1996 659 2063 sed
681 1996 782 2063 sotum
805 1998 844 2061 ad
867 2009 1007 2060 naturam
1024 1996 1135 2058 huma-

215 2101 298 2150 nam.

282 2169 379 2237 Habet
402 2172 493 2238 etiam
516 2186 546 2238 et
569 2173 628 2240 irae
650 2174 810 2262 propriam
832 2173 887 2238 ista
912 2173 1021 2260 positio
1038 2172 1134 2258 qnod,

216 2279 287 2325 rum
311 2260 423 2326 dieitur
445 2261 538 2326 Filius
561 2262 630 2341 Dei,
653 2283 715 2328 nun
737 2264 916 2346 designatur
937 2263 1039 2347 aliqua
1061 2260 1133 2325 suin

219 2351 328 2415 sistens
352 2369 493 2436 persona,
516 2350 570 2415 sed
593 2353 748 2438 quaedam
788 2351 958 2438 proprietas
990 2368 1134 2436 superre-

219 2437 307 2502 niens
330 2439 543 2525 praeexistenti
567 2457 728 2527 personae.
750 2439 828 2505 Num
863 2440 928 2527 ipse
963 2440 1062 2516 Pater,
1082 2457 1132 2502 se·

216 2525 360 2594 cundutn¹
379 2526 462 2615 quod
485 2549 611 2594 earnem
634 2530 765 2618 sumpsit
787 2548 825 2594 ex
846 2528 975 2612 virgine,
989 2526 1056 2590 Filii
1078 2547 1134 2590 nu

218 2633 291 2678 men
312 2617 439 2704 aceepit,
461 2637 523 2683 nen
547 2620 633 2704 quasi
656 2620 750 2685 Filius
772 2619 810 2683 sit
832 2617 933 2704 aliquan
966 2615 1134 2682 subsistens

218 2720 348 2788 persona
372 2726 388 2768 a
412 2725 542 2792 persona
566 2704 837 2773 Patrisdistineta.

286 2789 382 2877 Hujus
405 2806 506 2858 autem
551 2795 688 2860 usitiouis
709 2795 823 2860 falsitas
846 2791 1005 2858 manifeste
1034 2807 1135 2858 osterr-

220 2876 301 2943 ditur
322 2881 499 2947 auctoritate
577 2883 704 2970 ipturae.

285 2965 360 3032 Nam
384 2969 521 3036 Christus
543 2991 605 3036 non
628 2972 728 3037 solum
763 2970 887 3056 virginis
919 2969 1004 3036 tilius
1023 2969 1135 3035 dieitur

220 3056 251 3119 in
275 3054 450 3144 seripturis,
471 3059 525 3124 reti
549 3063 642 3125 etiam
665 3061 759 3126 Filius
782 3061 850 3138 Dei,
873 3073 905 3124 ut
935 3078 972 3124 ex
994 3060 1134 3145 superio·

218 3144 303 3210 ribus
326 3158 417 3232 patet.
442 3147 506 3212 Heu
528 3161 632 3214 autem
655 3169 722 3216 esse
745 3169 807 3215 nun
845 3162 942 3235 petest
979 3161 1012 3212 ut
1048 3148 1131 3212 idern

217 3232 257 3297 sit
279 3233 359 3300 filius
381 3236 534 3324 suiipsius3
568 3257 639 3304 eum
675 3240 760 3304 enim
795 3237 876 3304 fliius
912 3249 1076 3322 generetur
1112 3257 1134 3300 a

218 3335 314 3406 patre,
336 3343 487 3406 generans
510 3339 612 3392 autem
636 3328 689 3392 det
710 3345 777 3393 esse
799 3327 912 3411 genito,
947 3339 1132 3410 sequeretur

218 3411 302 3492 quod
325 3412 407 3477 idem
431 3427 510 3478 esset
533 3417 610 3479 dans
633 3428 664 3479 et
686 3415 838 3502 recipiens
874 3432 953 3489 ease;
975 3413 1059 3499 quud
1095 3433 1131 3476 n

219 3499 326 3562 mnino
342 3517 410 3564 esse
431 3521 493 3568 nun
517 3515 625 3587 potest.
649 3504 715 3568 Non
738 3515 785 3570 est
806 3503 898 3589 igitur
934 3501 1018 3566 Deus
1040 3502 1132 3566 Pater

101 3618 104 3627 ι
220 3585 286 3670 ipse
309 3586 412 3668 Filius,
435 3589 489 3656 sed
511 3588 588 3656 alias
611 3607 657 3658 est
679 3593 772 3660 Filius
795 3607 824 3660 et
836 3591 912 3660 alius
941 3591 1041 3657 Pater.
