2484 3975
320 243 323 257 “
381 241 418 284 nu
443 238 772 286 uuirtscrurnmsctus
918 270 923 280 .
972 219 1032 284 561

109 305 264 390 indigeret
286 308 550 394 phantasmatibus
580 309 701 373 nostris.
724 307 793 372 Non
827 307 913 372 enim
949 308 1035 372 iuve-

106 393 204 473 nitur,
228 396 258 460 iu
281 417 387 462 rerum
410 397 530 472 ordine,
552 396 636 484 quod
658 397 833 483 superiores
843 395 1034 462 substantiae

106 483 151 548 ud
164 503 236 550 suas
252 486 436 572 principales
451 486 655 575 perfectiones
667 485 824 570 indigeant
839 482 1036 550 inferioribus

108 571 300 652 substantiis,
322 576 402 640 sicut
427 596 484 642 nec
518 595 649 662 corpora
687 574 828 639 caelestia
862 572 1036 638 formantur

109 672 164 726 aut
187 661 388 747 perficiuntur
410 664 449 728 ad
479 685 550 730 suas
574 663 769 749 operationes
793 682 830 728 es
852 663 1036 749 corporibus

107 747 316 816 inferioribus.
328 751 470 837 Magnum
483 754 578 838 igitur
590 751 882 838 improbabilitatem
897 751 1035 815 continet

108 857 215 903 sermo
238 839 366 906 dicentis
388 842 471 927 quod
506 841 679 908 intellectus
701 842 739 904 sit
771 840 927 926 quoddam
951 842 1034 926 prin
1124 895 1127 902 .

108 927 225 1014 cipium
248 930 419 995 secuudum
446 930 649 996 substantium
671 943 858 1016 separatum,
882 940 1032 993 ettamen

108 1014 194 1099 quod
216 1037 271 1104 per
293 1019 452 1105 speciosa
480 1018 744 1106 phantasmatibus
778 1029 917 1104 acceptas
940 1017 1032 1101 perti-

45 1148 52 1197 3
108 1106 209 1168 ciatur
233 1121 263 1170 et
286 1105 339 1171 hat
361 1118 431 1171 actu
454 1107 638 1192 intelligens.

176 1193 229 1258 His
252 1195 343 1278 igitur
376 1197 574 1262 consideratis
611 1208 761 1282 quantum
800 1192 839 1258 ad
876 1192 908 1257 id
946 1193 1032 1278 quod

108 1297 228 1367 ponunt
243 1283 433 1349 intellectum
457 1305 520 1350 non
543 1305 610 1350 esse
630 1285 765 1348 animem
777 1301 857 1370 quae
872 1294 918 1346 est
934 1285 1031 1347 nostri

104 1373 243 1456 corporis
266 1370 365 1438 forma
387 1391 489 1460 neque
512 1387 631 1460 partem
654 1373 759 1458 ipsius,
782 1371 836 1437 scd
853 1369 1030 1459 aliquid-sa-

102 1459 243 1524 cuudum
255 1461 456 1526 substantiam
468 1460 922 1548 separatum‚eunsidercndum
938 1475 1031 1524 restat

104 1547 146 1612 dc
162 1548 221 1612 hoc
236 1549 320 1634 quod
333 1549 438 1615 dicunt
454 1550 642 1616 intellectum
658 1548 835 1635 possibilem
852 1567 919 1612 esse
932 1568 1031 1613 uuum

104 1637 137 1700 in
150 1638 303 1702 omnibus.
320 1638 411 1703 Forte
427 1641 509 1704 enim
522 1639 561 1704 de
575 1651 687 1723 agente
699 1639 759 1701 hoc
774 1637 877 1701 dicere
893 1637 1030 1722 aliquam

105 1727 257 1790 rationem
281 1727 418 1805 haberet,
441 1729 570 1792 etmulti
584 1726 761 1814 philosophi
777 1728 1029 1812 hucposuerunt3
1088 1802 1092 1812 1

104 1813 183 1879 nihii
207 1813 290 1878 euim
314 1815 433 1880 videtur
460 1817 680 1881 inconveniens
713 1815 811 1901 sequi,
834 1817 859 1878 si
893 1815 932 1877 ab
967 1834 1029 1877 uno

103 1915 217 1985 agente
241 1903 336 1968 muita
370 1904 577 1992 perficiantur,
611 1903 875 1991 quemadmodum
901 1901 939 1967 ah
964 1923 1027 1966 uno

103 1992 169 2057 sole
193 1992 394 2078 perficiuntur
416 2014 525 2060 omnes
548 1994 703 2081 potentiae
719 1996 829 2057 visivac
845 1990 1026 2057 animalium

103 2080 143 2144 ud
168 2080 346 2159 videndum;
369 2086 508 2169 quamuis
531 2084 625 2148 etiam
649 2084 708 2147 hoo
723 2102 785 2146 nou
802 2082 841 2146 sit
856 2080 1028 2146 secundum

102 2167 305 2235 intentionem
321 2173 499 2247 Aristotelis,
511 2174 564 2258 qui
581 2172 668 2258 ponit
681 2170 868 2236 intellectum
885 2182 1027 2252 agentem

101 2278 172 2323 esse
194 2258 308 2345 ahquid
332 2261 363 2325 in
387 2261 501 2341 anima,
518 2260 602 2326 uude
618 2272 776 2347 cotnparat
794 2261 893 2344 ipsum
907 2259 1027 2321 lumini.

102 2346 190 2411 Plato
213 2362 326 2424 autern,
358 2368 477 2436 ponens
505 2350 695 2414 intellectum
719 2368 815 2412 unum
839 2360 1027 2431 separatum,

100 2438 291 2523 comparavit
314 2439 413 2524 ipsum
435 2437 503 2512 soii,
518 2450 549 2501 ut
573 2437 761 2502 Themistius
784 2436 924 2498 dicitzest
940 2436 1024 2499 enirn

103 2544 184 2589 uuus
207 2524 262 2603 sul,
292 2528 347 2590 sed
371 2526 458 2612 plura
492 2526 608 2591 iutuinu
632 2525 740 2589 diflusa
764 2545 780 2589 a
803 2523 868 2587 sule
904 2522 944 2587 ad
979 2526 1028 2587 vi-

102 2612 251 2678 dendum.
265 2613 326 2679 Sed
341 2613 493 2701 quidquid
508 2614 546 2678 sit
561 2614 600 2678 de
616 2613 769 2678 intellectu
787 2626 907 2697 agente,
922 2611 1025 2676 dicere

104 2700 292 2767 intellectum
305 2704 482 2789 possibilem
497 2722 564 2767 esse
578 2713 674 2767 unum
699 2704 838 2766 omnium
852 2702 1024 2779 danninum,

101 2789 308 2876 multipliciter
331 2792 518 2877 impossibile
540 2807 677 2878 apparet.

161 2878 270 2943 urimo
293 2881 429 2966 quidem,
452 2882 534 2966 quia,
557 2900 581 2944 st
607 2878 777 2945 intellectus
800 2876 951 2964 possibilis
975 2895 1022 2942 est

36 2970 38 2973 ’
100 2986 162 3051 quo
193 2968 403 3053 intelligimus,
437 2988 563 3033 necesse
598 2982 644 3033 est
671 2968 775 3031 dicere
808 2968 892 3052 quod
927 2969 1022 3031 trumo

98 3056 261 3140 singularis
285 3059 459 3142 intelligens
490 3058 538 3121 vel
560 3058 599 3121 sit
623 3058 686 3143 ipse
710 3056 883 3120 intellectus
907 3055 953 3119 vei
976 3058 1021 3119 iu·

98 3143 236 3209 tellectus
260 3145 468 3211 formaliterei
488 3146 732 3222 inhaereanuoo
746 3144 872 3230 quidem
884 3144 1020 3228 itaquod

98 3234 141 3315 sit
158 3232 257 3299 dorma
281 3236 429 3321 corporis,
452 3234 507 3299 sed
531 3235 602 3319 quia
626 3248 672 3298 est
696 3238 789 3298 virtus
805 3234 1020 3317 animaequae

98 3337 145 3386 est
168 3318 265 3387 forma
290 3325 438 3410 corporis.
484 3322 516 3386 Si
540 3326 608 3409 quis
631 3336 735 3387 autem
758 3321 839 3386 dicut
863 3321 945 3407 quod
969 3322 1020 3385 hic

99 3412 194 3476 humo
212 3412 375 3497 singularis
398 3425 443 3477 est
466 3411 530 3497 ipse
554 3410 736 3489 intellectus,
758 3430 951 3497 consequens
973 3424 1019 3473 est

97 3501 180 3585 quod
206 3500 256 3565 hic
279 3502 374 3567 homo
397 3500 561 3585 singularis
584 3519 646 3565 non
669 3500 808 3572 sitahus
831 3501 869 3565 ab
894 3498 946 3563 ido
964 3500 1018 3563 ho·

189 3588 220 3654 S.
249 3588 303 3656 tu.
331 3590 476 3656 &minue
498 3589 578 3655 Phil.
605 3590 638 3659 V.
662 3591 692 3655 5.
887 3589 927 3653 57
