2484 3975
202 192 269 258 tlt
582 210 753 259 onzscutuu

200 283 232 347 in
255 283 300 348 eis
321 302 429 367 genus,
450 282 530 350 siout
551 284 796 349 intellectualitas
819 278 866 344 vel
879 279 993 367 uliquitl
1017 280 1122 367 hujus·

198 371 295 448 motli;
318 373 356 438 ab
379 393 417 437 eo
440 387 543 438 autem
565 372 650 458 quod
673 373 812 458 sequitur
844 369 876 433 in
911 392 955 435 ets
993 373 1122 455 gradum

199 459 395 545 perfeetionis
417 463 549 528 sumitur
572 464 603 527 in
627 464 671 527 eis
694 458 876 537 differentia,
899 459 989 524 nobis
1020 474 1124 525 tamea

202 563 318 613 rnota.

214 567 235 634 g
266 636 328 703 lieo
351 653 473 724 oportet
496 639 551 704 has
582 639 771 705 differentias
806 655 874 703 esse
911 636 1125 711 accidentales,

199 727 271 811 quia
293 740 365 791 sunt
387 728 558 793 seeundum
583 728 732 813 majorem
767 742 798 793 et
836 726 988 789 minorem
1028 725 1126 811 perl·

199 818 344 892 ctionem,
368 836 447 900 quae
471 838 533 880 non
548 817 734 882 diversificat
751 816 894 902 speeiem.
909 812 1028 879 Gratius
1042 816 1124 879 euim

200 902 396 990 perfeetionis
418 908 449 969 in
473 907 650 993 recipiendo
674 906 817 971 earrtdem
843 902 975 967 sormam
1000 922 1062 966 non
1079 904 1126 967 tli-

200 993 351 1058 uersilieet
373 994 521 1079 speeiem,
543 996 622 1060 sieut
644 993 744 1059 albius
767 1008 795 1057 et
837 993 939 1055 minus
963 990 1068 1055 album
1094 995 1124 1055 in

200 1082 411 1167 participantlo
433 1082 573 1167 ejusdem
589 1084 702 1170 speciei
726 1080 914 1147 albedinem:
930 1081 985 1145 sed
998 1080 1124 1145 diversis

199 1169 347 1253 gradihus
379 1172 576 1257 perfeetionis
613 1175 644 1236 in
675 1174 748 1257 ipsis
784 1171 891 1243 lormis
926 1168 973 1233 vel
1009 1170 1125 1233 staturis

201 1258 386 1345 participatis
409 1260 594 1326 diversilieat
615 1264 762 1347 speeiem,
785 1262 862 1324 sieut
886 1272 995 1323 natura
1019 1278 1126 1344 prooe-

200 1346 245 1411 dit
267 1367 323 1433 per
344 1348 520 1433 gradus-de
540 1350 652 1436 plantis
675 1348 714 1413 ad
752 1347 907 1424 animalia,
943 1368 998 1432 per
1032 1368 1126 1432 quee-

200 1436 273 1499 dsm
296 1457 376 1522 quae
399 1437 477 1503 liunt
500 1439 602 1503 media
633 1440 713 1503 inter
751 1439 894 1501 animalia
927 1451 957 1499 et
996 1434 1125 1521 plautas,

198 1528 370 1590 seeundum
396 1526 656 1613 Philosophum(
673 1528 712 1591 de
735 1528 865 1611 Animal.
881 1530 902 1606 ).
969 1566 972 1571 ι

265 1613 328 1679 Neu
349 1616 461 1680 iterum
486 1632 531 1680 est
555 1617 765 1681 necessarium
791 1628 825 1680 ut
863 1612 971 1677 divisio
1006 1612 1125 1678 intelle-

198 1702 345 1768 ctualium
368 1703 607 1769 substantiarum
632 1705 669 1768 sit
692 1724 815 1791 semper
850 1722 906 1788 per
938 1700 1124 1768 differentias

198 1811 296 1869 seras,
319 1794 391 1877 quia
415 1794 474 1857 boe
496 1807 543 1858 est
565 1794 755 1878 impossibile
779 1794 810 1857 in
848 1790 993 1855 omnibus
1032 1792 1124 1857 rebus

198 1881 350 1965 accipere,
373 1896 406 1946 ut
430 1881 641 1968 Philosophus
665 1882 738 1947 diois
762 1882 831 1967 (tle
855 1880 995 1956 Animal,
1019 1879 1078 1961 ἢ).

263 1968 368 2034 Tertio
391 1970 484 2036 modo
508 1973 662 2038 invenitur
686 1970 736 2056 (l)
760 1972 790 2035 in
824 1970 1003 2036 substantiis
1038 1989 1123 2034 rom·

198 2058 303 2143 positis
325 2080 364 2123 ex
387 2062 515 2125 materia
538 2076 569 2125 et
592 2062 704 2139 lorma,
728 2064 894 2145 inquibus
932 2073 963 2122 et
987 2078 1054 2123 esse
1076 2074 1123 2124 est

198 2162 356 2233 receptum
379 2163 410 2213 et
433 2149 564 2226 linitum,
589 2166 715 2238 propter
738 2148 823 2236 quotl
847 2163 876 2214 et
910 2148 950 2210 ab
973 2148 1033 2210 alio
1056 2167 1125 2212 esse

198 2236 322 2301 babent:
345 2250 376 2301 et
401 2239 513 2303 iterum
537 2253 646 2303 natura
671 2240 718 2304 tel
743 2238 898 2324 quidditas
929 2257 1038 2300 earum
1076 2256 1124 2301 re·

196 2338 284 2410 cepta
308 2328 398 2390 estin
423 2328 550 2391 materia
567 2327 700 2411 signato,
724 2341 756 2391 et
778 2327 848 2391 ideo
871 2340 942 2390 sunt
966 2324 1070 2389 linitae
1094 2339 1125 2389 et

194 2415 336 2499 superios
359 2427 391 2480 et
412 2413 550 2493 inlerius,
572 2432 604 2480 et
627 2417 657 2480 in
681 2417 725 2481 eis
745 2415 810 2499 jam
849 2430 975 2502 propter
999 2414 1125 2479 diuisio-

194 2521 268 2566 nem
293 2505 441 2569 materiae
463 2506 601 2589 signatae
640 2505 793 2591 possibilis
828 2520 875 2568 est
910 2502 1124 2589 multiplicatio

194 2590 423 2657 individuorum
448 2595 479 2657 in
503 2613 563 2657 uns
585 2597 699 2682 specim
723 2608 754 2657 et
793 2596 823 2657 in
860 2595 907 2658 ltis
945 2593 1124 2657 substantiis

193 2678 324 2765 qualiter
346 2701 381 2745 se
404 2680 516 2747 habeat
538 2683 671 2747 essentis
696 2682 734 2747 etl
771 2682 958 2747 intentiones
996 2682 1124 2766 logicas,

193 2787 286 2853 supra
309 2769 429 2834 dietum
452 2786 510 2835 est.

518 2945 693 3012 etrus
731 2945 797 3014 Vll.

256 3120 346 3188 Nune
366 3136 471 3189 autem
493 3140 587 3189 restat
609 3125 715 3192 vidore
736 3124 869 3210 qualiter
906 3125 1038 3189 essentia
1082 3125 1124 3189 sit

191 3211 223 3274 io
246 3213 468 3292 assidentibus3
490 3214 649 3298 quomodo
686 3229 790 3280 autem
831 3218 868 3279 sit
903 3214 934 3277 in
971 3215 1123 3280 omnibus

190 3299 380 3376 substantiis,
407 3301 525 3366 dietum
542 3319 597 3367 est.

257 3387 291 3452 ta
314 3392 397 3473 quis,
419 3403 453 3455 ut
468 3390 585 3456 tliutum
608 3403 665 3468 est,
681 3393 812 3458 essentia
828 3412 882 3477 per
909 3390 1123 3456 definitionem

240 3489 440 3561 (ittuntur,
458 3495 551 3563 supple
569 3498 692 3547 essentia.
