2484 3975
341 239 379 284 or
401 239 514 288 aaroni
538 241 625 287 verat
648 235 844 286 rurrutrcrus
992 223 1057 290 589

126 302 293 392 objectum,
337 322 441 396 ropter
463 323 566 378 tamen
590 323 732 376 naturam
767 308 938 375 memoriae
971 332 1052 399 quae

124 393 210 481 prior
231 408 287 462 est.
311 329 559 487 linumquouque
581 400 665 465 enim
688 395 773 483 prius
794 395 929 463 salrator
943 398 976 464 in
991 423 1049 468 suo

124 484 297 568 posteriori,
318 499 349 553 et
371 487 441 554 ideo
464 490 529 578 ipsa
552 487 699 576 perlectio
722 482 835 569 objecti
857 485 993 554 habetur
1017 493 1048 556 iu

123 571 190 657 ipro
213 573 319 641 habitu
342 575 523 658 intellectui,
546 588 580 643 ut
603 577 720 642 dietum
742 585 799 651 est,
822 588 853 639 et
890 575 931 640 ibi
952 579 1050 663 posita

124 673 170 726 est
193 661 340 747 perfectio
362 667 446 733 verbi
469 669 620 754 superius.

190 749 232 815 Ex
248 751 296 817 lris
311 753 506 822 menifestum
519 769 565 822 est
576 752 708 841 qualiter
726 749 809 838 apud
820 771 877 818 oos
889 752 1049 837 (verbum)
1136 788 1139 792 Δ

123 836 227 905 deficit
249 861 267 906 a
290 845 571 930 repraesentatione
593 843 661 909 Filii
683 842 715 906 in
737 839 860 920 divinis,
893 843 964 927 quie
987 845 1048 906 rci-

122 925 194 992 licet
215 928 280 1016 ipsa
303 931 501 1017 intelligentia
525 947 629 1000 nostra
651 950 714 996 non
737 941 783 994 est
806 928 916 994 educta
930 931 1049 995 derne-

123 1016 221 1083 moria
245 1032 358 1099 nostra,
381 1040 398 1086 a
421 1042 483 1108 qua
506 1035 609 1088 tamen
633 1017 821 1107 principium
847 1030 877 1082 et
899 1019 1048 1084 rationem
1111 1057 1118 1074 ι

122 1107 235 1190 agendi
259 1105 362 1187 haben
385 1129 474 1197 quae,
498 1112 523 1178 si
546 1124 626 1178 esset
649 1108 689 1172 de
723 1109 874 1172 memoria
913 1108 1047 1174 totaliter

122 1193 244 1274 educte,
266 1195 331 1282 ipse
354 1213 434 1264 esset
468 1201 597 1266 rerburn
637 1198 807 1262 memoriae
844 1217 928 1274 suae3
964 1200 1047 1262 unde

121 1301 186 1348 nott
210 1285 324 1352 diceret
346 1307 380 1352 se
401 1305 460 1355 nec
483 1291 681 1377 exprimeret,
702 1285 761 1351 nisi
784 1284 931 1350 dictatum
948 1301 978 1350 et
993 1307 1047 1351 ex·

121 1390 263 1457 pressum
288 1395 305 1440 a
328 1379 478 1444 memoria
501 1399 569 1457 aua,
592 1378 662 1467 quia
686 1374 775 1438 aliter
811 1373 888 1439 lalso
927 1375 1044 1440 diceret

122 1471 150 1524 et
174 1462 360 1548 exprimeret
382 1485 426 1544 se;
448 1468 526 1534 siout
548 1467 684 1536 Verbum
707 1462 867 1528 indivisus
890 1465 1046 1530 condicit

121 1568 155 1614 se
178 1549 334 1636 gignendo
350 1567 380 1620 et
395 1557 608 1642 exprimendo,
624 1551 679 1624 sed
699 1552 773 1618 dicit
788 1569 823 1618 te
852 1553 990 1636 genitum
1015 1568 1045 1616 et

121 1655 310 1725 expressum.
860 1694 864 1700 .

187 1725 331 1810 Rursum,
354 1730 548 1800 Manifestum
573 1742 618 1796 est
641 1748 736 1815 quare
761 1728 891 1794 verbum
920 1732 1043 1816 proprie
1154 1743 1157 1747 ’

120 1813 240 1881 dicatur
262 1820 465 1905 personaliter
489 1834 619 1886 tantuna.
643 1818 780 1887 Verbum
803 1818 886 1882 enim
902 1832 1041 1884 nostrum

120 1923 243 1993 semper
264 1921 310 1974 est
332 1905 363 1974 in
386 1910 533 1976 contiuuo
556 1908 634 1988 lieri,
655 1910 726 1997 quia
761 1905 930 1994 perlectum
970 1927 1042 1973 esse

119 2013 211 2061 suum
234 1998 333 2063 estin
357 1998 510 2077 leri3sed
549 2000 608 2067 hoe
647 2019 709 2065 uon
744 2010 790 2061 est
826 1996 1040 2083 imperfectum

119 2084 206 2169 quasi
230 2097 327 2151 toturn
350 2089 441 2153 simul
466 2109 528 2156 non
552 2089 696 2165 existens,
717 2087 796 2151 sicut
817 2099 864 2150 est
896 2085 935 2150 de
974 2089 1041 2152 aliia

117 2185 289 2257 quaesunt
312 2176 343 2240 in
366 2176 444 2255 lieri;
466 2198 545 2265 quae
568 2178 661 2243 etiam
683 2193 809 2262 semper
829 2187 901 2239 sunt
924 2175 1038 2262 imper-

114 2259 202 2339 leota3
225 2263 289 2328 imo
313 2267 440 2331 verbum
464 2268 495 2333 in
518 2267 669 2354 principio
704 2265 752 2329 sui
776 2275 823 2328 est
855 2262 1041 2349 perlectum,

114 2353 186 2435 quia
210 2354 369 2439 conceptio
392 2354 527 2442 perfecte
551 2355 681 2423 formata
705 2364 762 2430 eal,
783 2366 814 2417 et
837 2352 1038 2418 niliilorninus

114 2458 182 2505 esse
204 2439 270 2525 ejus
292 2443 463 2528 perlectum
486 2460 626 2511 servatur
646 2441 759 2508 eodem
781 2441 876 2505 modo
903 2461 966 2526 quo
989 2445 1033 2526 gi-

115 2526 276 2613 gnebatur.
300 2530 368 2595 Non
390 2533 474 2598 enim
513 2536 620 2599 transit
656 2529 800 2597 formatio
834 2530 933 2609 verbi,
970 2529 1037 2616 ipso

115 2614 258 2697 lormoro,
280 2618 345 2699 sed,
368 2620 443 2687 durn
467 2636 536 2689 ertu
570 2622 760 2705 intelligitur,
798 2621 944 2684 continue
977 2618 1038 2683 ior-

115 2718 218 2771 matur
241 2707 381 2789 verbum,
404 2709 474 2796 quia
495 2732 620 2800 semper
642 2723 688 2775 ert
710 2721 743 2773 ut
781 2708 815 2772 in
837 2708 905 2771 lieri
940 2721 970 2772 et
1004 2722 1038 2772 ut

113 2793 146 2858 in
169 2796 357 2882 egrediendo
381 2798 420 2865 ab
443 2799 556 2888 aliquo,
579 2798 734 2866 sciliceta
757 2794 889 2872 diceute3
922 2811 953 2861 et
976 2796 1036 2862 lroe

113 2902 184 2949 cum
207 2903 409 2970 personarum
425 2888 676 2976 processionibus
689 2886 839 2953 convenit.
862 2885 1037 2971 intelligere

112 2990 197 3052 uero,
221 2985 253 3038 ut
274 2974 306 3041 iu
329 2978 431 3063 quiete
464 2980 621 3066 accipitur,
656 2989 687 3041 et
723 2974 885 3041 essentiale
919 2990 966 3039 est
1001 2980 1032 3038 in

112 3060 235 3213 givinisc
258 3062 365 3129 dicere
388 3084 474 3146 tero,
488 3069 568 3133 siout
602 3080 633 3131 st
655 3064 797 3141 uerbum,
834 3064 1038 3151 personaliter

135 3150 233 3217 icitur.

178 3238 265 3309 Nunc
288 3253 381 3309 restat
404 3241 508 3309 ridere
531 3257 636 3309 utrum
660 3239 790 3307 verbum
812 3245 955 3327 gignetur
978 3262 1033 3327 per

110 3327 310 3395 reflexionem
333 3342 418 3397 actus
441 3331 623 3410 intellectus,
645 3331 694 3396 uel
709 3350 765 3417 per
780 3348 883 3396 actum
901 3343 1031 3397 rectum.

110 3417 154 3482 Ad
178 3420 265 3504 eujus
289 3419 473 3486 evidentiam
496 3419 757 3487 considerandum
780 3433 826 3484 est
859 3420 943 3504 quod
966 3440 1033 3483 ver·

110 3504 184 3573 burn
208 3506 293 3597 quod
315 3520 360 3577 est
383 3510 590 3600 expressivum
614 3510 659 3576 rei
682 3528 761 3597 quae
778 3508 1032 3594 intelligiturnou
