2484 3975
331 242 369 287 na
392 243 466 287 aura
490 243 525 285 aa
553 241 686 286 sssrsna
904 221 970 285 tlt

68 307 240 393 {ignidoatun
255 326 375 397 oportet
397 312 481 397 qood
505 333 542 375 eo
566 312 660 374 ruodo
692 310 827 375 babeant
861 329 967 375 essen·

69 401 124 463 iarn
145 419 201 484 quo
223 400 338 467 babent
371 399 591 476 delinitionetn.
615 400 836 465 Definitionem
864 415 968 465 autern

68 487 161 552 tabent
175 488 402 575 incompletatu,
425 490 497 574 quia
520 509 583 553 non
607 503 736 573 possunt
759 486 880 553 definiri
904 487 962 553 nisi

68 590 175 641 onatnr
194 578 365 663 subjectum
405 579 436 641 in
473 597 582 641 eorum
617 576 806 653 delinitione3
843 590 873 639 et
908 577 968 641 boo

68 664 118 729 leo
138 666 271 751 estquis
294 688 358 733 non
380 666 495 731 babent
517 666 548 731 in
572 684 606 730 se
629 684 696 731 esre
720 665 895 731 absolutum
909 685 968 751 per

68 752 286 840 easubjecto;
308 756 375 832 sed,
398 756 477 821 sieut
500 775 538 821 ex
573 753 671 819 lorma
694 769 725 821 et
758 754 886 819 materia
921 773 967 819 re·

69 842 189 928 oquitur
212 864 280 911 esse
301 843 504 911 substantiale
537 844 663 928 quando
698 843 903 929 componitur,
928 844 968 907 ita

69 950 86 995 ι
107 931 258 997 accidente
279 945 311 998 et
333 932 472 1017 subjecto
495 931 679 1017 relinquitur
695 952 762 997 esse
778 930 968 995 accidentale

72 1020 169 1083 uando
190 1021 331 1087 accidens
353 1020 494 1103 subJeeto
517 1021 652 1087 advenit.
691 1022 724 1087 Et
765 1021 834 1086 ideo
873 1019 987 1085 etiam

70 1128 104 1173 ec
126 1107 220 1175 forma
242 1111 450 1176 substantialis
473 1111 659 1195 completam
683 1110 847 1175 essentiam
862 1107 965 1187 babet,

69 1198 259 1277 comatoria,
281 1200 354 1285 quia
377 1200 409 1263 in
452 1198 634 1263 delinitione
668 1197 787 1263 losanae
824 1198 967 1271 substan-

69 1284 123 1349 alis
144 1301 263 1371 oportet
286 1288 370 1389 quod
394 1301 526 1374 ponatur
550 1287 625 1351 illud
663 1288 751 1373 eujus
774 1301 819 1353 est
855 1284 966 1363 lorma;

68 1375 133 1437 ita
155 1374 334 1441 delinitio
306 1397 373 1460 ejus
395 1392 441 1441 est
454 1396 511 1478 per
525 1375 715 1441 additionem
733 1375 863 1461 alicujus
879 1378 963 1461 quod

68 1475 125 1527 ttra
147 1462 214 1548 ejus
236 1484 334 1549 genus
357 1478 413 1544 est,
437 1466 516 1529 sieut
549 1479 580 1529 et
613 1465 752 1529 definitio
775 1464 894 1529 formae
917 1485 966 1529 ao·

69 1551 209 1623 dentalis:
233 1568 265 1618 ut
287 1557 379 1619 etiam
416 1556 446 1618 in
485 1552 666 1619 delinitione
689 1557 822 1619 animae¹
839 1553 966 1639 ponitur

68 1660 152 1726 ›rpus
175 1661 192 1705 a
213 1642 346 1708 naturali
371 1639 431 1725 (l),
453 1644 506 1728 qui
522 1642 696 1707 considerat
716 1644 849 1707 animam
861 1641 964 1707 solunt

71 1744 220 1814 quantum
244 1746 290 1797 est
313 1730 412 1797 iorma
436 1731 552 1816 physici
575 1733 724 1816 eorporis.
760 1730 821 1795 Sed
860 1744 964 1795 tamen
999 1723 1002 1731 ’

70 1830 115 1881 ter
139 1818 254 1884 lormas
289 1818 505 1886 substantiales
542 1832 573 1884 et
606 1819 809 1885 accidentales
844 1832 963 1883 tautum

70 1920 174 1985 terest‚
196 1909 278 1995 quia,
300 1911 379 1973 sient
402 1907 502 1974 lorino
536 1907 744 1974 substantialis
767 1928 830 1973 non
870 1908 964 1973 babet

68 2017 89 2060 ·r
110 2017 145 2060 se
168 2018 237 2062 esse
259 1998 434 2064 absolutum
458 1999 525 2062 sine
548 2018 586 2062 eo
609 1999 659 2064 cui
690 1999 824 2076 advenit,
848 1998 888 2062 ita
906 2019 963 2062 nec

72 2085 242 2164 iadvenit,
264 2087 379 2153 seilicet
402 2087 529 2152 materia
554 2087 616 2172 (lb
655 2102 685 2152 et
708 2088 778 2152 ideo
812 2106 850 2153 ea
888 2107 963 2152 con-

69 2175 192 2240 netioue
216 2177 375 2262 utriusque
408 2175 593 2261 relinquitur
627 2175 703 2242 illud
739 2197 806 2241 esse
844 2175 875 2238 in
900 2196 962 2260 quo

69 2284 77 2326 s
101 2283 157 2349 per
173 2284 208 2330 se
230 2264 378 2344 subsistit,
400 2279 481 2330 etex
503 2264 548 2327 eis
571 2264 701 2329 edicitur
717 2286 813 2330 unum
837 2284 893 2350 per
916 2286 962 2341 se;

69 2366 156 2437 optes
180 2354 266 2439 quod
306 2375 343 2419 er
380 2352 599 2436 conjunctione
637 2373 745 2418 eorum
779 2353 964 2438 relinquitur

69 2443 162 2505 sentia
186 2443 350 2528 quaedam.
379 2441 467 2506 Unde
490 2441 601 2520 forma,
623 2444 763 2526 quamvis
788 2444 818 2508 in
841 2462 874 2506 se
890 2461 963 2504 coii-

69 2530 163 2596 lerata
188 2552 252 2596 troo
276 2531 389 2598 babeat
418 2532 570 2596 rationem
603 2533 777 2617 completae
799 2545 962 2608 essentiae,

69 2637 131 2682 nen
155 2632 204 2684 est
228 2641 299 2706 pars
320 2621 471 2686 essentiae
494 2621 677 2704 couipletae.
714 2620 775 2688 Sed
811 2619 887 2684 illud
911 2621 961 2684 eui

70 2708 152 2772 senit
178 2709 322 2774 accidens
345 2721 391 2774 est
414 2728 469 2772 ena
492 2710 523 2773 in
553 2729 586 2772 se
623 2707 823 2794 completum,
861 2714 962 2772 eonsi-

70 2815 106 2860 ns
131 2795 165 2862 in
190 2817 250 2861 suo
273 2817 351 2875 esse3
363 2797 447 2883 quod
460 2797 585 2897 quidem
598 2816 666 2861 esse
682 2796 859 2860 naturaliter
872 2816 960 2881 prae·

70 2886 100 2948 lit
125 2884 275 2950 accidens
297 2887 384 2972 quod
410 2885 607 2987 'supervenic
641 2899 671 2950 et
708 2886 779 2951 ideo
818 2884 960 2950 accidens

70 2975 263 3076 »ervenieos
286 2995 324 3040 ex
347 2973 565 3059 conjunctione
589 2974 636 3038 sui
664 2994 736 3038 eum
760 2994 798 3038 eo
836 2977 885 3038 eui
909 2995 960 3038 su-

73 3064 175 3140 venit,
190 3083 253 3126 uon
277 3076 383 3128 causat
404 3064 480 3128 illud
503 3084 570 3128 esse
596 3064 628 3127 in
653 3083 714 3148 quo
738 3082 788 3127 res
811 3061 959 3135 subsistit,

94 3111 186 3237 quod
213 3171 263 3217 res
285 3165 332 3218 est
355 3172 410 3218 eus
434 3171 490 3238 per
511 3170 556 3226 se,
579 3153 633 3216 sed
671 3164 776 3218 causat
799 3151 957 3237 quoddam

71 3240 300 3320 seecundum,
329 3241 397 3306 sinc
434 3260 496 3326 quo
533 3260 584 3307 res
621 3241 790 3306 subsistens
828 3239 957 3326 intelligi

75 3373 106 3446 l)
126 3377 151 3429 A
173 3375 307 3441 naturali,
326 3377 343 3428 i.
354 3391 379 3428 e.
397 3392 412 3430 a
430 3375 586 3446 philosopho
603 3378 728 3434 naturali.

71 3446 103 3512 2)
125 3447 233 3501 Sensus
246 3455 296 3501 ast:
316 3446 356 3501 lta
374 3455 401 3501 ct
424 3451 543 3514 materia,
567 3452 609 3500 cui
639 3450 723 3504 forma
754 3447 870 3516 advenit,
901 3465 954 3506 non

74 3526 85 3568 t
104 3534 169 3572 esse
188 3518 340 3580 absolutum
358 3520 414 3572 sine
431 3519 516 3574 forma
534 3520 698 3578 adveniente.

71 3590 82 3652 ·.
116 3591 177 3656 rs.
206 3589 354 3657 salariae
377 3592 459 3657 rau.
484 3581 519 3661 ι.
548 3592 580 3659 a.
862 3591 904 3659 rr
