2484 3975
420 229 458 274 nu
481 228 678 276 aurnnmrtra
700 226 791 272 uuum
1003 208 1063 273 out

145 293 257 378 laoere,
278 295 348 363 ideo
371 298 596 364 ostendendum
631 310 677 364 est
710 295 793 382 quod
828 307 984 383 praestant
1023 299 1068 362 eis

145 383 245 451 debile
267 383 515 453 fundamentum.
538 387 711 454 Dicitenim
730 385 950 450 Damasoeuus:
971 385 1065 451 «Non

145 485 250 560 aptum
274 488 380 540 natum
404 476 554 563 estquod
578 495 615 542 ex
637 495 701 540 non
726 488 798 540 eute
822 473 861 538 ad
886 493 954 538 esse
969 473 1094 540 dedu·¹

144 562 223 627 citur
244 577 443 630 coaeteruum
466 585 533 631 esse
556 566 583 630 ei
608 562 693 651 quod
731 563 797 627 sine
835 563 984 648 principio
1022 578 1069 628 est

144 662 175 715 et
196 671 319 738 semper
342 667 388 718 est
410 681 424 711 »
454 653 516 740 (l).
540 654 627 733 ltem,
651 652 740 736 llugo
761 651 801 716 de
816 651 929 716 Sancto
945 652 1068 719 Victore

145 737 227 805 dicit:
258 768 272 799 ι
295 741 457 808 ineffabilis
481 742 723 831 omnipotentiae
750 739 846 806 uirtus
884 761 946 804 uon
970 741 1069 828 potuit

145 827 259 915 aliquid
283 846 405 916 praeter
427 851 461 896 se
485 832 600 897 babere
626 843 835 907 coaeternum,
858 848 921 913 quo
956 830 986 894 in
1025 828 1068 894 la·

146 917 256 982 oieudo
276 919 434 1003 juvaretur
457 918 518 1009 (ᾖ).
542 920 605 990 Sed
644 919 754 984 barum
789 918 1003 984 auctoritatum
1038 933 1068 984 et

146 1006 292 1072 similium
317 1007 487 1076 intellectus
526 1029 581 1096 per
614 1008 673 1074 boo
708 1019 790 1094 patet
826 1005 909 1092 quod
942 1007 1067 1074 Boetius

146 1095 228 1161 dicit:
258 1123 272 1154 ι
295 1095 362 1162 Non
386 1111 468 1164 reete
491 1098 628 1184 quidam,
651 1117 721 1163 oum
738 1094 866 1160 audiunt
882 1097 981 1161 risum
998 1096 1078 1161 Pla·¹

146 1185 209 1248 toul
233 1186 385 1251 mundum
411 1187 492 1253 buno
516 1207 573 1254 neo
596 1186 741 1252 babuisse
765 1184 883 1249 initium
921 1186 1066 1270 temporis

145 1291 204 1337 neo
226 1273 403 1341 habiturum
427 1297 496 1342 esse
520 1276 688 1354 delectum,
711 1275 771 1339 boo
798 1273 893 1338 modo
916 1276 1066 1341 conditori

145 1361 302 1428 eonditum
326 1365 478 1430 muudum
503 1365 568 1433 fieri
592 1378 790 1430 coaeteruum
821 1376 938 1449 putant.
976 1363 1065 1428 Aliud

53 1459 82 1488 ‘¹
145 1463 190 1516 est
212 1452 294 1516 enim
309 1473 364 1540 per
376 1453 634 1520 interminabilem
650 1452 720 1518 duoi
733 1453 838 1529 ritum,
850 1452 932 1537 quod
946 1452 1065 1517 mundo

144 1537 231 1605 Plato
255 1541 370 1618 tribuit;
393 1541 474 1607 allud
498 1542 732 1608 interminabilis
748 1541 826 1606 vitae
842 1554 936 1605 totam
953 1542 1065 1626 pariter

145 1627 338 1716 complexam
361 1650 427 1694 esse
451 1629 665 1717 praesentiam,
688 1630 772 1716 quod
795 1628 915 1695 divinae
954 1632 1065 1695 mentis

145 1718 305 1803 proprium
330 1738 396 1784 esse
430 1718 630 1785 mauiiestum
666 1735 748 1784 est»
778 1718 848 1805 (de
870 1717 1019 1799 Consul,
1042 1719 1064 1782 l.

145 1804 176 1883 5,
199 1826 230 1892 p.
253 1806 317 1870 549
337 1806 362 1890 ).
386 1807 472 1873 Unde
496 1821 579 1896 patet
600 1808 685 1896 quod
707 1806 800 1872 etlam
829 1826 892 1872 uon
928 1809 1066 1893 sequitur

144 1895 227 1980 quod
250 1895 376 1981 quidam
398 1897 558 1984 objiciunt,
579 1897 694 1964 scilieet
716 1894 800 1982 quod
834 1910 975 1961 ereatura
1013 1916 1062 1962 ae

144 1999 290 2071 quaretur
312 1984 379 2052 Deo
404 1988 434 2051 in
458 1988 631 2065 duratione,
653 2001 684 2051 et
707 1985 790 2072 quod
814 2005 869 2073 per
891 1984 975 2051 buno
998 2006 1066 2050 mo·

126 2074 219 2160 ,dum
242 2073 362 2140 (licetur
384 2076 466 2161 quod
490 2076 575 2142 nullo
599 2076 694 2142 modo
717 2088 817 2161 potest
844 2094 911 2139 esse
950 2074 1065 2161 aliquid

142 2175 339 2229 coaeternum
363 2164 441 2242 Deo,
464 2164 535 2252 quia
559 2165 634 2231 nihil
657 2165 772 2230 seilicet
805 2176 905 2250 potest
926 2183 994 2229 esse
1010 2164 1066 2227 lm-

140 2251 288 2317 mutabile
309 2253 367 2317 nisi
391 2254 474 2319 solus
497 2254 591 2334 Deus,
616 2252 699 2341 quod
723 2266 806 2338 patet
828 2271 883 2339 per
905 2252 964 2318 hoo
981 2252 1064 2338 quod

140 2336 213 2405 dicit
235 2342 430 2426 Augustinus:
461 2342 647 2430 «Tempus,
676 2344 823 2429 quoniam
863 2342 1064 2407 mutabilitate

142 2432 331 2508 transcurrit,
353 2433 524 2497 aeternitati
547 2430 734 2497 immutabili
761 2449 824 2495 non
863 2442 963 2516 potest
995 2449 1064 2496 esse

141 2530 348 2583 coaeternum.
372 2518 413 2585 alo
430 2540 485 2606 per
500 2520 560 2586 boo
575 2523 679 2598 etiam,
693 2519 720 2585 si
735 2518 948 2584 immortalitas
963 2520 1063 2605 Auge·

72 2662 74 2667 Α
142 2605 242 2671 lorum
266 2628 328 2671 nou
352 2610 511 2674 transitio
551 2623 691 2697 tempore
727 2627 784 2672 nee
822 2609 984 2694 praeterita
1018 2622 1065 2673 est

143 2695 229 2780 quasi
248 2694 313 2781 jam
336 2715 400 2762 uon
423 2698 462 2762 sit
485 2718 542 2764 uec
580 2697 683 2764 lutura
721 2696 808 2783 quasi
842 2697 981 2762 nondum
1015 2699 1064 2775 sit,

142 2798 244 2848 tamen
267 2804 374 2850 eorum
397 2799 510 2865 motus,
539 2788 652 2875 quibus
687 2799 825 2872 tempora
864 2799 1065 2872 peraguntur,

141 2890 179 2937 ex
202 2871 305 2937 futuro
329 2874 360 2937 in
383 2877 583 2961 praeteritum
607 2887 774 2942 transeunt.
788 2874 822 2938 Et
837 2874 908 2938 ideo
923 2876 1064 2953 creatori,

141 2963 172 3024 iu
195 2960 282 3046 eujus
305 2974 391 3027 motu
416 2964 582 3032 dicendum
607 2986 670 3031 nou
693 2976 739 3029 est
772 2961 821 3027 tel
854 2961 947 3028 luisse
981 2964 1064 3049 quod

138 3048 203 3133 jam
226 3070 289 3115 nou
312 3052 350 3115 sit
374 3050 421 3116 vel
445 3050 582 3119 loturum
619 3072 687 3119 esse
723 3050 805 3139 quod
844 3052 982 3116 nondum
1016 3054 1065 3131 sit,

140 3140 294 3204 coaeterni
320 3159 473 3206 essenon
496 3155 625 3230 possunt
647 3143 699 3231 (5)
721 3169 752 3206 ι.
787 3140 934 3206 Similiter
970 3142 1063 3206 etiam

140 3226 225 3293 dioit:
254 3228 370 3310 «Quia
394 3230 523 3295 omnino
546 3230 747 3298 immutabilis
784 3243 830 3295 est
866 3227 917 3295 illa
955 3242 1063 3295 natura

191 3365 230 3434 (l)
248 3366 323 3436 bita,
337 3365 363 3434 l,
380 3382 403 3420 o.
421 3366 447 3420 8.

192 3434 232 3507 (ἢ)
249 3439 306 3491 Lib.
325 3440 365 3493 De
384 3439 567 3508 Sarromaena,
584 3440 643 3494 init.

191 3508 230 3581 (ὅ)
248 3512 293 3585 D⁶i
313 3510 387 3567 ctstt.
406 3512 466 3585 Dei,
484 3513 501 3566 l.
521 3510 564 3597 ⁴2,
582 3529 604 3568 o.
625 3510 667 3567 lb.
