2484 3975
313 264 350 308 na
373 262 557 307 suasrturns
584 263 738 310 santulus
931 245 995 312 475

82 331 131 399 sed
152 331 287 417 indigent
309 333 455 396 materiae
481 331 692 397 laudamento.
732 331 792 397 Sed
823 332 938 399 dieunt:
962 336 996 400 ln

82 421 157 487 omui
179 441 292 505 genere
315 422 345 486 in
369 441 431 503 quo
455 420 608 486 invenitur
632 420 745 507 aliquid
770 421 999 507 imperfectum,

81 511 224 576 iuvenitur
247 511 338 575 etiam
362 508 477 595 aliquid
507 509 678 595 perlectum
716 510 887 576 seeundum
911 525 998 578 natu·

82 619 142 665 ram
164 598 241 663 illius
264 600 396 683 generis,
419 613 501 684 puta,
523 599 548 662 si
572 612 618 664 est
648 599 727 682 ignis
750 599 781 663 in
816 600 943 667 materia
967 623 1000 666 a·

82 689 158 753 liena
178 708 194 752 a
218 708 278 773 qua
307 687 385 770 ignis
419 687 592 752 seeundum
626 707 714 752 suurn
751 688 901 754 rationem
937 711 1001 756 uon

82 777 238 863 dependet,
258 795 386 841 neeesse
409 787 454 840 est
477 797 544 842 esse
567 777 671 860 ignem
696 798 758 842 nun
796 791 1001 845 sustentatum

82 867 112 930 in
133 865 257 930 materia
280 864 390 931 aliena.
414 864 492 931 Sunt
514 864 618 950 igitur.
632 886 724 951 supra
741 864 856 931 lurmas
881 867 911 932 in
934 888 1001 934 ma·

81 954 160 1018 teriis
181 966 328 1040 receptas,
351 954 473 1038 aliquae
495 953 613 1019 formae
653 974 707 1039 per
730 975 763 1020 se
802 955 1002 1023 subsistentes

80 1054 248 1128 quaesunt
270 1042 441 1128 spirituales
463 1041 650 1108 substantiae
673 1063 711 1108 ex
733 1045 861 1109 materia
889 1060 919 1110 et
941 1045 1003 1111 lor·

81 1153 129 1196 rna
152 1152 212 1196 nun
236 1132 434 1217 compositae.
459 1131 638 1198 Henetiam
662 1145 788 1219 apparet
823 1134 854 1198 in
890 1134 1002 1200 infimis

80 1221 314 1286 substantiarum
337 1220 554 1306 spiritualium,
565 1221 680 1287 scilieet
695 1221 867 1300 animabus,
897 1224 921 1288 si
934 1225 1002 1309 quis

80 1330 131 1374 eas
153 1310 237 1394 punit
259 1309 441 1394 corporibus
470 1309 550 1374 uniri
589 1323 623 1375 ut
654 1309 780 1386 forman
814 1312 1003 1397 impossibile

80 1410 125 1462 est
147 1398 228 1464 enirn
254 1397 284 1462 id
306 1398 389 1480 quod
413 1419 451 1464 ex
474 1399 601 1464 materia
625 1411 655 1463 et
682 1399 780 1464 lurnra
797 1403 1002 1484 compositum

79 1499 212 1551 estesse
235 1486 363 1570 alicujus
386 1488 526 1571 eorporis
550 1488 692 1564 lurmunt3
716 1502 745 1554 et
783 1487 924 1555 similiter
946 1492 1003 1558 itu-

81 1574 223 1660 possibile
247 1589 292 1640 est
315 1575 348 1640 id
371 1576 455 1661 quod
477 1590 523 1640 est
545 1577 672 1641 materia
693 1577 840 1680 ‘alicujus
879 1597 947 1644 esse
971 1601 1004 1643 a·

78 1677 162 1728 etum
185 1663 335 1749 ejusdem3
358 1665 472 1729 nulla
464 1665 556 1748 igitur
579 1686 649 1750 pars
673 1665 739 1768 ejus
762 1665 845 1752 quud
879 1680 927 1732 est
949 1668 1004 1732 alt·

79 1753 166 1836 eujus
189 1751 288 1819 fornia
312 1767 413 1838 potest
434 1774 502 1818 esse
532 1753 564 1816 iu
590 1755 717 1820 materia
753 1775 833 1841 quae
869 1768 916 1820 est
948 1776 1004 1843 po·

82 1842 176 1928 tentia
200 1861 277 1928 pura
302 1862 363 1906 nou
389 1856 474 1907 aetus
496 1841 558 1926 (l).

401 2019 574 2086 CAPUT
609 2020 686 2088 Vlll.

206 2196 325 2263 Salutio
347 2199 507 2265 retianum
529 2196 698 2263 Auieebrou
722 2200 886 2283 opinionis.

147 2374 200 2439 llis
216 2374 308 2458 igitur
331 2375 412 2453 visis,
436 2375 523 2439 lacile
546 2387 594 2440 est
615 2376 749 2441 rationes
776 2376 941 2442 dissolvere
976 2378 1007 2443 in

79 2464 273 2528 eotrtrarium
296 2462 454 2528 adductas.

149 2552 254 2617 Prima
276 2553 360 2617 enirn
397 2553 473 2617 ratio
508 2551 693 2617 concludere
729 2552 889 2618 videbatur
925 2555 1009 2640 quod

77 2660 147 2704 nun
173 2652 279 2726 posset
301 2661 369 2705 esse
392 2641 552 2705 diversitas
575 2642 606 2705 in
640 2639 848 2726 spiritualibus
871 2643 1011 2708 substan·

78 2730 140 2806 tiis,
165 2729 191 2793 si
215 2749 276 2793 non
300 2744 402 2795 essent
424 2750 461 2794 ex
484 2730 611 2795 materia
635 2742 665 2793 et
688 2727 787 2795 lorma
811 2732 1010 2816 compositae.

78 2817 173 2898 Quae
187 2816 313 2901 quidem
337 2820 414 2884 ratio
427 2818 458 2882 in
481 2833 610 2904 utraque
634 2830 718 2904 parte
731 2818 1013 2885 suaededuetiunis

75 2905 256 2971 deficiebat.
279 2905 386 2992 Neque
408 2908 491 2972 eninr
515 2918 635 2991 oportet
657 2906 740 2993 quod
765 2927 800 2971 ea
839 2922 1012 2993 quaesunt

74 2995 232 3059 materiae
255 3007 373 3060 tuntum
397 2998 457 3060 siut
473 2996 589 3081 absque
600 2994 785 3074 diversitate,
802 3015 904 3080 neque
920 2998 1013 3062 etiam

74 3084 140 3147 hoe
165 3097 289 3169 oportet
311 3084 350 3147 de
372 3084 549 3149 substantiis
564 3104 644 3170 quae
661 3097 732 3148 sunt
748 3082 866 3149 lormae
881 3099 1013 3151 tantum.

71 3171 207 3236 Dictum
231 3185 277 3237 est
299 3172 382 3237 enim
406 3172 500 3257 quod,
523 3173 594 3258 quia
617 3174 754 3250 materia,
786 3172 956 3238 seeundum
982 3174 1013 3240 id

72 3261 165 3346 quod
179 3272 236 3337 est,
247 3273 294 3325 est
308 3261 338 3325 ln
353 3262 486 3347 potentia
500 3282 565 3331 ens.
589 3281 714 3325 neeesse
727 3273 773 3327 est
787 3273 821 3327 ut
843 3263 1014 3327 seeundum

71 3350 240 3436 potentiae
262 3350 468 3415 diversitatem
490 3350 551 3414 sint
585 3350 730 3415 diversae
759 3351 915 3415 materiae.
952 3351 1014 3418 Neu

132 3470 175 3538 (l)
197 3471 268 3540 Quae
286 3475 458 3541 estpoteutlu
474 3488 544 3539 pura
561 3487 613 3524 uun
631 3478 714 3537 aulus,
740 3472 757 3523 i.
776 3486 799 3525 e.
831 3488 899 3541 quae
928 3475 1014 3527 estin

70 3544 205 3615 potentia
222 3560 299 3615 pura,
316 3552 343 3597 et
361 3559 414 3597 nun
431 3544 532 3614 aliquid
550 3559 597 3597 ens
615 3550 677 3597 autu
688 3544 806 3614 potentia
820 3546 943 3599 existens.
