2484 3975
320 247 379 293 ‚na
403 246 586 292 suescimus
609 248 764 293 sarnatus
874 306 878 315 Ι
948 227 1013 291 tttt

106 315 203 393 dictam
240 318 390 379 rationem
428 318 573 401 assignet,
611 316 800 382 enumeratis
834 316 1018 381 caelestibus

106 405 236 480 motibus,
259 425 355 487 quare
378 406 566 470 substantias
589 420 620 471 et
656 405 805 492 principia
844 404 1020 471 immobilia

105 507 131 556 et
150 492 297 559 sensibilia
323 506 366 557 tot
388 494 570 559 rationabile
593 508 639 559 est
662 496 830 579 suscipere:
872 493 1018 558 ‹Neces

103 583 205 647 sarium
228 583 312 646 enim
335 582 505 648 dimittatur
539 583 718 649 fortioribus
759 582 861 647 dicere
885 605 917 657 »3
956 602 1019 647 non

102 672 176 735 euim
196 671 357 754 reputabat
379 692 412 735 se
434 671 639 737 sufficientem
663 673 700 737 ed
725 672 783 737 boc
808 670 892 758 quod
918 671 949 735 in
975 684 1033 736 ta·-

103 760 173 825 libus
194 759 309 843 aliquid
333 780 369 825 es
393 762 574 826 necessitate
597 762 808 827 concluderet.

163 848 262 913 Potest
285 848 377 912 etiam
403 849 492 914 alicui
517 850 612 915 videri
631 850 821 937 praedictum
839 868 1018 935 processum

101 936 258 1002 Aristotelis
282 937 320 1001 ad
337 937 529 1004 ,substantias
554 940 772 1004 immateriales
788 936 948 1024 ponendas
973 936 1019 1001 iu·

102 1028 327 1091 convenientem
352 1047 429 1103 esse,
452 1045 491 1091 co
514 1029 597 1114 quod
624 1028 824 1113 prosettam
857 1026 1019 1110 sempiter-

100 1116 188 1178 nitate
212 1129 323 1191 motos‚
347 1136 427 1200 quae
461 1116 531 1182 lidei
556 1118 674 1182 veritati
698 1129 858 1203 repugnat.
899 1113 971 1192 Sed,
994 1116 1019 1179 si

100 1205 162 1288 quis
182 1202 345 1286 diligenter
384 1204 520 1271 attendat
557 1206 709 1272 rationem
746 1206 812 1291 ejus
847 1224 1019 1290 processus,

99 1313 157 1357 nou
180 1292 304 1371 tollitur,
327 1295 507 1358 aeternitate
523 1308 633 1361 ⁸motus
667 1295 796 1371 sublata3
820 1314 903 1371 uam,
942 1292 1020 1357 sicut

95 1401 130 1445 ex
152 1382 328 1445 aeternitate
359 1397 461 1447 motus
500 1384 694 1448 concluditur
733 1384 863 1449 motoris
900 1380 1018 1447 infinite

95 1471 235 1555 poteratis,
259 1470 299 1533 ita
325 1472 383 1534 boo
408 1472 490 1535 idem
521 1474 662 1537 concludi
702 1487 801 1558 potest
839 1492 876 1535 ex
916 1484 1019 1535 motus

96 1558 309 1624 uniformitate.
333 1560 431 1624 lictor
454 1561 538 1625 enim
562 1563 613 1647 qui
640 1582 763 1647 semper
798 1580 923 1625 mouere
957 1580 1018 1624 non

93 1661 190 1732 potest
213 1668 337 1712 necesse
361 1665 406 1713 est
429 1650 511 1735 quod
529 1651 815 1736 quandoquecitius
832 1648 1019 1735 quandoque

94 1737 206 1800 tardius
244 1752 375 1814 moreat,
412 1740 584 1803 secundum
620 1740 703 1824 quod
743 1739 889 1826 paulatim
925 1736 1019 1801 virtus

93 1826 159 1909 ejus
182 1824 285 1889 deficit
308 1827 339 1891 in
363 1827 528 1903 movend03
552 1829 583 1891 in
608 1829 742 1893 motibus
778 1842 882 1893 autern
920 1825 1020 1890 caele-

92 1913 189 1978 stibus
214 1915 368 1979 iuvenitur
392 1917 571 1980 omnimoda
596 1917 802 1993 uniformitas
828 1915 911 1981 uude
946 1935 1021 1979 con-

90 2003 174 2069 cludi
199 2018 299 2089 potest
322 2005 405 2090 quod
428 2007 540 2070 motari
565 2009 654 2092 primi
680 2022 781 2071 motus
817 2008 886 2070 insit
926 2006 1020 2070 uirtus

88 2093 128 2157 ad
153 2113 279 2180 semper
302 2096 503 2172 mouendum,
527 2110 557 2160 et
580 2099 624 2160 sic
648 2096 730 2160 idem
758 2098 908 2182 sequitur.

425 2272 688 2338 coruunt.

129 2449 169 2513 In
192 2470 252 2534 quo
276 2451 438 2515 conueniat
459 2452 563 2534 opinio
588 2452 729 2517 Plutonis
752 2465 782 2518 rt
803 2452 988 2516 Aristotelis.

159 2627 215 2692 llis
239 2627 331 2711 igitur
354 2629 436 2706 uisis,
459 2628 498 2692 de
523 2629 602 2693 sacili
628 2629 766 2716 accipere
805 2649 971 2716 possumus
994 2628 1024 2693 iu

83 2734 154 2804 quo
178 2717 366 2781 conueniant
387 2732 418 2781 ct
442 2719 471 2781 in
496 2739 557 2804 quo
581 2718 723 2782 differant
758 2721 924 2805 positiones
959 2717 1025 2781 tn-

81 2806 211 2872 stutelis
234 2819 265 2869 et
290 2806 424 2870 Platonis
459 2808 545 2872 circe·
578 2809 798 2872 immateriales
833 2807 1026 2873 substantias.

158 2895 268 2959 Primo
291 2896 415 2981 quidem
440 2897 628 2960 conveniunt
641 2897 670 2960 in
683 2917 746 2960 uuo
772 2897 866 2960 modo
878 2894 1027 2961 existendi

80 2985 245 3071 ipsorum.
271 2984 378 3048 Posuit
401 2987 484 3049 enim
507 2986 593 3050 Plato
616 2985 778 3050 inferiores
808 3006 917 3050 omnes
955 2984 1030 3049 sub·

77 3074 223 3138 stantius
247 3074 468 3138 immateriales
491 3095 559 3138 esse
583 3095 680 3137 unum
705 3075 877 3152 othonum,
891 3093 1029 3160 perpar-

78 3163 287 3247 ticipatioues
312 3162 402 3248 primi
428 3162 513 3248 quod
537 3176 582 3225 est
604 3162 778 3227 secundnm
811 3183 844 3229 se
880 3183 976 3226 unum
1000 3175 1032 3225 et

77 3252 226 3316 bonum.
251 3250 353 3315 Omne
378 3264 481 3315 autem
503 3250 690 3336 vparticipans
715 3251 828 3337 aliquid
862 3250 974 3335 'accipit
998 3251 1029 3314 id

76 3339 179 3425 quod
205 3342 364 3425 participat
388 3340 427 3404 ab
451 3360 488 3403 eo
511 3361 527 3403 a
552 3360 613 3424 quo
637 3339 805 3426 participet;
833 3354 863 3404 et
879 3355 1029 3426 quantum

78 3429 127 3492 ad
158 3430 234 3504 boc,
258 3430 288 3492 id
314 3451 329 3491 a
354 3448 417 3513 quo
441 3429 601 3516 participat
625 3441 670 3492 cst
694 3449 785 3494 causa
824 3430 930 3515 ipsius,
953 3431 1030 3493 sicut

75 3538 142 3582 aer
172 3518 271 3584 babet
293 3518 400 3583 lumen
424 3519 641 3607 participatum
663 3539 680 3583 a
704 3519 770 3584 sole
794 3521 845 3607 qui
870 3533 915 3584 est
938 3539 1030 3584 consa
