<?xml version="1.0" encoding="UTF-8"?>
<!DOCTYPE html PUBLIC "-//W3C//DTD XHTML 1.0 Transitional//EN"
    "http://www.w3.org/TR/xhtml1/DTD/xhtml1-transitional.dtd">
<html xmlns="http://www.w3.org/1999/xhtml" xml:lang="en" lang="en">
 <head>
  <title>
</title>
<meta http-equiv="Content-Type" content="text/html;charset=utf-8" />
  <meta name='ocr-system' content='tesseract 3.04.00' />
  <meta name='ocr-capabilities' content='ocr_page ocr_carea ocr_par ocr_line ocrx_word'/>
</head>
<body>
  <div class='ocr_page' id='page_1' title='image "./sanctithomaeaqu01thomgoog_0410.png"; bbox 0 0 2484 3975; ppageno 0'>
   <div class='ocr_carea' id='block_1_1' title="bbox 84 212 1115 2697">
    <p class='ocr_par' dir='ltr' id='par_1_1' title="bbox 195 212 839 279">
     <span class='ocr_line' id='line_1_1' title="bbox 195 212 839 279; baseline 0 0"><span class='ocrx_word' id='word_1_1' title='bbox 195 212 260 279; x_wconf 67' lang='grc'><strong>406</strong></span> <span class='ocrx_word' id='word_1_2' title='bbox 569 234 767 279; x_wconf 83' lang='lat' dir='ltr'><strong>unuscunutt·</strong></span> <span class='ocrx_word' id='word_1_3' title='bbox 837 238 839 243; x_wconf 68' lang='grc'>’</span> 
     </span>
    </p>

    <p class='ocr_par' dir='ltr' id='par_1_2' title="bbox 187 300 1115 1368">
     <span class='ocr_line' id='line_1_2' title="bbox 190 300 1115 391; baseline 0.002 -26"><span class='ocrx_word' id='word_1_4' title='bbox 190 303 324 368; x_wconf 80' lang='lat' dir='ltr'><strong>solutam</strong></span> <span class='ocrx_word' id='word_1_5' title='bbox 346 301 636 374; x_wconf 85' lang='lat' dir='ltr'><strong>considerationem.</strong></span> <span class='ocrx_word' id='word_1_6' title='bbox 659 304 801 369; x_wconf 87' lang='lat' dir='ltr'><strong>convenit</strong></span> <span class='ocrx_word' id='word_1_7' title='bbox 824 302 908 388; x_wconf 93' lang='lat' dir='ltr'><strong>quod</strong></span> <span class='ocrx_word' id='word_1_8' title='bbox 921 300 1115 391; x_wconf 84' lang='lat' dir='ltr'><strong>praedicetur</strong></span> 
     </span>
     <span class='ocr_line' id='line_1_3' title="bbox 190 390 1114 479; baseline -0.001 -23"><span class='ocrx_word' id='word_1_9' title='bbox 190 391 231 456; x_wconf 86' lang='lat' dir='ltr'><strong>de</strong></span> <span class='ocrx_word' id='word_1_10' title='bbox 251 390 387 463; x_wconf 86' lang='lat' dir='ltr'><strong>Socrate,</strong></span> <span class='ocrx_word' id='word_1_11' title='bbox 410 406 440 456; x_wconf 90' lang='lat' dir='ltr'><strong>et</strong></span> <span class='ocrx_word' id='word_1_12' title='bbox 463 393 540 456; x_wconf 90' lang='lat' dir='ltr'><strong>ratio</strong></span> <span class='ocrx_word' id='word_1_13' title='bbox 562 394 675 479; x_wconf 84' lang='lat' dir='ltr'><strong>speciei</strong></span> <span class='ocrx_word' id='word_1_14' title='bbox 698 412 761 456; x_wconf 87' lang='lat' dir='ltr'><strong>non</strong></span> <span class='ocrx_word' id='word_1_15' title='bbox 799 396 943 459; x_wconf 83' lang='lat' dir='ltr'><strong>convenit</strong></span> <span class='ocrx_word' id='word_1_16' title='bbox 974 391 1032 457; x_wconf 84' lang='lat' dir='ltr'>sibi</span> <span class='ocrx_word' id='word_1_17' title='bbox 1066 412 1114 456; x_wconf 89' lang='lat' dir='ltr'><strong>se-</strong></span> 
     </span>
     <span class='ocr_line' id='line_1_4' title="bbox 187 480 1115 568; baseline -0.001 -23"><span class='ocrx_word' id='word_1_18' title='bbox 187 480 325 545; x_wconf 84' lang='lat' dir='ltr'><strong>cundum</strong></span> <span class='ocrx_word' id='word_1_19' title='bbox 348 500 435 545; x_wconf 89' lang='lat' dir='ltr'><strong>suam</strong></span> <span class='ocrx_word' id='word_1_20' title='bbox 459 482 631 546; x_wconf 70' lang='lat' dir='ltr'><strong>absolutam</strong></span> <span class='ocrx_word' id='word_1_21' title='bbox 661 482 808 568; x_wconf 85' lang='lat' dir='ltr'><strong>(scilicet</strong></span> <span class='ocrx_word' id='word_1_22' title='bbox 847 482 1005 547; x_wconf 81' lang='lat' dir='ltr'><strong>humanae</strong></span> <span class='ocrx_word' id='word_1_23' title='bbox 1025 493 1115 545; x_wconf 87' lang='lat' dir='ltr'><strong>natu-</strong></span> 
     </span>
     <span class='ocr_line' id='line_1_5' title="bbox 190 569 1115 654; baseline -0.001 -21"><span class='ocrx_word' id='word_1_24' title='bbox 190 569 268 652; x_wconf 84' lang='lat' dir='ltr'><strong>raa)</strong></span> <span class='ocrx_word' id='word_1_25' title='bbox 290 569 580 648; x_wconf 74' lang='lat' dir='ltr'><strong>considerationem,</strong></span> <span class='ocrx_word' id='word_1_26' title='bbox 602 570 658 635; x_wconf 89' lang='lat' dir='ltr'><strong>sed</strong></span> <span class='ocrx_word' id='word_1_27' title='bbox 681 584 726 637; x_wconf 96' lang='grc' dir='ltr'><strong>εει</strong></span> <span class='ocrx_word' id='word_1_28' title='bbox 749 570 788 635; x_wconf 89' lang='lat' dir='ltr'><strong>de</strong></span> <span class='ocrx_word' id='word_1_29' title='bbox 811 571 1019 636; x_wconf 80' lang='lat' dir='ltr'><strong>accidentibus</strong></span> <span class='ocrx_word' id='word_1_30' title='bbox 1032 589 1115 654; x_wconf 91' lang='lat' dir='ltr'><strong>quae</strong></span> 
     </span>
     <span class='ocr_line' id='line_1_6' title="bbox 188 657 1113 745; baseline -0.001 -23"><span class='ocrx_word' id='word_1_31' title='bbox 188 674 419 744; x_wconf 87' lang='lat' dir='ltr'><strong>consequuntur</strong></span> <span class='ocrx_word' id='word_1_32' title='bbox 452 678 519 722; x_wconf 84' lang='lat' dir='ltr'><strong>eam</strong></span> <span class='ocrx_word' id='word_1_33' title='bbox 556 660 728 728; x_wconf 88' lang='lat' dir='ltr'><strong>secundum</strong></span> <span class='ocrx_word' id='word_1_34' title='bbox 759 659 915 745; x_wconf 80' lang='lat' dir='ltr'>quoddam</span> <span class='ocrx_word' id='word_1_35' title='bbox 939 657 1113 742; x_wconf 84' lang='lat' dir='ltr'><strong>essequod</strong></span> 
     </span>
     <span class='ocr_line' id='line_1_7' title="bbox 190 746 1114 831; baseline -0.004 -19"><span class='ocrx_word' id='word_1_36' title='bbox 190 747 284 812; x_wconf 87' lang='lat' dir='ltr'><strong>babet</strong></span> <span class='ocrx_word' id='word_1_37' title='bbox 305 748 337 811; x_wconf 93' lang='lat' dir='ltr'><strong>in</strong></span> <span class='ocrx_word' id='word_1_38' title='bbox 360 746 527 825; x_wconf 83' lang='lat' dir='ltr'><strong>intellectu,</strong></span> <span class='ocrx_word' id='word_1_39' title='bbox 549 747 620 812; x_wconf 90' lang='lat' dir='ltr'><strong>ideo</strong></span> <span class='ocrx_word' id='word_1_40' title='bbox 651 769 766 813; x_wconf 90' lang='lat' dir='ltr'><strong>nomen</strong></span> <span class='ocrx_word' id='word_1_41' title='bbox 804 750 916 831; x_wconf 70' lang='lat' dir='ltr'><strong>maciei</strong></span> <span class='ocrx_word' id='word_1_42' title='bbox 939 769 1001 813; x_wconf 93' lang='lat' dir='ltr'><strong>non</strong></span> <span class='ocrx_word' id='word_1_43' title='bbox 1025 766 1114 831; x_wconf 92' lang='lat' dir='ltr'><strong>prae-</strong></span> 
     </span>
     <span class='ocr_line' id='line_1_8' title="bbox 191 834 1113 921; baseline -0.001 -22"><span class='ocrx_word' id='word_1_44' title='bbox 191 834 310 901; x_wconf 78' lang='lat' dir='ltr'><strong>dicatur</strong></span> <span class='ocrx_word' id='word_1_45' title='bbox 333 834 371 899; x_wconf 91' lang='lat' dir='ltr'><strong>de</strong></span> <span class='ocrx_word' id='word_1_46' title='bbox 395 835 520 900; x_wconf 86' lang='lat' dir='ltr'><strong>Socrate</strong></span> <span class='ocrx_word' id='word_1_47' title='bbox 544 851 576 901; x_wconf 94' lang='lat' dir='ltr'><strong>ut</strong></span> <span class='ocrx_word' id='word_1_48' title='bbox 599 837 728 903; x_wconf 90' lang='lat' dir='ltr'><strong>dicatur:</strong></span> <span class='ocrx_word' id='word_1_49' title='bbox 752 836 893 903; x_wconf 79' lang='lat' dir='ltr'><strong>Socrates</strong></span> <span class='ocrx_word' id='word_1_50' title='bbox 910 855 955 902; x_wconf 88' lang='lat' dir='ltr'><strong>est</strong></span> <span class='ocrx_word' id='word_1_51' title='bbox 984 837 1113 921; x_wconf 86' lang='lat' dir='ltr'><strong>species;</strong></span> 
     </span>
     <span class='ocr_line' id='line_1_9' title="bbox 190 925 1114 1010; baseline -0.002 -20"><span class='ocrx_word' id='word_1_52' title='bbox 190 925 274 1010; x_wconf 93' lang='lat' dir='ltr'><strong>qnod</strong></span> <span class='ocrx_word' id='word_1_53' title='bbox 297 925 336 989; x_wconf 90' lang='lat' dir='ltr'><strong>de</strong></span> <span class='ocrx_word' id='word_1_54' title='bbox 358 925 538 990; x_wconf 85' lang='lat' dir='ltr'><strong>necessitate</strong></span> <span class='ocrx_word' id='word_1_55' title='bbox 559 926 723 1003; x_wconf 86' lang='lat' dir='ltr'><strong>accideret,</strong></span> <span class='ocrx_word' id='word_1_56' title='bbox 745 926 770 991; x_wconf 92' lang='lat' dir='ltr'><strong>si</strong></span> <span class='ocrx_word' id='word_1_57' title='bbox 804 928 882 991; x_wconf 90' lang='lat' dir='ltr'><strong>ratio</strong></span> <span class='ocrx_word' id='word_1_58' title='bbox 903 926 1015 1010; x_wconf 88' lang='lat' dir='ltr'><strong>speciei</strong></span> <span class='ocrx_word' id='word_1_59' title='bbox 1039 944 1114 995; x_wconf 44' lang='lat' dir='ltr'><strong>cona</strong></span> 
     </span>
     <span class='ocr_line' id='line_1_10' title="bbox 192 1011 1114 1100; baseline 0.003 -25"><span class='ocrx_word' id='word_1_60' title='bbox 192 1014 310 1078; x_wconf 81' lang='lat' dir='ltr'><strong>reniret</strong></span> <span class='ocrx_word' id='word_1_61' title='bbox 333 1014 451 1077; x_wconf 89' lang='lat' dir='ltr'><strong>bomini</strong></span> <span class='ocrx_word' id='word_1_62' title='bbox 475 1015 649 1079; x_wconf 89' lang='lat' dir='ltr'><strong>secundum</strong></span> <span class='ocrx_word' id='word_1_63' title='bbox 670 1036 738 1097; x_wconf 86' lang='lat' dir='ltr'><strong>esse</strong></span> <span class='ocrx_word' id='word_1_64' title='bbox 767 1014 850 1100; x_wconf 92' lang='lat' dir='ltr'><strong>quod</strong></span> <span class='ocrx_word' id='word_1_65' title='bbox 886 1015 978 1079; x_wconf 88' lang='lat' dir='ltr'><strong>babet</strong></span> <span class='ocrx_word' id='word_1_66' title='bbox 1001 1014 1032 1077; x_wconf 94' lang='lat' dir='ltr'><strong>in</strong></span> <span class='ocrx_word' id='word_1_67' title='bbox 1055 1011 1114 1078; x_wconf 86' lang='lat' dir='ltr'><strong>So·</strong></span> 
     </span>
     <span class='ocr_line' id='line_1_11' title="bbox 189 1101 1112 1180; baseline -0.001 -13"><span class='ocrx_word' id='word_1_68' title='bbox 189 1116 284 1180; x_wconf 85' lang='lat' dir='ltr'><strong>crate,</strong></span> <span class='ocrx_word' id='word_1_69' title='bbox 306 1102 353 1167; x_wconf 86' lang='lat' dir='ltr'><strong>rel</strong></span> <span class='ocrx_word' id='word_1_70' title='bbox 375 1102 546 1167; x_wconf 87' lang='lat' dir='ltr'><strong>secuudum</strong></span> <span class='ocrx_word' id='word_1_71' title='bbox 569 1124 658 1168; x_wconf 90' lang='lat' dir='ltr'><strong>suam</strong></span> <span class='ocrx_word' id='word_1_72' title='bbox 683 1104 854 1169; x_wconf 71' lang='lat' dir='ltr'><strong>absolutam</strong></span> <span class='ocrx_word' id='word_1_73' title='bbox 894 1101 1112 1169; x_wconf 88' lang='lat' dir='ltr'><strong>consideratio·</strong></span> 
     </span>
     <span class='ocr_line' id='line_1_12' title="bbox 187 1190 1112 1275; baseline -0.001 -20"><span class='ocrx_word' id='word_1_74' title='bbox 187 1210 273 1267; x_wconf 88' lang='lat' dir='ltr'><strong>nem,</strong></span> <span class='ocrx_word' id='word_1_75' title='bbox 295 1191 410 1255; x_wconf 83' lang='lat' dir='ltr'><strong>scilicet</strong></span> <span class='ocrx_word' id='word_1_76' title='bbox 431 1193 613 1275; x_wconf 83' lang='lat' dir='ltr'><strong>inquantum</strong></span> <span class='ocrx_word' id='word_1_77' title='bbox 637 1205 683 1257; x_wconf 87' lang='lat' dir='ltr'><strong>est</strong></span> <span class='ocrx_word' id='word_1_78' title='bbox 716 1193 821 1262; x_wconf 85' lang='lat' dir='ltr'><strong>homo,</strong></span> <span class='ocrx_word' id='word_1_79' title='bbox 845 1192 1002 1275; x_wconf 83' lang='lat' dir='ltr'><strong>Quidquid</strong></span> <span class='ocrx_word' id='word_1_80' title='bbox 1025 1190 1112 1254; x_wconf 85' lang='lat' dir='ltr'><strong>anim</strong></span> 
     </span>
     <span class='ocr_line' id='line_1_13' title="bbox 187 1280 1112 1368; baseline -0.003 -23"><span class='ocrx_word' id='word_1_81' title='bbox 187 1281 330 1345; x_wconf 87' lang='lat' dir='ltr'><strong>convenit</strong></span> <span class='ocrx_word' id='word_1_82' title='bbox 352 1280 469 1345; x_wconf 90' lang='lat' dir='ltr'><strong>bomini</strong></span> <span class='ocrx_word' id='word_1_83' title='bbox 492 1281 675 1368; x_wconf 86' lang='lat' dir='ltr'><strong>inquantum</strong></span> <span class='ocrx_word' id='word_1_84' title='bbox 698 1296 746 1346; x_wconf 86' lang='lat' dir='ltr'><strong>cst</strong></span> <span class='ocrx_word' id='word_1_85' title='bbox 774 1282 878 1359; x_wconf 89' lang='lat' dir='ltr'><strong>bomo,</strong></span> <span class='ocrx_word' id='word_1_86' title='bbox 915 1280 1112 1367; x_wconf 88' lang='lat' dir='ltr'><strong>praedicatur</strong></span> 
     </span>
    </p>

    <p class='ocr_par' dir='ltr' id='par_1_3' title="bbox 185 1368 384 1433">
     <span class='ocr_line' id='line_1_14' title="bbox 185 1368 384 1433; baseline 0.01 -2"><span class='ocrx_word' id='word_1_87' title='bbox 185 1368 233 1433; x_wconf 83' lang='lat' dir='ltr'><strong>de</strong></span> <span class='ocrx_word' id='word_1_88' title='bbox 248 1368 384 1433; x_wconf 87' lang='lat' dir='ltr'><strong>Socrate.</strong></span> 
     </span>
    </p>

    <p class='ocr_par' dir='ltr' id='par_1_4' title="bbox 84 1457 1113 2697">
     <span class='ocr_line' id='line_1_15' title="bbox 84 1457 1112 1543; baseline -0.003 -21"><span class='ocrx_word' id='word_1_89' title='bbox 84 1464 86 1469; x_wconf 85' lang='lat'>&#39;</span> <span class='ocrx_word' id='word_1_90' title='bbox 252 1458 286 1521; x_wconf 85' lang='lat' dir='ltr'><strong>Et</strong></span> <span class='ocrx_word' id='word_1_91' title='bbox 316 1470 420 1522; x_wconf 88' lang='lat' dir='ltr'><strong>tamen</strong></span> <span class='ocrx_word' id='word_1_92' title='bbox 454 1458 624 1542; x_wconf 87' lang='lat' dir='ltr'><strong>praedicari</strong></span> <span class='ocrx_word' id='word_1_93' title='bbox 663 1458 806 1524; x_wconf 84' lang='lat' dir='ltr'><strong>convenit</strong></span> <span class='ocrx_word' id='word_1_94' title='bbox 844 1457 949 1541; x_wconf 80' lang='lat' dir='ltr'><strong>generi</strong></span> <span class='ocrx_word' id='word_1_95' title='bbox 989 1476 1045 1543; x_wconf 86' lang='lat' dir='ltr'><strong>per</strong></span> <span class='ocrx_word' id='word_1_96' title='bbox 1065 1474 1112 1533; x_wconf 86' lang='lat' dir='ltr'><strong>se,</strong></span> 
     </span>
     <span class='ocr_line' id='line_1_16' title="bbox 184 1544 1111 1631; baseline -0.001 -21"><span class='ocrx_word' id='word_1_97' title='bbox 184 1566 256 1610; x_wconf 90' lang='lat' dir='ltr'><strong>cum</strong></span> <span class='ocrx_word' id='word_1_98' title='bbox 280 1546 311 1611; x_wconf 93' lang='lat' dir='ltr'><strong>in</strong></span> <span class='ocrx_word' id='word_1_99' title='bbox 334 1544 401 1628; x_wconf 85' lang='lat' dir='ltr'><strong>ejus</strong></span> <span class='ocrx_word' id='word_1_100' title='bbox 423 1546 602 1611; x_wconf 86' lang='lat' dir='ltr'><strong>definitione</strong></span> <span class='ocrx_word' id='word_1_101' title='bbox 636 1562 778 1631; x_wconf 92' lang='lat' dir='ltr'><strong>ponatur.</strong></span> <span class='ocrx_word' id='word_1_102' title='bbox 810 1546 1002 1611; x_wconf 71' lang='lat' dir='ltr'><strong>praedicatio</strong></span> <span class='ocrx_word' id='word_1_103' title='bbox 1025 1544 1111 1609; x_wconf 88' lang='lat' dir='ltr'><strong>enirn</strong></span> 
     </span>
     <span class='ocr_line' id='line_1_17' title="bbox 185 1634 1113 1721; baseline -0.002 -22"><span class='ocrx_word' id='word_1_104' title='bbox 185 1647 231 1699; x_wconf 82' lang='lat' dir='ltr'><strong>est</strong></span> <span class='ocrx_word' id='word_1_105' title='bbox 253 1634 409 1720; x_wconf 87' lang='lat' dir='ltr'><strong>quoddam</strong></span> <span class='ocrx_word' id='word_1_106' title='bbox 433 1636 515 1720; x_wconf 92' lang='lat' dir='ltr'><strong>quod</strong></span> <span class='ocrx_word' id='word_1_107' title='bbox 539 1634 712 1720; x_wconf 85' lang='lat' dir='ltr'><strong>completur</strong></span> <span class='ocrx_word' id='word_1_108' title='bbox 745 1656 801 1721; x_wconf 87' lang='lat' dir='ltr'><strong>per</strong></span> <span class='ocrx_word' id='word_1_109' title='bbox 835 1637 987 1700; x_wconf 87' lang='lat' dir='ltr'><strong>actionem</strong></span> <span class='ocrx_word' id='word_1_110' title='bbox 1022 1634 1113 1698; x_wconf 88' lang='lat' dir='ltr'><strong>intel-</strong></span> 
     </span>
     <span class='ocr_line' id='line_1_18' title="bbox 186 1722 1112 1811; baseline -0.001 -24"><span class='ocrx_word' id='word_1_111' title='bbox 186 1723 284 1789; x_wconf 86' lang='lat' dir='ltr'><strong>lectus</strong></span> <span class='ocrx_word' id='word_1_112' title='bbox 306 1726 519 1811; x_wconf 89' lang='lat' dir='ltr'><strong>componentis</strong></span> <span class='ocrx_word' id='word_1_113' title='bbox 542 1739 572 1790; x_wconf 93' lang='lat' dir='ltr'><strong>et</strong></span> <span class='ocrx_word' id='word_1_114' title='bbox 594 1725 768 1802; x_wconf 80' lang='lat' dir='ltr'><strong>dividentis,</strong></span> <span class='ocrx_word' id='word_1_115' title='bbox 792 1724 910 1789; x_wconf 89' lang='lat' dir='ltr'><strong>babens</strong></span> <span class='ocrx_word' id='word_1_116' title='bbox 924 1738 1026 1787; x_wconf 89' lang='lat' dir='ltr'><strong>tamen</strong></span> <span class='ocrx_word' id='word_1_117' title='bbox 1043 1722 1112 1787; x_wconf 89' lang='lat' dir='ltr'><strong>lun·</strong></span> 
     </span>
     <span class='ocr_line' id='line_1_19' title="bbox 185 1813 1110 1899; baseline -0.001 -23"><span class='ocrx_word' id='word_1_118' title='bbox 185 1813 364 1878; x_wconf 87' lang='lat' dir='ltr'><strong>damentum</strong></span> <span class='ocrx_word' id='word_1_119' title='bbox 389 1815 419 1878; x_wconf 89' lang='lat' dir='ltr'><strong>in</strong></span> <span class='ocrx_word' id='word_1_120' title='bbox 443 1833 488 1891; x_wconf 87' lang='lat' dir='ltr'><strong>re,</strong></span> <span class='ocrx_word' id='word_1_121' title='bbox 510 1814 607 1899; x_wconf 84' lang='lat' dir='ltr'><strong>ipsam</strong></span> <span class='ocrx_word' id='word_1_122' title='bbox 643 1815 791 1878; x_wconf 88' lang='lat' dir='ltr'><strong>unitatem</strong></span> <span class='ocrx_word' id='word_1_123' title='bbox 827 1834 935 1876; x_wconf 89' lang='lat' dir='ltr'><strong>eorum</strong></span> <span class='ocrx_word' id='word_1_124' title='bbox 975 1830 1110 1894; x_wconf 87' lang='lat' dir='ltr'><strong>quorum</strong></span> 
     </span>
     <span class='ocr_line' id='line_1_20' title="bbox 187 1899 1111 1986; baseline -0.003 -21"><span class='ocrx_word' id='word_1_125' title='bbox 187 1922 285 1965; x_wconf 92' lang='lat' dir='ltr'><strong>unum</strong></span> <span class='ocrx_word' id='word_1_126' title='bbox 308 1901 348 1965; x_wconf 89' lang='lat' dir='ltr'><strong>de</strong></span> <span class='ocrx_word' id='word_1_127' title='bbox 370 1902 467 1967; x_wconf 91' lang='lat' dir='ltr'><strong>altero</strong></span> <span class='ocrx_word' id='word_1_128' title='bbox 490 1902 608 1971; x_wconf 88' lang='lat' dir='ltr'><strong>dicitur.</strong></span> <span class='ocrx_word' id='word_1_129' title='bbox 635 1902 722 1967; x_wconf 88' lang='lat' dir='ltr'><strong>Unde</strong></span> <span class='ocrx_word' id='word_1_130' title='bbox 745 1904 822 1967; x_wconf 90' lang='lat' dir='ltr'><strong>ratio</strong></span> <span class='ocrx_word' id='word_1_131' title='bbox 839 1899 1111 1986; x_wconf 87' lang='lat' dir='ltr'><strong>praedicabilitatis</strong></span> 
     </span>
     <span class='ocr_line' id='line_1_21' title="bbox 186 1991 1109 2077; baseline -0.002 -23"><span class='ocrx_word' id='word_1_132' title='bbox 186 2003 286 2077; x_wconf 88' lang='lat' dir='ltr'><strong>potest</strong></span> <span class='ocrx_word' id='word_1_133' title='bbox 309 1991 409 2056; x_wconf 90' lang='lat' dir='ltr'><strong>claudi</strong></span> <span class='ocrx_word' id='word_1_134' title='bbox 433 1993 463 2056; x_wconf 89' lang='lat' dir='ltr'><strong>iu</strong></span> <span class='ocrx_word' id='word_1_135' title='bbox 487 1993 606 2057; x_wconf 89' lang='lat' dir='ltr'><strong>ratione</strong></span> <span class='ocrx_word' id='word_1_136' title='bbox 629 1993 721 2077; x_wconf 71' lang='lat' dir='ltr'><strong>liujus</strong></span> <span class='ocrx_word' id='word_1_137' title='bbox 757 1991 933 2058; x_wconf 88' lang='lat' dir='ltr'><strong>intentionis</strong></span> <span class='ocrx_word' id='word_1_138' title='bbox 959 2003 1109 2076; x_wconf 89' lang='lat' dir='ltr'><strong>quaeest</strong></span> 
     </span>
     <span class='ocr_line' id='line_1_22' title="bbox 183 2080 1109 2167; baseline 0 -25"><span class='ocrx_word' id='word_1_139' title='bbox 183 2100 294 2163; x_wconf 77' lang='lat' dir='ltr'><strong>gertus,</strong></span> <span class='ocrx_word' id='word_1_140' title='bbox 316 2101 396 2166; x_wconf 87' lang='lat' dir='ltr'><strong>quae</strong></span> <span class='ocrx_word' id='word_1_141' title='bbox 417 2081 557 2147; x_wconf 84' lang='lat' dir='ltr'><strong>similiter</strong></span> <span class='ocrx_word' id='word_1_142' title='bbox 580 2102 634 2167; x_wconf 81' lang='lat' dir='ltr'><strong>per</strong></span> <span class='ocrx_word' id='word_1_143' title='bbox 658 2081 809 2146; x_wconf 88' lang='lat' dir='ltr'><strong>actionem</strong></span> <span class='ocrx_word' id='word_1_144' title='bbox 827 2080 1000 2145; x_wconf 86' lang='lat' dir='ltr'><strong>intellectus</strong></span> <span class='ocrx_word' id='word_1_145' title='bbox 1024 2098 1109 2143; x_wconf 91' lang='lat' dir='ltr'><strong>com-</strong></span> 
     </span>
     <span class='ocr_line' id='line_1_23' title="bbox 184 2167 1107 2254; baseline 0 -22"><span class='ocrx_word' id='word_1_146' title='bbox 184 2167 295 2254; x_wconf 66' lang='lat' dir='ltr'><strong>pletum</strong></span> <span class='ocrx_word' id='word_1_147' title='bbox 318 2169 517 2233; x_wconf 90' lang='lat' dir='ltr'><strong>nibilominus</strong></span> <span class='ocrx_word' id='word_1_148' title='bbox 548 2170 580 2234; x_wconf 82' lang='lat' dir='ltr'><strong>id</strong></span> <span class='ocrx_word' id='word_1_149' title='bbox 614 2171 663 2234; x_wconf 89' lang='lat' dir='ltr'><strong>eni</strong></span> <span class='ocrx_word' id='word_1_150' title='bbox 698 2170 869 2234; x_wconf 88' lang='lat' dir='ltr'><strong>intellectus</strong></span> <span class='ocrx_word' id='word_1_151' title='bbox 904 2169 1107 2232; x_wconf 88' lang='lat' dir='ltr'><strong>intentionem</strong></span> 
     </span>
     <span class='ocr_line' id='line_1_24' title="bbox 183 2257 1108 2344; baseline -0.002 -22"><span class='ocrx_word' id='word_1_152' title='bbox 183 2257 450 2343; x_wconf 88' lang='lat' dir='ltr'><strong>praedicabilitatis</strong></span> <span class='ocrx_word' id='word_1_153' title='bbox 474 2259 620 2337; x_wconf 83' lang='lat' dir='ltr'><strong>attribuit,</strong></span> <span class='ocrx_word' id='word_1_154' title='bbox 644 2279 833 2344; x_wconf 87' lang='lat' dir='ltr'><strong>componens</strong></span> <span class='ocrx_word' id='word_1_155' title='bbox 855 2257 887 2320; x_wconf 92' lang='lat' dir='ltr'><strong>id</strong></span> <span class='ocrx_word' id='word_1_156' title='bbox 910 2278 981 2321; x_wconf 92' lang='lat' dir='ltr'><strong>cum</strong></span> <span class='ocrx_word' id='word_1_157' title='bbox 998 2257 1108 2332; x_wconf 86' lang='lat' dir='ltr'><strong>altero,</strong></span> 
     </span>
     <span class='ocr_line' id='line_1_25' title="bbox 182 2345 1107 2432; baseline -0.004 -21"><span class='ocrx_word' id='word_1_158' title='bbox 182 2361 313 2412; x_wconf 86' lang='lat' dir='ltr'><strong>nonest</strong></span> <span class='ocrx_word' id='word_1_159' title='bbox 336 2347 400 2432; x_wconf 88' lang='lat' dir='ltr'><strong>ipsa</strong></span> <span class='ocrx_word' id='word_1_160' title='bbox 424 2348 551 2412; x_wconf 88' lang='lat' dir='ltr'><strong>intentio</strong></span> <span class='ocrx_word' id='word_1_161' title='bbox 574 2351 707 2430; x_wconf 76' lang='lat' dir='ltr'><strong>generis,</strong></span> <span class='ocrx_word' id='word_1_162' title='bbox 730 2347 783 2412; x_wconf 88' lang='lat' dir='ltr'><strong>sed</strong></span> <span class='ocrx_word' id='word_1_163' title='bbox 807 2347 908 2432; x_wconf 91' lang='lat' dir='ltr'><strong>potius</strong></span> <span class='ocrx_word' id='word_1_164' title='bbox 925 2346 967 2424; x_wconf 68' lang='lat' dir='ltr'><strong>,td</strong></span> <span class='ocrx_word' id='word_1_165' title='bbox 990 2347 1038 2410; x_wconf 82' lang='lat' dir='ltr'><strong>cui</strong></span> <span class='ocrx_word' id='word_1_166' title='bbox 1059 2345 1107 2408; x_wconf 93' lang='lat' dir='ltr'><strong>in-</strong></span> 
     </span>
     <span class='ocr_line' id='line_1_26' title="bbox 180 2432 1106 2520; baseline -0.003 -21"><span class='ocrx_word' id='word_1_167' title='bbox 180 2434 319 2500; x_wconf 85' lang='lat' dir='ltr'><strong>tellectus</strong></span> <span class='ocrx_word' id='word_1_168' title='bbox 342 2438 543 2501; x_wconf 86' lang='lat' dir='ltr'><strong>intentionem</strong></span> <span class='ocrx_word' id='word_1_169' title='bbox 576 2437 698 2520; x_wconf 76' lang='lat' dir='ltr'><strong>generis</strong></span> <span class='ocrx_word' id='word_1_170' title='bbox 722 2435 869 2510; x_wconf 79' lang='lat' dir='ltr'><strong>attribuit,</strong></span> <span class='ocrx_word' id='word_1_171' title='bbox 910 2435 987 2498; x_wconf 85' lang='lat' dir='ltr'><strong>sicut</strong></span> <span class='ocrx_word' id='word_1_172' title='bbox 1022 2432 1106 2518; x_wconf 92' lang='lat' dir='ltr'><strong>quod</strong></span> 
     </span>
     <span class='ocr_line' id='line_1_27' title="bbox 179 2524 1107 2610; baseline 0 -24"><span class='ocrx_word' id='word_1_173' title='bbox 179 2524 370 2608; x_wconf 77' lang='lat' dir='ltr'><strong>significatur</strong></span> <span class='ocrx_word' id='word_1_174' title='bbox 392 2525 452 2590; x_wconf 91' lang='lat' dir='ltr'><strong>hoe</strong></span> <span class='ocrx_word' id='word_1_175' title='bbox 475 2525 602 2590; x_wconf 84' lang='lat' dir='ltr'><strong>nomine</strong></span> <span class='ocrx_word' id='word_1_176' title='bbox 626 2527 745 2590; x_wconf 83' lang='lat' dir='ltr'><strong>attirnnl</strong></span> <span class='ocrx_word' id='word_1_177' title='bbox 768 2525 828 2610; x_wconf 88' lang='lat' dir='ltr'><strong>(l).</strong></span> <span class='ocrx_word' id='word_1_178' title='bbox 853 2525 903 2588; x_wconf 88' lang='lat' dir='ltr'><strong>Sic</strong></span> <span class='ocrx_word' id='word_1_179' title='bbox 933 2543 1009 2606; x_wconf 80' lang='lat' dir='ltr'><strong>ergo</strong></span> <span class='ocrx_word' id='word_1_180' title='bbox 1024 2533 1107 2607; x_wconf 89' lang='lat' dir='ltr'><strong>patet</strong></span> 
     </span>
     <span class='ocr_line' id='line_1_28' title="bbox 179 2609 1104 2697; baseline -0.003 -21"><span class='ocrx_word' id='word_1_181' title='bbox 179 2613 310 2697; x_wconf 87' lang='lat' dir='ltr'><strong>qualiter</strong></span> <span class='ocrx_word' id='word_1_182' title='bbox 322 2615 452 2680; x_wconf 83' lang='lat' dir='ltr'><strong>essentia</strong></span> <span class='ocrx_word' id='word_1_183' title='bbox 476 2615 523 2679; x_wconf 88' lang='lat' dir='ltr'><strong>vel</strong></span> <span class='ocrx_word' id='word_1_184' title='bbox 540 2629 647 2680; x_wconf 88' lang='lat' dir='ltr'><strong>natura</strong></span> <span class='ocrx_word' id='word_1_185' title='bbox 671 2634 704 2680; x_wconf 88' lang='lat' dir='ltr'><strong>se</strong></span> <span class='ocrx_word' id='word_1_186' title='bbox 728 2615 821 2678; x_wconf 89' lang='lat' dir='ltr'><strong>babet</strong></span> <span class='ocrx_word' id='word_1_187' title='bbox 836 2613 967 2692; x_wconf 62' lang='lat' dir='ltr'><strong>,ratione</strong></span> <span class='ocrx_word' id='word_1_188' title='bbox 980 2609 1104 2696; x_wconf 86' lang='lat' dir='ltr'><strong>speciei,</strong></span> 
     </span>
    </p>
   </div>
   <div class='ocr_carea' id='block_1_2' title="bbox 174 2770 1106 3211">
    <p class='ocr_par' dir='ltr' id='par_1_5' title="bbox 174 2770 1106 3211">
     <span class='ocr_line' id='line_1_29' title="bbox 236 2770 1105 2855; baseline -0.007 -13"><span class='ocrx_word' id='word_1_189' title='bbox 236 2785 274 2852; x_wconf 83' lang='lat' dir='ltr'><strong>tt)</strong></span> <span class='ocrx_word' id='word_1_190' title='bbox 294 2786 324 2840; x_wconf 95' lang='lat' dir='ltr'><strong>ln</strong></span> <span class='ocrx_word' id='word_1_191' title='bbox 343 2786 474 2853; x_wconf 89' lang='lat' dir='ltr'><strong>hocloco,</strong></span> <span class='ocrx_word' id='word_1_192' title='bbox 494 2770 528 2834; x_wconf 72' lang='grc' dir='ltr'><strong>τὸ</strong></span> <span class='ocrx_word' id='word_1_193' title='bbox 543 2803 626 2855; x_wconf 76' lang='lat' dir='ltr'><strong>penus</strong></span> <span class='ocrx_word' id='word_1_194' title='bbox 658 2785 797 2854; x_wconf 86' lang='lat' dir='ltr'><strong>dupliciter</strong></span> <span class='ocrx_word' id='word_1_195' title='bbox 826 2784 990 2851; x_wconf 85' lang='lat' dir='ltr'><strong>intelligitur:</strong></span> <span class='ocrx_word' id='word_1_196' title='bbox 1010 2781 1033 2834; x_wconf 89' lang='lat' dir='ltr'><strong>l.</strong></span> <span class='ocrx_word' id='word_1_197' title='bbox 1050 2783 1105 2852; x_wconf 79' lang='lat' dir='ltr'><strong>[or-</strong></span> 
     </span>
     <span class='ocr_line' id='line_1_30' title="bbox 176 2851 1106 2928; baseline -0.001 -19"><span class='ocrx_word' id='word_1_198' title='bbox 176 2858 294 2919; x_wconf 82' lang='lat' dir='ltr'><strong>molr&#39;ter,</strong></span> <span class='ocrx_word' id='word_1_199' title='bbox 315 2861 332 2912; x_wconf 84' lang='lat' dir='ltr'><strong>i.</strong></span> <span class='ocrx_word' id='word_1_200' title='bbox 351 2874 373 2910; x_wconf 86' lang='lat' dir='ltr'><strong>e.</strong></span> <span class='ocrx_word' id='word_1_201' title='bbox 392 2859 548 2926; x_wconf 88' lang='lat' dir='ltr'><strong>inquantum</strong></span> <span class='ocrx_word' id='word_1_202' title='bbox 563 2859 666 2910; x_wconf 81' lang='lat' dir='ltr'><strong>cuidam</strong></span> <span class='ocrx_word' id='word_1_203' title='bbox 685 2851 803 2928; x_wconf 85' lang='lat' dir='ltr'><strong>subjecto</strong></span> <span class='ocrx_word' id='word_1_204' title='bbox 826 2855 986 2908; x_wconf 83' lang='lat' dir='ltr'><strong>attribuitur.</strong></span> <span class='ocrx_word' id='word_1_205' title='bbox 1000 2857 1026 2905; x_wconf 88' lang='lat' dir='ltr'><strong>in</strong></span> <span class='ocrx_word' id='word_1_206' title='bbox 1045 2871 1106 2924; x_wconf 85' lang='lat' dir='ltr'><strong>pro·</strong></span> 
     </span>
     <span class='ocr_line' id='line_1_31' title="bbox 176 2929 1105 3000; baseline -0.003 -19"><span class='ocrx_word' id='word_1_207' title='bbox 176 2931 316 2997; x_wconf 69' lang='lat' dir='ltr'><strong>posztionez</strong></span> <span class='ocrx_word' id='word_1_208' title='bbox 334 2929 359 2981; x_wconf 73' lang='lat'><strong>2.</strong></span> <span class='ocrx_word' id='word_1_209' title='bbox 377 2931 622 3000; x_wconf 72' lang='lat' dir='ltr'><strong>fundamentaliter,</strong></span> <span class='ocrx_word' id='word_1_210' title='bbox 646 2931 664 2980; x_wconf 86' lang='lat' dir='ltr'><strong>i.</strong></span> <span class='ocrx_word' id='word_1_211' title='bbox 693 2943 715 2979; x_wconf 88' lang='lat' dir='ltr'><strong>e.</strong></span> <span class='ocrx_word' id='word_1_212' title='bbox 748 2929 904 2996; x_wconf 87' lang='lat' dir='ltr'><strong>inquantum</strong></span> <span class='ocrx_word' id='word_1_213' title='bbox 934 2933 975 2977; x_wconf 89' lang='lat' dir='ltr'><strong>est</strong></span> <span class='ocrx_word' id='word_1_214' title='bbox 1007 2933 1105 2978; x_wconf 85' lang='lat' dir='ltr'><strong>natura</strong></span> 
     </span>
     <span class='ocr_line' id='line_1_32' title="bbox 175 2998 1104 3065; baseline -0.003 -13"><span class='ocrx_word' id='word_1_215' title='bbox 175 3015 254 3052; x_wconf 84' lang='lat' dir='ltr'><strong>suum</strong></span> <span class='ocrx_word' id='word_1_216' title='bbox 273 3000 372 3053; x_wconf 90' lang='lat' dir='ltr'><strong>babens</strong></span> <span class='ocrx_word' id='word_1_217' title='bbox 389 2999 589 3053; x_wconf 83' lang='lat' dir='ltr'><strong>fundamentum</strong></span> <span class='ocrx_word' id='word_1_218' title='bbox 607 3002 635 3052; x_wconf 90' lang='lat' dir='ltr'><strong>in</strong></span> <span class='ocrx_word' id='word_1_219' title='bbox 662 2999 808 3060; x_wconf 89' lang='lat' dir='ltr'><strong>individuo,</strong></span> <span class='ocrx_word' id='word_1_220' title='bbox 833 2998 874 3049; x_wconf 91' lang='lat' dir='ltr'><strong>cui</strong></span> <span class='ocrx_word' id='word_1_221' title='bbox 900 3005 1021 3063; x_wconf 77' lang='lat' dir='ltr'><strong>araturae,</strong></span> <span class='ocrx_word' id='word_1_222' title='bbox 1056 3013 1104 3065; x_wconf 90' lang='lat' dir='ltr'><strong>per</strong></span> 
     </span>
     <span class='ocr_line' id='line_1_33' title="bbox 175 3061 1103 3142; baseline -0.002 -20"><span class='ocrx_word' id='word_1_223' title='bbox 175 3069 379 3124; x_wconf 77' lang='lat' dir='ltr'><strong>abstractionem</strong></span> <span class='ocrx_word' id='word_1_224' title='bbox 396 3061 565 3142; x_wconf 79' lang='lat' dir='ltr'><strong>separalaea</strong></span> <span class='ocrx_word' id='word_1_225' title='bbox 587 3072 722 3140; x_wconf 86' lang='lat' dir='ltr'><strong>principiis</strong></span> <span class='ocrx_word' id='word_1_226' title='bbox 741 3067 978 3133; x_wconf 76' lang='lat' dir='ltr'><strong>tndtr&#39;idumttbus,</strong></span> <span class='ocrx_word' id='word_1_227' title='bbox 1004 3069 1103 3120; x_wconf 88' lang='lat' dir='ltr'><strong>intelle·</strong></span> 
     </span>
     <span class='ocr_line' id='line_1_34' title="bbox 174 3139 1103 3211; baseline -0.004 -17"><span class='ocrx_word' id='word_1_228' title='bbox 174 3149 233 3196; x_wconf 84' lang='lat' dir='ltr'><strong>etus</strong></span> <span class='ocrx_word' id='word_1_229' title='bbox 251 3144 423 3196; x_wconf 87' lang='lat' dir='ltr'><strong>intentionem</strong></span> <span class='ocrx_word' id='word_1_230' title='bbox 443 3145 545 3211; x_wconf 85' lang='lat' dir='ltr'><strong>generis</strong></span> <span class='ocrx_word' id='word_1_231' title='bbox 565 3143 696 3195; x_wconf 83' lang='lat' dir='ltr'><strong>attribuit.</strong></span> <span class='ocrx_word' id='word_1_232' title='bbox 715 3141 793 3194; x_wconf 85' lang='lat' dir='ltr'><strong>-V.</strong></span> <span class='ocrx_word' id='word_1_233' title='bbox 811 3156 838 3208; x_wconf 77' lang='lat' dir='ltr'><strong>g.</strong></span> <span class='ocrx_word' id='word_1_234' title='bbox 855 3141 882 3191; x_wconf 92' lang='lat' dir='ltr'><strong>in</strong></span> <span class='ocrx_word' id='word_1_235' title='bbox 910 3140 959 3192; x_wconf 91' lang='lat' dir='ltr'><strong>bae</strong></span> <span class='ocrx_word' id='word_1_236' title='bbox 984 3139 1103 3208; x_wconf 90' lang='lat' dir='ltr'><strong>proposi-</strong></span> 
     </span>
    </p>
   </div>
   <div class='ocr_carea' id='block_1_3' title="bbox 173 3215 1105 3584">
    <p class='ocr_par' dir='ltr' id='par_1_6' title="bbox 173 3215 1105 3584">
     <span class='ocr_line' id='line_1_35' title="bbox 173 3215 1105 3298; baseline -0.004 -14"><span class='ocrx_word' id='word_1_237' title='bbox 173 3233 254 3298; x_wconf 90' lang='lat' dir='ltr'><strong>tione,</strong></span> <span class='ocrx_word' id='word_1_238' title='bbox 272 3231 356 3284; x_wconf 81' lang='lat' dir='ltr'><strong>Homo</strong></span> <span class='ocrx_word' id='word_1_239' title='bbox 374 3239 412 3284; x_wconf 85' lang='lat' dir='ltr'><strong>cst</strong></span> <span class='ocrx_word' id='word_1_240' title='bbox 430 3233 543 3294; x_wconf 82' lang='lat' dir='ltr'><strong>animal,</strong></span> <span class='ocrx_word' id='word_1_241' title='bbox 563 3215 596 3277; x_wconf 73' lang='grc' dir='ltr'><strong>τὸ</strong></span> <span class='ocrx_word' id='word_1_242' title='bbox 614 3231 717 3282; x_wconf 86' lang='lat' dir='ltr'><strong>animal</strong></span> <span class='ocrx_word' id='word_1_243' title='bbox 735 3231 777 3284; x_wconf 94' lang='lat' dir='ltr'><strong>cui</strong></span> <span class='ocrx_word' id='word_1_244' title='bbox 805 3231 951 3282; x_wconf 87' lang='lat' dir='ltr'><strong>intellectus</strong></span> <span class='ocrx_word' id='word_1_245' title='bbox 982 3229 1105 3281; x_wconf 85' lang='lat' dir='ltr'><strong>intentio·</strong></span> 
     </span>
     <span class='ocr_line' id='line_1_36' title="bbox 174 3301 1103 3372; baseline -0.002 -18"><span class='ocrx_word' id='word_1_246' title='bbox 174 3318 233 3354; x_wconf 87' lang='lat' dir='ltr'><strong>nem</strong></span> <span class='ocrx_word' id='word_1_247' title='bbox 253 3303 484 3372; x_wconf 89' lang='lat' dir='ltr'><strong>praedicabililatis</strong></span> <span class='ocrx_word' id='word_1_248' title='bbox 503 3301 634 3365; x_wconf 85' lang='lat' dir='ltr'><strong>attribuit,</strong></span> <span class='ocrx_word' id='word_1_249' title='bbox 654 3309 755 3353; x_wconf 86' lang='lat' dir='ltr'><strong>tantum</strong></span> <span class='ocrx_word' id='word_1_250' title='bbox 776 3301 921 3354; x_wconf 78' lang='lat' dir='ltr'><strong>formaliter</strong></span> <span class='ocrx_word' id='word_1_251' title='bbox 950 3308 989 3352; x_wconf 90' lang='lat' dir='ltr'><strong>est</strong></span> <span class='ocrx_word' id='word_1_252' title='bbox 1008 3315 1103 3368; x_wconf 80' lang='lat' dir='ltr'><strong>genus,</strong></span> 
     </span>
     <span class='ocr_line' id='line_1_37' title="bbox 173 3372 1103 3441; baseline -0.002 -16"><span class='ocrx_word' id='word_1_253' title='bbox 173 3373 249 3434; x_wconf 88' lang='lat' dir='ltr'><strong>dum,</strong></span> <span class='ocrx_word' id='word_1_254' title='bbox 268 3372 288 3426; x_wconf 89' lang='lat' dir='ltr'><strong>si</strong></span> <span class='ocrx_word' id='word_1_255' title='bbox 307 3381 428 3426; x_wconf 89' lang='lat' dir='ltr'><strong>sumatur</strong></span> <span class='ocrx_word' id='word_1_256' title='bbox 446 3383 521 3426; x_wconf 80' lang='lat' dir='ltr'><strong>extra</strong></span> <span class='ocrx_word' id='word_1_257' title='bbox 540 3373 692 3424; x_wconf 84' lang='lat' dir='ltr'><strong>relationem</strong></span> <span class='ocrx_word' id='word_1_258' title='bbox 712 3389 791 3441; x_wconf 90' lang='lat' dir='ltr'><strong>quarn</strong></span> <span class='ocrx_word' id='word_1_259' title='bbox 820 3373 899 3426; x_wconf 91' lang='lat' dir='ltr'><strong>babet</strong></span> <span class='ocrx_word' id='word_1_260' title='bbox 926 3372 953 3422; x_wconf 94' lang='lat' dir='ltr'><strong>in</strong></span> <span class='ocrx_word' id='word_1_261' title='bbox 981 3373 1103 3440; x_wconf 83' lang='lat' dir='ltr'><strong>proposi·</strong></span> 
     </span>
     <span class='ocr_line' id='line_1_38' title="bbox 175 3443 1103 3512; baseline 0.001 -18"><span class='ocrx_word' id='word_1_262' title='bbox 175 3444 247 3496; x_wconf 84' lang='lat' dir='ltr'><strong>tione</strong></span> <span class='ocrx_word' id='word_1_263' title='bbox 265 3450 292 3494; x_wconf 86' lang='lat' dir='ltr'><strong>et</strong></span> <span class='ocrx_word' id='word_1_264' title='bbox 309 3445 491 3498; x_wconf 90' lang='lat' dir='ltr'><strong>consideretur</strong></span> <span class='ocrx_word' id='word_1_265' title='bbox 510 3448 538 3496; x_wconf 89' lang='lat' dir='ltr'><strong>in</strong></span> <span class='ocrx_word' id='word_1_266' title='bbox 556 3459 592 3507; x_wconf 88' lang='lat' dir='ltr'><strong>se,</strong></span> <span class='ocrx_word' id='word_1_267' title='bbox 612 3445 704 3512; x_wconf 86' lang='lat' dir='ltr'><strong>accipit</strong></span> <span class='ocrx_word' id='word_1_268' title='bbox 723 3445 757 3494; x_wconf 88' lang='lat' dir='ltr'><strong>ab</strong></span> <span class='ocrx_word' id='word_1_269' title='bbox 775 3444 909 3498; x_wconf 89' lang='lat' dir='ltr'><strong>intellectu</strong></span> <span class='ocrx_word' id='word_1_270' title='bbox 928 3458 979 3494; x_wconf 92' lang='lat' dir='ltr'><strong>non</strong></span> <span class='ocrx_word' id='word_1_271' title='bbox 994 3443 1103 3510; x_wconf 89' lang='lat' dir='ltr'><strong>quidem</strong></span> 
     </span>
     <span class='ocr_line' id='line_1_39' title="bbox 174 3514 1050 3584; baseline 0.001 -19"><span class='ocrx_word' id='word_1_272' title='bbox 174 3514 414 3582; x_wconf 85' lang='lat' dir='ltr'><strong>praedicabilitatis,</strong></span> <span class='ocrx_word' id='word_1_273' title='bbox 433 3516 480 3570; x_wconf 91' lang='lat' dir='ltr'><strong>sed</strong></span> <span class='ocrx_word' id='word_1_274' title='bbox 498 3517 601 3584; x_wconf 76' lang='lat' dir='ltr'><strong>generis</strong></span> <span class='ocrx_word' id='word_1_275' title='bbox 618 3516 793 3570; x_wconf 84' lang='lat' dir='ltr'><strong>intentionem</strong></span> <span class='ocrx_word' id='word_1_276' title='bbox 809 3514 1050 3570; x_wconf 80' lang='lat' dir='ltr'><strong>fundamentaliter.</strong></span> 
     </span>
    </p>
   </div>
   <div class='ocr_carea' id='block_1_4' title="bbox 0 0 1246 3975">
    <p class='ocr_par' dir='ltr' id='par_1_7' title="bbox 0 0 1246 3975">
     <span class='ocr_line' id='line_1_40' title="bbox 0 0 1246 3975; baseline 0 5"><span class='ocrx_word' id='word_1_277' title='bbox 0 0 1246 3975; x_wconf 95' lang='lat' dir='ltr'><strong> </strong></span> 
     </span>
    </p>
   </div>
  </div>
 </body>
</html>
