2484 3975
210 202 275 274 454
600 219 771 267 oeuseouuu

212 292 307 377 ipsius
328 288 452 367 cultelli,
475 300 522 352 est
549 287 618 352 finis
631 291 778 373 generati,
802 291 918 359 scilieet
930 291 1045 358 cultelli
1058 290 1145 357 Finis
1234 274 1237 345 l

215 396 318 444 eutem
332 378 538 463 generationis
553 379 697 443 coincidit
712 400 782 445 eum
799 380 920 447 duobus
934 381 1021 446 dietis
1044 380 1145 446 causis
1236 392 1237 415 ³

213 468 391 553 aliquando,
414 467 528 530 scilicet
552 468 676 550 quando
708 468 741 531 lit
764 471 922 551 generatio
945 491 961 533 a
996 469 1087 535 simili
1112 470 1145 533 in

211 558 325 642 specie,
348 558 426 621 sicut
451 557 545 618 homo
568 571 696 638 generat
720 558 879 621 hominem
904 573 934 622 et
969 558 1048 623 olive
1083 558 1146 621 oli-

212 666 294 721 vam3
317 645 400 729 quod
425 664 486 709 nou
511 657 611 728 potest
634 644 761 729 intelligi
797 644 836 709 de
872 646 933 711 stne
968 648 1012 713 tei
1046 666 1143 731 gene·

212 750 306 798 rotae.
331 734 497 798 Sciendum
511 744 615 795 temen
639 734 722 817 qnod
748 734 816 799 finis
834 734 938 801 incidit
953 756 1025 801 cum
1041 735 1142 801 lenna

210 825 243 886 in
269 823 351 901 idem
375 842 518 898 numero,
541 821 611 903 quia
637 836 684 887 est
707 822 788 887 idem
814 845 955 900 numero,
990 823 1074 911 quod
1097 838 1144 889 est

212 910 311 975 iorme
335 911 473 994 generati
497 922 526 973 et
552 909 620 975 linis
644 913 860 994 generationis:
895 914 948 979 sed
972 936 1043 979 eum
1079 911 1144 978 effi-

211 1002 311 1065 ciente
334 1020 396 1063 nou
420 999 527 1063 incidit
551 998 581 1061 in
608 999 695 1065 idem·
722 1020 873 1074 numero,
897 1004 951 1069 sed
993 1004 1022 1066 in
1058 1002 1142 1067 idem

211 1089 323 1171 specie3
348 1087 537 1174 impossibile
561 1101 607 1151 est
630 1091 713 1153 enim
739 1103 771 1153 ut
809 1088 924 1155 facicm
960 1105 991 1155 et
1027 1089 1142 1157 sectum

212 1178 272 1241 sint
295 1177 378 1241 idem
402 1196 544 1253 numero,
566 1176 621 1240 sed
647 1192 774 1263 possunt
798 1198 865 1242 esse
905 1179 988 1245 idem
1028 1182 1141 1265 specie:

212 1274 306 1343 uude,
330 1266 454 1351 quorrdo
479 1266 573 1329 lromo
597 1282 724 1349 generat
763 1266 935 1347 homiuem,
973 1269 1067 1333 home
1091 1287 1142 1353 ge·

212 1374 325 1418 necans
347 1367 378 1418 et
400 1368 564 1439 generatus
586 1369 659 1419 sunt
683 1358 713 1419 in
748 1368 884 1421 ,numero
925 1357 1050 1435 diversi,
1086 1358 1142 1422 sed
1236 1438 1237 1441 Ἴ

212 1443 294 1506 idem
318 1444 433 1529 specie.
457 1443 582 1510 Meterie
606 1459 709 1509 eutem
734 1465 796 1510 non
820 1444 965 1510 coincidit
981 1446 1142 1524 eumeliis,

212 1545 243 1595 et
266 1534 326 1597 lroc
348 1535 420 1617 quin
445 1532 586 1606 materia,
608 1553 646 1596 er
670 1554 708 1597 eo
731 1533 815 1619 quod
839 1547 885 1599 est
923 1556 979 1600 ens
1019 1536 1051 1599 in
1090 1554 1143 1619 po·
1236 1538 1237 1549 ¹

212 1622 317 1699 tentio,
341 1623 434 1686 hebet
457 1622 608 1685 rationem
633 1621 814 1706 imperiecti;
842 1622 896 1687 sed
920 1624 999 1688 uliae
1021 1643 1143 1696 causae,

211 1730 283 1774 cum
307 1710 367 1775 sint
390 1724 470 1786 ectu,
494 1709 609 1774 hebent
634 1712 785 1777 terionem
810 1710 945 1797 perlecti:
971 1712 1143 1799 perlectum

212 1814 315 1863 eutem
340 1814 370 1863 et
393 1797 607 1886 imperfectum
634 1820 694 1863 non
719 1800 899 1865 coincidunt
924 1802 955 1865 in
984 1800 1078 1867 idem.

281 1888 351 1952 Viso
373 1908 449 1973 ergo
471 1886 556 1974 quod
578 1903 710 1973 quotuor
734 1904 805 1953 snm
828 1910 949 1967 enusne,
971 1888 1145 1961 scilieetel·

213 1976 330 2052 ficiens,
352 1976 501 2051 lormulis,
524 1978 691 2043 materialis
722 1995 752 2041 et
776 1978 888 2057 linaiis,
911 1980 1072 2046 sciendum
1096 1991 1146 2044 est

213 2070 296 2152 quod
325 2067 481 2151 quaelibet
516 2067 653 2152 ipserum
690 2087 853 2135 consutum
891 2067 1005 2134 dicitnr
1040 2069 1146 2134 multis

215 2154 327 2220 modis.
807 2171 809 2173 ·

279 2244 397 2309 Dicitur
420 2244 503 2308 euim
527 2243 643 2331 aliquid
668 2250 759 2308 cause
799 2263 854 2331 per
891 2245 988 2330 prius,
1027 2245 1147 2331 aliquid

216 2353 307 2398 eausa
332 2355 386 2420 per
410 2333 572 2420 posterius:
594 2334 673 2398 sieut
695 2333 827 2398 dicimus
851 2333 934 2420 quod
958 2355 1007 2400 ers
1031 2347 1061 2400 et
1078 2354 1148 2400 me·

214 2422 301 2486 dicus
322 2437 396 2487 sunt
417 2443 510 2489 ceusu
533 2421 682 2490 sanitatis:
709 2422 763 2488 sed
793 2443 842 2486 ers
878 2435 924 2486 est
958 2443 1050 2488 censs
1090 2442 1150 2509 pet·

216 2511 311 2596 prius,
334 2527 365 2576 et
387 2512 526 2576 medicus
549 2530 605 2596 per
629 2511 792 2598 posterius3
808 2511 992 2576 etsimiliter
1004 2514 1035 2576 in
1051 2532 1150 2578 eausa

215 2600 335 2665 formali
359 2601 444 2668 etin
468 2600 536 2666 aliis
552 2602 662 2665 causis.
687 2599 721 2664 n
744 2613 816 2665 nota
840 2598 924 2686 quod
940 2621 1064 2685 semper
1088 2599 1150 2665 de·

215 2688 326 2754 bemus
348 2691 462 2756 ducere
485 2690 697 2774 quaestionem
722 2689 761 2754 ed
784 2707 910 2755 censum
934 2689 1076 2775 primum,
1103 2703 1150 2764 ut,

215 2779 240 2842 si
263 2796 438 2862 quaeretur:
462 2778 567 2860 Quare
590 2777 647 2842 iste
671 2789 717 2842 est
735 2777 851 2844 ‘senusl
889 2777 1150 2864 respondendum

215 2879 270 2930 est:
294 2866 386 2948 Quod
410 2867 548 2933 medicus
570 2867 688 2930 snnnvit
719 2885 802 2942 eum;
837 2867 1014 2932 etiterum:
1040 2865 1154 2948 Quare

215 2955 355 3022 medicus
376 2957 495 3022 sonavit
517 2955 609 3019 eum?
631 2955 761 3040 Propter
784 2967 883 3022 ortem
900 2955 1036 3022 ssaonndi
1051 2975 1154 3042 quem

215 3043 318 3108 habet.
341 3045 509 3110 Sciendum
532 3057 580 3108 est
603 3044 697 3108 etiem
721 3047 805 3130 quod
840 3044 923 3109 idem
959 3058 1005 3110 est
1027 3042 1152 3112 dictum

216 3153 307 3198 ceusu
331 3133 534 3220 propinquior
556 3133 641 3218 quod
664 3151 756 3197 eausa
787 3133 950 3220 posterior,
985 3146 1017 3198 et
1051 3153 1153 3202 cause

216 3237 336 3286 remote
358 3224 443 3309 quod
466 3241 559 3286 causa
583 3223 679 3307 prior.
703 3221 790 3288 Unde
813 3222 889 3287 istoc
923 3221 1005 3288 duae
1020 3221 1155 3288 diuisio-

219 3329 274 3374 ues
296 3331 471 3390 censorum,
494 3311 596 3395 ulique
620 3311 795 3397 perprius,
829 3309 929 3398 ulique
954 3330 1009 3390 per
1047 3325 1156 3397 postc-

220 3398 294 3474 rius,
313 3413 344 3463 et
366 3419 543 3474 causarum,
565 3398 668 3484 ulique
692 3401 875 3486 propinque,
899 3399 1002 3486 aliquo
1017 3411 1156 3476 remota,

218 3484 301 3548 idem
325 3489 507 3572 significent.
531 3486 596 3552 lloc
618 3500 731 3554 eutem
748 3487 976 3556 observandum
998 3488 1154 3575 estquod
