2484 3975
191 210 232 275 Η
532 227 797 275 mmmm

188 296 365 385 praemissis
389 296 489 363 verbis
512 317 631 365 annexu
656 296 754 363 David
778 294 825 361 rel
848 294 1006 363 Salomoni
1037 318 1106 387 pos·

189 388 250 453 sint
287 406 473 472 congruere,
509 386 662 473 quaedam
697 405 770 452 uero
806 404 1028 473 nequaquam,
1067 388 1107 455 dc

188 474 290 543 David
312 488 343 541 et
366 475 532 543 Salomone
557 475 635 541 haec
659 475 754 541 verba
770 472 922 554 dicautur,
935 476 1108 543 secuudum

188 585 310 631 morem
334 563 519 651 Scripturas,
544 564 576 629 iu
599 565 725 630 alterius
748 560 894 649 liguram,
931 564 1049 652 inquo
1072 588 1109 632 u·

187 656 309 719 niversa
332 652 559 738 compleamur.

258 742 337 825 Quia
361 761 434 808 vero
457 740 582 807 uomina
605 740 714 806 Putris
735 754 767 806 et
789 741 864 806 Filii
877 743 1109 826 generationem

191 830 325 917 aliquam
349 841 591 915 consequuntur,
615 830 708 895 etiam
747 828 869 894 divinae
902 833 1110 914 generationis

191 938 305 985 nomen
329 918 485 1005 Scriptura
510 937 573 982 nou
596 918 700 983 tacuit.
723 916 802 983 Nam
839 932 870 983 et
906 919 938 983 iu
976 920 1111 999 Psalmo,

178 1020 224 1072 ‘ut
247 1008 361 1073 dietum
386 1020 441 1083 est,
465 1007 585 1091 legitur:
609 1006 673 1093 qu
695 1007 787 1071 lodie
807 1008 899 1090 qenai
922 1019 959 1081 tc;
997 1022 1028 1074 et
1062 1009 1109 1074 di·

190 1098 279 1162 citur:
302 1096 448 1161 Nondum
469 1106 559 1160 erant
581 1095 696 1181 ulyssi,
719 1106 748 1159 et
782 1114 835 1179 eqo
860 1097 931 1180 jam
965 1110 1110 1182 conceptu

191 1205 289 1260 arum
312 1196 424 1257 oute...
447 1185 541 1249 colles
564 1205 617 1269 eqo
639 1182 850 1267 parturiebar,
883 1185 1029 1253 Proverb.
1048 1236 1056 1264 ,
1077 1187 1109 1267 8,

191 1274 303 1348 uduo,
326 1272 374 1338 vel
398 1274 569 1338 secuudum
592 1273 683 1339 aliam
721 1273 865 1337 litteram:
900 1276 979 1338 Ante
1016 1277 1110 1342 colles

192 1364 350 1446 generauit
381 1382 430 1427 mc
465 1361 625 1427 Dominus.
661 1360 780 1427 Dicitur
812 1361 916 1427 etiam:
953 1364 1112 1450 Numquid

193 1470 248 1532 eqo
270 1451 323 1535 qui
345 1451 425 1515 ulios
443 1470 557 1533 parere
579 1450 671 1534 focio,
693 1451 759 1533 ipsc
780 1471 842 1516 uon
868 1452 1014 1536 perium9
1036 1454 1113 1519 dicit

194 1539 354 1605 Dominus.
381 1538 416 1603 Si
437 1558 500 1623 equ,
525 1542 577 1624 qui
599 1541 827 1624 generationem
849 1542 978 1607 auctoris
1000 1543 1113 1618 tribuo,

194 1629 310 1693 sterilis
333 1628 403 1693 ero?
426 1630 472 1694 uit
495 1628 644 1693 Dominus
667 1628 751 1693 Deus
787 1638 866 1701 istut,
888 1628 966 1707 lsai,
1002 1631 1110 1703 6119.

195 1717 240 1794 Et,
265 1717 334 1783 licat
356 1716 415 1782 dici
439 1717 533 1799 possit
555 1718 615 1783 hoc
637 1735 706 1781 esse
737 1714 935 1782 referendum
958 1718 998 1783 ad
1032 1721 1113 1787 mul·

195 1805 414 1891 tiplicationem
431 1805 565 1871 liliorum
589 1806 682 1871 lsrael
705 1803 745 1870 de
766 1804 940 1890 captivitate
955 1822 1113 1875 reverten-

195 1893 272 1960 tium
295 1894 326 1959 in
351 1907 464 1959 terram
488 1914 587 1969 suam,
611 1896 682 1980 quia
707 1894 920 1979 praemittitur:
942 1895 1116 1963 Parturiuit

195 1995 226 2048 ct
246 1984 364 2067 peperit
390 1982 464 2048 Sion
486 1984 566 2066 filios
588 2004 670 2061 suos,
704 1982 810 2062 lbid.,
847 1982 878 2063 8,
914 1997 1018 2052 tamen
1055 1989 1115 2054 hoc

197 2072 353 2158 proposito
378 2092 440 2137 nou
463 2071 594 2137 obsistit.
617 2071 663 2136 Ad
684 2071 904 2157 quodcumque
930 2076 1014 2138 enim
1037 2077 1114 2141 ratio

197 2173 327 2242 aptetur,
350 2160 415 2246 ipsa
445 2174 548 2224 tamen
572 2161 648 2224 ratio
672 2178 750 2244 quac
774 2180 810 2224 ex
839 2159 896 2224 Dei
935 2181 989 2226 ore
1025 2163 1114 2231 indu·

197 2249 275 2314 citur
298 2248 386 2314 firma
411 2262 441 2312 et
463 2247 579 2312 stabilis
603 2260 718 2325 manet,
740 2260 784 2326 ut,
806 2248 832 2313 si
866 2247 932 2334 ipse
971 2248 1037 2316 aliis
1060 2271 1114 2336 ge-

198 2338 389 2402 nerationem
413 2337 536 2413 tribuat,
559 2335 670 2402 sterilis
695 2355 756 2400 uon
780 2335 827 2402 sit.
851 2336 914 2402 Nec
936 2353 1019 2404 esset
1040 2359 1114 2405 cou-

197 2427 322 2491 veniens
345 2432 452 2511 utqui
476 2424 551 2492 alios
575 2442 648 2490 vere
671 2443 821 2508 generare
859 2424 928 2491 lacit
963 2427 1029 2516 ipse
1052 2450 1115 2495 non

198 2535 279 2592 vere,
302 2514 356 2580 sed
382 2535 437 2601 per
458 2513 703 2593 similitudinem,
725 2527 863 2598 generat3
886 2536 958 2581 cum
976 2530 1116 2603 oporteat

196 2603 332 2670 nobilius
356 2624 423 2670 esse
446 2603 560 2690 aliquid
585 2605 616 2668 iu
641 2623 732 2668 causa
756 2623 850 2690 quam
873 2604 903 2668 in
915 2607 1057 2683 causatis,
1080 2619 1115 2672 ut

197 2705 356 2756 ostensum
379 2705 425 2758 est
449 2692 483 2780 (1.
508 2693 538 2771 1,
562 2713 588 2758 c.
612 2692 681 2771 15).
697 2690 816 2757 Dicitur
834 2692 937 2756 etiarn:
981 2693 1118 2760 Vidimus

196 2781 330 2864 qlorinm
353 2782 427 2866 ejus,
449 2781 582 2867 glorium
594 2781 684 2867 quoni
701 2779 856 2864 Uniqeniti
869 2779 1005 2856 aurire,
1017 2781 1118 2863 loen,

199 2871 229 2950 1,
256 2868 307 2945 tu
328 2882 359 2932 et
382 2869 506 2934 iterum:
534 2868 711 2954 [luiprandus
731 2867 842 2944 Filius,
869 2868 923 2951 qui
944 2870 1033 2934 estin
1049 2874 1120 2937 sinu

199 2961 317 3036 Putris,
341 2958 407 3040 ipso
428 2951 595 3033 cuodrovit,
620 2956 721 3030 loan,
746 2955 775 3032 l,
789 2955 839 3020 l8:
861 2967 893 3020 et
907 2955 1019 3024 Paulus
1034 2959 1119 3026 dicit:

197 3051 238 3117 Et
261 3067 330 3114 eum
351 3044 463 3110 iterum
485 3046 656 3110 introducit
676 3042 912 3128 primoqenitnm
946 3046 979 3110 in
1014 3048 1120 3114 orbam

199 3151 312 3214 terroe,
335 3134 419 3198 dicit:
447 3132 487 3200 Et
507 3133 639 3208 adorent
661 3152 731 3199 eum
763 3152 871 3199 omnes
906 3132 1017 3220 Anqeli
1051 3138 1121 3215 Dei,

198 3226 302 3306 Hebr,
328 3224 357 3303 1,
375 3222 406 3290 6.

1233 291 1238 368 1
