2484 3975
320 250 375 295 tta.
400 250 439 296 iv.
463 248 526 297 aar.
551 249 657 293 ararit.
681 242 718 292 ar
741 248 861 293 extant.
991 227 1056 292 982)

127 318 253 385 deretur
275 340 362 407 spem
385 340 460 384 suae
497 319 603 383 salutis
642 318 816 402 aliqualiter
853 317 885 380 in
924 316 1054 383 homine

96 484 100 487 ,
129 430 254 497 ponere.
279 408 315 473 Ut
338 428 413 493 ergo
436 428 523 494 apem
559 422 681 471 nostrae
719 407 826 471 salutis
864 406 895 469 in
932 404 1057 471 Christo

127 518 291 585 ponamus,
314 503 365 583 qui
389 506 435 562 est
458 498 541 562 Deus
564 510 594 575 et
617 496 724 571 homo,
761 493 973 560 confitendum
1010 507 1056 560 est

127 587 211 673 quud
235 601 425 651 sacramenta
449 599 522 651 sunt
545 584 689 650 salutaria
713 604 752 650 en
785 585 898 649 virtute
930 582 1056 661 Christi,

127 677 191 741 sire
209 697 264 761 per
277 676 375 741 honus
391 676 454 740 sive
467 694 523 762 per
539 675 637 741 malos
651 672 808 737 ministros
824 673 1055 758 dispensentur.

194 764 258 832 lloc
281 766 373 830 etiam
397 778 525 850 apparet
549 765 677 849 pernae
695 762 779 848 quod
792 760 946 827 Dominus
960 761 1053 825 etiam

127 852 216 917 malis
240 854 383 941 praelatis
407 852 535 918 obedire
559 853 661 929 donet,
685 871 820 937 quorum
851 866 955 915 tamen
990 870 1054 914 non

127 955 201 1006 aunt
223 962 317 1030 opera
342 942 501 1018 imitanda;
525 940 598 1006 dicit
622 941 716 1005 enim:
743 939 845 1025 Super
871 938 1055 1003 cathedram
1075 936 1093 944 ’

126 1030 228 1116 Moysi
249 1034 395 1096 aederunt
419 1030 544 1095 Serihae
567 1042 597 1096 et
619 1030 792 1094 Pharisaei.
831 1028 946 1093 Omnia
982 1048 1054 1112 erqo

124 1132 332 1206 quaerantque
355 1121 495 1185 dixerint
516 1118 614 1192 vobit,
642 1130 763 1183 seruate
785 1129 817 1182 et
827 1118 931 1203 facita
948 1136 1056 1180 aeona·

125 1212 199 1273 dara
223 1230 320 1291 opera
342 1230 414 1273 aero
438 1228 543 1273 eornm
567 1209 663 1273 nolite
696 1209 808 1290 lineare,
843 1206 960 1283 Matth„
998 1205 1053 1284 95,

124 1298 194 1365 2-5.
218 1299 314 1363 Multa
338 1313 442 1363 autem
468 1298 568 1381 magis
592 1295 804 1361 obediendum
827 1309 874 1363 est
896 1294 1052 1379 aliquibus

124 1402 251 1475 propter
275 1388 334 1453 hoo
359 1385 443 1473 quod
471 1386 641 1472 suscipiunt
659 1386 864 1449 ministerium
887 1404 904 1448 a
928 1384 1051 1449 Christo

123 1490 216 1563 quam
242 1491 368 1563 propter
396 1476 578 1540 cathedram
614 1474 720 1559 Moysi.
758 1474 809 1539 Eat
845 1491 922 1556 ergo
957 1472 1050 1538 etiam

122 1566 212 1631 taralis
236 1566 382 1630 ministris
405 1564 630 1639 obediendum
653 1561 736 1648 quod
762 1582 824 1627 non
862 1574 954 1640 esset,
990 1564 1049 1627 nisi

122 1654 154 1717 in
168 1654 336 1719 eisardinie
349 1667 482 1741 potestas
495 1666 646 1727 maneret,
663 1665 890 1739 propterquam
913 1653 959 1715 eia
973 1652 1051 1716 ohe·
1106 1654 1109 1659 ’

121 1742 214 1809 ditur.
238 1742 357 1808 Habent
382 1762 456 1823 ergo
495 1753 677 1829 potestatem
712 1740 909 1827 aispennnat
946 1760 1050 1804 euera-

121 1847 226 1897 menta
251 1835 344 1896 etiam
370 1830 455 1896 ninii.

188 1920 248 1985 Per
273 1922 331 1986 hoe
364 1936 468 1985 autem
505 1918 680 1984 excinditur
712 1916 920 2003 quorumdam
960 1936 1049 1981 error

119 2009 289 2075 dicentium
313 2011 396 2098 quod
433 2029 542 2073 omnes
578 2008 650 2075 boni
687 2022 816 2094 portant
853 2023 1046 2072 tentamenta

119 2101 305 2176 ministrare,
328 2114 360 2165 et
381 2097 458 2163 nulii
476 2098 558 2163 maii.

407 2273 586 2342 CAPUT
621 2272 779 2342 nxxvnt.

333 2453 380 2518 De
402 2465 599 2519 adoramenta
621 2450 823 2516 matrimonii.

184 2632 332 2710 Quamvis
356 2643 459 2696 autem
485 2629 628 2712 homines
659 2647 714 2713 per
755 2639 948 2695 sacramenta
983 2647 1045 2692 res·

115 2734 276 2788 taurentur
299 2720 337 2784 nd
361 2721 502 2803 gratiam,
525 2731 709 2781 nontamen
733 2737 805 2782 niort
829 2731 1045 2782 restaurantur

114 2810 154 2872 ati
180 2809 452 2885 immortalitatem3
476 2807 563 2892 cujus
586 2807 722 2874 rationes
746 2825 838 2892 supra
861 2806 920 2892 (e.
945 2805 987 2870 5⁹2
1012 2819 1042 2870 et

115 2896 187 2980 55)
211 2899 417 2962 ostendimus.
443 2897 668 2980 Quaecumque
689 2906 796 2959 autern
831 2894 1042 2980 corruptibilia

112 3000 185 3050 sunt
208 2987 382 3073 perpetuari
408 3007 469 3051 non
494 2999 623 3071 possunt
646 2984 705 3047 niei
729 2987 1043 3070 pergenerationem.

111 3076 193 3156 Quia
218 3077 310 3160 igitur
334 3077 485 3162 populum
509 3073 651 3140 iideiium
678 3072 854 3158 perpetuari
877 3076 1041 3156 oportebat

113 3183 213 3250 usque
238 3164 276 3228 ad
302 3164 410 3228 mundi
435 3165 541 3240 ditem,
563 3165 774 3231 areneariam
799 3161 857 3226 init
892 3163 952 3224 hoo
986 3181 1042 3248 per

111 3253 345 3336 generationem
367 3252 446 3331 deri,
471 3271 526 3339 per
549 3269 643 3336 quam
666 3250 909 3314 etiaruhamana
923 3253 1041 3334 speeies

110 3356 320 3430 perpetuatur.

178 3429 446 3496 Considerandum
470 3440 517 3491 est
540 3439 646 3490 autem
673 3424 767 3510 qnod,
781 3425 909 3511 qnando
923 3424 1039 3510 ahquid

107 3517 149 3584 a‘d
173 3519 313 3583 diuersae
338 3519 415 3583 daea
438 3516 609 3594 ordinatur,
636 3515 753 3602 indiget
777 3516 892 3584 habere
915 3515 1037 3580 diverte

177 3607 210 3674 S.
241 3608 295 3688 Ta,
319 3604 466 3675 Satanae
490 3606 570 3670 Phil.
595 3604 628 3671 V.
653 3605 684 3670 3.
929 3605 970 3669 19
