2484 3975
183 226 250 294 290
474 245 530 288 ets.
556 244 594 289 ιι.
619 244 682 289 car.
707 245 825 291 ιιιιιιι.

190 314 352 398 dirigentia
377 312 407 379 in
433 310 538 390 linem,
573 313 644 398 quia
680 313 749 378 frnis
782 325 829 378 est
862 313 1124 400 proportionatus..

186 404 299 487 attenti.
325 401 490 475 Generatio
514 415 618 467 autem
633 404 767 466 humana
781 403 819 467 ad
833 402 928 467 multa
941 402 1115 481 ordinatur,

181 493 302 557 scilieet
326 491 364 554 ad
390 493 627 576 perpetuitatem
651 492 763 577 speciei
780 491 860 555 etad
877 494 1114 576 perpetuitatem

186 580 317 665 alicujus
341 581 413 644 boui
439 580 565 663 politici,
589 594 661 665 puta
687 578 792 666 populi
817 579 962 666 ineliqua
980 580 1116 655 civitate3

186 672 347 735 ordinatur
371 670 463 732 etiam
489 668 527 731 ad
558 671 796 755 perpetuitatem
832 668 996 747 Ecclesiae,
1032 687 1116 755 quae

186 760 218 823 in
243 757 381 823 fidelium
407 756 587 821 collectione
609 759 757 823 consistit.
784 756 870 821 Unde
886 771 1007 843 oportet
1030 756 1116 842 quod

187 847 368 931 hujusmodi
394 848 552 928 generatio
577 868 593 909 a
617 847 746 911 dirersis
770 846 930 929 dirigatur.
954 845 988 911 ln
1015 866 1122 931 quam.

188 951 253 1001 turn
278 937 371 1019 igitur
395 934 554 999 ordinatur
579 935 622 999 ad
647 936 764 1000 bonum
790 950 929 1011 naturae,
954 935 1037 1022 quod
1067 947 1121 999 est

187 1026 375 1112 perpetuitas
400 1023 524 1108 speciei,
542 1023 684 1108 dirigitur
707 1026 737 1087 in
762 1023 856 1087 linem
880 1044 896 1087 a
922 1040 1029 1088 natura
1070 1024 1118 1087 in-

189 1115 322 1185 clinante
346 1114 376 1177 in
402 1112 484 1176 hune
509 1114 613 1191 linem,
638 1113 734 1179 etsie
758 1112 870 1176 dicitur
892 1132 960 1176 esse
985 1125 1116 1177 naturae

188 1201 334 1267 cilicium.
360 1201 393 1272 ln
398 1214 559 1285 quantum
585 1221 657 1266 vero
681 1200 843 1266 ordinatur
858 1200 904 1265 ad
923 1204 1039 1267 bonum
1058 1222 1116 1288 po·

188 1291 318 1370 liticurn,
339 1288 480 1375 subjacet
503 1291 690 1355 ordinabunt
702 1290 799 1353 cuuhs
811 1289 898 1373 legis
914 1289 946 1354 in
962 1305 1115 1375 quantum

158 1458 160 1463 ,
189 1394 294 1443 autem
318 1378 478 1443 ordinatur
501 1379 540 1443 ad
565 1380 682 1444 bonum
708 1377 870 1453 Ecclesiae,
894 1386 1014 1465 oportet
1029 1378 1117 1465 quod

188 1467 345 1551 subjaceat
379 1468 521 1569 regimini
557 1468 772 1533 ecclesiastico.
813 1468 852 1531 Ea
890 1482 994 1533 autern
1032 1488 1126 1553 quac.

189 1559 306 1644 populo
330 1576 384 1642 per
408 1557 564 1621 ministros
589 1557 744 1629 Ecclesiae
765 1555 983 1642 dispensantur
1013 1578 1118 1621 sacra·

190 1659 295 1711 tarenta
307 1710 308 1713 ,
319 1647 471 1711 dicuntur.
485 1646 714 1710 Matrimonium
727 1646 830 1729 igitur,
846 1646 1017 1731 secundum
1031 1645 1118 1731 quod

190 1736 330 1799 consistit
343 1735 373 1798 in
391 1733 608 1818 conjunctione
623 1736 720 1802 maris
735 1749 765 1798 et
793 1734 926 1799 leminae
954 1736 1118 1798 intenden-

191 1826 267 1888 tium
293 1824 411 1910 prolem
422 1824 459 1887 ad
473 1823 589 1888 cultum
613 1824 670 1888 Dei
687 1844 836 1907 generare
848 1836 878 1887 et
891 1823 1035 1901 educare,
1069 1837 1118 1889 est

191 1912 352 1977 Ecclesiae-
369 1926 607 1986 sacramentuuu
620 1912 704 1978 uude
719 1928 750 1977 et
772 1912 925 1998 quaedam
940 1912 1117 1977 benedictio

199 2002 387 2068 nubentibus
412 2022 466 2087 per
489 2001 646 2067 ministros
673 2002 825 2067 Ecclesiae
860 2002 1035 2066 adhibetur
1071 2001 1117 2078 Et,

197 2093 274 2156 sicut
297 2091 329 2154 in
353 2092 419 2154 aliis
442 2093 642 2156 sacramentis
693 2111 750 2178 per
788 2111 824 2155 ea
855 2110 942 2192 spuae
980 2091 1116 2156 exterius

196 2193 330 2264 aguntur
328 2168 510 2282 spirituale
533 2179 648 2266 aliquid
673 2179 878 2264 liguratur,
855 2201 899 2244 ste
921 2192 952 2243 et
990 2181 1020 2243 iu
1055 2179 1117 2244 hoe

192 2282 386 2332 sacramento
410 2288 465 2352 per
502 2269 753 2354 conjunctionem
788 2269 882 2334 maris
917 2281 948 2332 et
981 2267 1117 2332 feminae

194 2357 370 2443 conjunctio
396 2356 509 2423 Christi
532 2371 562 2422 et
585 2357 739 2423 Ecclesiae
762 2358 922 2442 liguratur,
943 2356 1116 2422 secundum

194 2445 270 2511 illud
295 2446 442 2548 Apostoli.
467 2445 701 2512 Sacramentum
713 2447 770 2510 hoc
804 2467 950 2532 acapnum
972 2456 1032 2520 est·
1061 2466 1117 2531 epo

197 2547 300 2600 autem
315 2537 418 2600 dico
407 2556 456 2599 ιιι
466 2535 585 2600 Christo
609 2536 686 2599 etia
710 2535 858 2614 Ecclesia,
874 2534 997 2623 Ephes,
1021 2535 1114 2612 552

196 2623 242 2702 Et,
266 2625 337 2712 quia
360 2638 551 2690 sacramenta
574 2623 710 2690 efficiunt
733 2623 815 2710 quod
829 2624 972 2708 figurant,
987 2622 1117 2688 creden-

197 2713 271 2778 dum
299 2728 345 2777 est
377 2716 462 2799 quod
498 2713 688 2780 nubentibus
723 2732 779 2800 per
801 2713 860 2777 hoc
886 2726 1116 2779 sacramentum

198 2804 293 2884 gratia
318 2802 495 2872 conseratur
519 2823 574 2888 per
593 2821 691 2888 quam
715 2801 754 2865 ad
779 2803 927 2866 unionem
950 2800 1062 2868 Christi
1085 2812 1117 2866 et

199 2890 350 2955 Ecclesiae
374 2890 557 2978 pertineant3
580 2890 664 2977 quod
687 2895 731 2954 eis
749 2891 883 2955 maxime
904 2890 1115 2956 necessarium

196 2991 251 3057 est,
277 2993 309 3044 ut
332 2980 374 3044 sie
397 2978 571 3046 carnalibus
594 2994 625 3043 et
648 2978 779 3044 terrenis
801 2979 964 3045 intendant
985 2977 1070 3066 quod
1098 2998 1116 3043 a

195 3065 316 3134 Christo
340 3082 370 3132 et
393 3066 524 3134 Ecclesia
549 3089 611 3133 non
620 3068 863 3170 disjunguntur.

263 3157 374 3238 Quia
367 3158 469 3241 igitur,
493 3155 809 3243 perconjunctionem
822 3156 916 3220 maris
929 3169 960 3221 ει
972 3155 1119 3234 feminae,

198 3244 308 3310 Christi
332 3260 363 3310 et
386 3245 538 3310 Ecclesiae
561 3245 738 3332 conjunctio
773 3245 961 3329 designatur,
995 3257 1119 3331 oportet

196 3334 279 3418 quod
304 3333 401 3432 ligura
425 3333 803 3437 significatoresppndeat.
817 3331 999 3418 Coniunctis
1014 3345 1120 3398 autent

198 3423 310 3488 Christi
346 3438 376 3488 ει
400 3422 551 3488 Ecclesiae
573 3437 619 3488 est
642 3424 733 3490 unius
759 3422 798 3486 ad
835 3443 929 3488 unam
966 3423 1130 3509 perpetuo

203 3509 390 3589 habandane
413 3525 459 3576 est
480 3511 563 3577 inim
580 3533 642 3578 una
665 3511 810 3592 Ecclesia,
825 3510 997 3580 seeundum
1031 3510 1118 3578 illud:
