2484 3975
347 200 384 243 os
408 197 594 245 suusrtnrtrs
615 197 770 243 statuaris
962 178 1027 243 435

106 267 212 343 dicunt;
234 266 313 332 sicut
334 270 417 354 quod
442 268 588 353 arreptitii
614 268 770 337 interdum
794 265 896 351 aliqua
920 264 1023 331 lutura

106 357 326 444 praenuntiant,
350 358 389 421 ad
413 378 546 444 quorum
570 371 715 420 arentum
740 356 773 419 srt
801 354 955 440 quaedam
980 356 1027 419 di-

105 445 224 530 spositio
248 446 278 510 in
303 461 412 511 natura
437 467 492 532 per
515 444 657 509 caelestia
680 464 821 529 corpora.
849 443 910 508 Sed
927 445 1029 509 mani-

105 533 175 599 leste
198 549 269 598 suat
292 535 322 597 in
348 536 459 601 talibus
498 534 653 618 quaedam
692 553 785 619 opera
826 553 905 617 quac
939 533 1026 598 nullo

104 622 192 687 modo
215 636 344 710 possunt
367 625 398 687 in
422 644 547 688 causam
572 621 765 707 corporalem
791 620 910 698 reduci3
947 622 1027 687 sicut

103 711 180 798 quod
203 712 350 797 arreptitii
375 713 530 777 interdum
547 711 586 775 de
609 711 744 775 scientiis
761 710 930 795 loquuntur
950 731 1026 795 quas
1111 781 1114 787 ,

103 803 250 886 ignorant,
274 813 304 864 et
327 801 497 866 litteraliter
521 800 700 885 loquuntur,
723 820 793 864 cum
819 800 878 864 sint
907 800 1026 885 simpli·

101 910 148 954 aes
169 888 292 966 idiotae,
315 903 344 955 et
368 891 419 977 qui
444 891 490 954 rix
515 888 618 953 villam
644 888 728 952 unde
751 889 812 951 nuti
837 899 908 951 sunt
943 888 1027 953 esic·

101 992 178 1055 runt,
202 978 320 1043 alienae
342 980 442 1063 gentis
465 978 595 1062 uulgare
635 976 728 1062 polite
766 976 945 1061 loquantum
979 977 1026 1041 di-

101 1084 210 1133 cuntur
231 1067 323 1131 etiam
347 1071 379 1132 in
403 1088 564 1152 magorum
589 1064 735 1151 operibus
759 1064 911 1150 quaedam
951 1064 1029 1132 ima·

101 1157 183 1240 gines
208 1156 284 1232 fieri,
307 1177 454 1242 responsa
479 1157 589 1221 dantes
610 1168 640 1218 et
680 1166 910 1231 semoventes,
946 1175 1027 1239 quae

101 1243 182 1309 nullo
206 1245 299 1309 modo
324 1266 379 1331 per
401 1244 534 1331 aliquam
558 1264 684 1309 causam
709 1242 901 1328 corporalem
920 1244 1026 1329 perfici

99 1348 229 1420 possent.
257 1334 440 1418 llujusmodi
464 1346 567 1398 autem
594 1332 736 1398 effectum
773 1351 897 1395 causam
934 1332 1026 1417 plane

98 1421 165 1510 quis
195 1424 305 1507 poterit
328 1423 499 1487 secundum
524 1422 693 1509 platonicos
717 1421 883 1504 assignare,
898 1420 956 1485 nisi
979 1422 1027 1486 di-

102 1523 210 1575 cantur
234 1511 311 1575 lracc
334 1532 389 1597 per
413 1512 582 1576 daemones
606 1509 782 1597 procurari?

167 1598 322 1676 Secundo,
345 1601 416 1685 quia
441 1599 661 1665 inconveniens
674 1598 793 1662 ridetur
810 1596 1028 1663 immateriales

101 1687 286 1753 substantias
310 1689 349 1752 ad
373 1708 538 1753 numerum
562 1688 769 1774 corporalium
786 1684 1026 1751 substantiarum

100 1778 256 1842 coarctari.
280 1777 347 1842 Non
371 1777 454 1841 eninr
479 1797 515 1842 ea
538 1797 618 1863 quae
642 1789 714 1841 sunt
737 1776 895 1860 superiora
919 1774 948 1839 in
974 1797 1027 1839 en·

98 1865 179 1931 tibus
201 1880 274 1930 sunt
297 1878 422 1952 propter
446 1887 483 1930 ea
499 1886 578 1952 quae
594 1880 665 1931 sunt
682 1863 837 1939 inferiora,
854 1861 907 1926 sed
925 1864 1027 1948 potius

96 1956 301 2031 econtrarim
325 1955 356 2020 id
379 1956 462 2020 enim
487 1954 719 2043 propterquod
758 1951 872 2037 aliquid
897 1966 942 2016 ast
970 1974 1027 2018 nc-

96 2043 188 2108 hilius
210 2060 265 2110 est.
291 2045 451 2109 Rationem
486 2059 589 2110 autem
630 2044 698 2108 imis
739 2063 800 2106 non
836 2040 1027 2108 sullioieuter

96 2132 210 2217 aliquis
233 2134 373 2219 accipere
397 2147 497 2219 potest
519 2155 556 2198 ex
581 2133 628 2197 lais
652 2152 731 2217 quae
755 2146 825 2195 sunt
852 2131 891 2195 ad
921 2131 1027 2209 linem,

96 2223 153 2286 scd
178 2223 279 2307 potius
301 2244 320 2286 e
342 2224 504 2304 contrario,
531 2221 613 2287 unde
638 2219 880 2305 magnitudinem
916 2235 945 2284 et
969 2223 1027 2286 vir·

97 2323 196 2374 tutem
222 2312 415 2398 superiorum
451 2331 555 2376 rerum
591 2330 654 2374 non
692 2307 880 2372 sufficienter
918 2308 1027 2395 aliquis

98 2400 243 2484 accipere
266 2414 366 2486 potest
388 2419 426 2464 ex
450 2399 632 2464 inferiorum
650 2417 752 2461 rerum
771 2396 1028 2492 considerationc3

94 2489 181 2571 quod
206 2487 369 2553 manilestc
393 2502 520 2575 apparet
543 2488 574 2551 in
598 2507 703 2550 rerum
731 2485 937 2569 corporalium
978 2509 1028 2551 or·

93 2575 182 2642 dinc:
206 2598 267 2641 non
291 2577 375 2641 enim
399 2590 498 2663 potest
520 2575 698 2642 caelestium
722 2594 887 2658 corporum
905 2578 1026 2658 magni-

93 2665 173 2729 tudo
197 2680 227 2731 et
250 2686 399 2730 numerus
422 2665 519 2751 accipi
542 2684 579 2730 ex
610 2664 844 2728 elementarium
859 2683 1026 2747 corporum

90 2753 305 2838 dispositione,
328 2775 408 2839 quae
431 2756 518 2840 quasi
542 2752 619 2817 uilril
643 2765 714 2816 sunt
731 2752 761 2814 in
789 2753 1026 2836 comparatione

91 2842 134 2906 ad
159 2841 222 2906 illa.
247 2843 318 2907 Plus
341 2859 445 2908 autem
468 2843 621 2908 excedunt
652 2839 870 2904 immateriales
883 2841 1027 2908 substan-

91 2932 156 2994 tiae
169 2931 354 2996 substantias
377 2932 554 3019 corporales
570 2949 663 3016 quam
677 2948 804 3013 corpora
821 2929 961 2992 caelestia
976 2951 1027 2994 err·

90 3019 212 3084 cedunt
236 3021 437 3085 elementaria
463 3041 604 3105 corporae
621 3017 704 3082 unde
721 3037 868 3080 numerus
885 3031 914 3080 et
932 3019 1026 3084 virtus

89 3121 123 3172 et
138 3107 300 3193 dispositio
313 3109 563 3174 immaterialium
580 3106 819 3171 substantiarum
833 3126 869 3170 er
894 3126 1026 3172 numero

87 3196 275 3264 caelestium
288 3211 428 3262 motuum
440 3197 629 3263 sufficienter
642 3193 832 3281 apprehendi
843 3214 906 3258 non
917 3210 1027 3280 potest.

163 3285 200 3350 Et
223 3300 256 3350 ut
279 3287 337 3350 hoc
348 3286 511 3371 specialius
534 3282 758 3360 manilestetur,
782 3283 883 3368 ipsum
903 3304 1027 3370 proces-

86 3393 166 3439 sum
192 3375 380 3459 probationis
405 3375 570 3440 Aristotelis
595 3391 802 3438 assumamus.

85 3505 91 3511 -
165 3462 300 3530 Assumit
323 3463 405 3530 enim
427 3464 510 3552 quod
535 3463 638 3530 nullus
675 3475 778 3526 motus
816 3479 884 3524 esse
924 3473 1025 3546 potest
