2484 3975
202 236 267 302 576
557 259 748 305 nrssunrarro

200 353 215 383 »
239 326 936 417 repleti,summamsapientiametfacundiam
951 328 981 392 in
1002 328 1125 393 instanti

201 446 215 473 ι
246 433 563 503 consequerentur».
588 418 649 483 Sed
675 418 750 484 illud
785 418 1053 482 animadversione
1081 418 1126 482 di·

201 504 407 589 sanissimum,
449 534 463 564 ι
501 506 677 595 praedictae
719 506 907 593 probationis
947 505 1129 583 efficaciam,

201 620 215 649 ι
247 615 310 659 non
335 615 494 659 armornm
526 596 682 669 uiolentia,
706 615 768 660 non
792 594 981 681 voluptatum
999 596 1128 680 promis·

202 709 215 738 ι
246 684 333 747 sione
356 696 396 761 et,
420 683 504 768 qarod
528 697 574 749 ert
590 684 960 763 mirabilissimum,inter
983 704 1125 770 persecu·

201 798 214 828 ι
246 786 347 837 tornm
372 772 579 858 tyrannidem,
601 772 863 838 innumerabilem
900 772 1024 838 turbam
1064 790 1127 836 non

200 887 214 917 ι
245 860 346 925 solum
378 862 576 947 simplicium,
610 861 665 927 sed
694 862 786 925 ctiam
826 862 1128 948 sapientissimorum

202 976 216 1006 »
247 950 421 1025 hominum,
445 950 483 1013 ad
508 947 602 1015 iidem
634 950 837 1016 Christianam
862 950 1072 1015 convolavisse
1096 977 1127 1013 ι.

194 1034 284 1119 ¹Quid
307 1051 353 1103 est
375 1059 450 1103 vcro
474 1040 552 1104 haec
574 1040 660 1104 ‘fides
695 1038 883 1105 Christiana?
922 1039 974 1104 llla
1013 1058 1128 1123 nempe

207 1155 221 1184 ι
246 1128 276 1191 in
300 1148 361 1212 qua
385 1147 511 1192 ornnem
537 1127 713 1193 humanum
737 1126 930 1194 intellectum
947 1126 1128 1193 excedentia

200 1244 214 1273 »
246 1216 473 1301 praedicantur,
512 1217 690 1302 voluptates
729 1216 829 1281 carnis
864 1216 1059 1294 cohibentur,
1097 1228 1128 1279 et

199 1333 213 1362 »
245 1306 347 1368 omnia
372 1306 505 1391 quaein
540 1306 658 1369 mundo
698 1318 769 1369 sunt
805 1305 912 1370 haberi
935 1304 1128 1389 contemptui

198 1422 213 1451 ι
243 1392 402 1457 docentur.
426 1394 546 1475 Quibus
568 1395 689 1458 animos
714 1393 891 1458 mortalium
925 1393 1074 1458 assentire
1098 1406 1128 1458 et

199 1511 213 1540 »
244 1483 414 1546 niaximum
438 1480 622 1547 miraculum
648 1495 748 1547 estet
780 1481 976 1547 manifestum
1004 1480 1129 1545 divinae

199 1599 213 1629 ι
245 1571 452 1654 inspirationis
476 1592 564 1657 opus,
587 1584 632 1649 ut,
663 1572 847 1657 contemptis
871 1571 1051 1648 visibilibus,
1063 1570 1128 1636 sola

199 1688 213 1719 »
244 1659 404 1724 invisibilia
418 1661 580 1745 cupiantur
595 1660 776 1741 »Quonam
790 1680 863 1724 vero
876 1659 970 1724 modo
987 1660 1064 1723 hacc
1076 1678 1127 1723 ac-

198 1749 338 1826 cidenas,
349 1769 429 1834 quae
441 1768 534 1813 nemo
546 1750 763 1831 excogitasset?
782 1776 795 1808 ι
814 1748 878 1813 lloc
890 1762 992 1813 autern
1007 1768 1128 1812 nonsu-

199 1867 213 1897 »
246 1841 308 1904 bito
326 1858 426 1923 neque
438 1858 522 1914 casn,
534 1837 589 1901 sed
602 1837 704 1902 divina
717 1837 916 1922 dispositione
931 1836 1045 1901 lactum
1058 1856 1127 1900 esse

199 1956 213 1985 ι
245 1924 442 1992 manifestum
456 1938 502 1990 est
514 1946 549 1990 ea
563 1926 621 1992 hoc
634 1925 717 2012 quod
732 1927 791 1991 hoc
803 1946 836 1990 se
850 1924 1002 1990 iacturum
1021 1925 1125 1990 multis

200 2045 215 2075 »
245 2031 318 2080 ante
331 2015 556 2101 Prophetarum
582 2015 732 2102 praedixit
750 2016 891 2094 oraculis,
904 2035 1037 2102 quorum
1055 2013 1126 2079 libri

198 2134 213 2166 s
242 2124 337 2191 penes
350 2125 406 2167 nos
425 2106 456 2167 in
475 2104 672 2168 veneratione
687 2105 857 2183 habentur,
873 2118 979 2190 utpote
1002 2116 1127 2168 nostrae

199 2224 213 2254 ι
244 2195 314 2259 fidei
341 2193 549 2257 testimonium
574 2193 810 2258 adhibentes».
841 2193 962 2278 laquies
998 2191 1127 2256 fortasse

200 2287 288 2367 signa
312 2295 342 2345 et
365 2294 506 2366 portenta
530 2281 644 2356 all'crri,
678 2301 757 2367 quae
781 2281 837 2346 sub
861 2282 966 2346 oculos
1004 2294 1127 2344 nostros

200 2394 262 2437 nou
287 2370 410 2436 cadunt.
452 2368 561 2434 Nou'ne
599 2391 673 2435 vero
715 2364 843 2434 a'haec
882 2383 943 2434 tam
978 2368 1127 2434 mirabilis

200 2490 213 2520 s
245 2459 353 2524 mundi
377 2459 541 2522 conversio
567 2459 606 2523 ad
631 2459 724 2523 fidem
760 2458 965 2524 Christianam
1000 2457 1126 2545 (quam

200 2579 213 2608 s
246 2549 343 2615 oculis
369 2547 566 2624 intuemur),
603 2547 751 2612 indicium
786 2547 991 2612 certissimum
1033 2545 1137 2610 luerit»

199 2668 213 2698 »
245 2636 483 2724 praeteritorum
508 2637 680 2721 signorum,
718 2650 750 2702 ut
784 2653 820 2700 ea
857 2635 984 2700 ulterius
1021 2633 1125 2698 iterari

198 2756 212 2786 s
244 2745 369 2790 necesse
395 2745 456 2788 non
479 2725 528 2801 sit,
551 2745 622 2788 cum
651 2725 681 2788 in
712 2746 768 2790 suo
809 2725 917 2790 ellectu
955 2734 1126 2810 appareant

199 2845 214 2875 ι
244 2813 420 2879 evidenter?
443 2813 527 2876 Esset
551 2827 655 2877 antem
679 2815 825 2880 omnibns
841 2814 935 2897 signis
953 2811 1125 2876 mirabilius

199 2934 213 2964 s
244 2905 268 2968 si
293 2902 331 2966 ad
356 2900 546 2966 credendum
572 2913 634 2965 tarn
660 2901 768 2978 ardua,
793 2902 831 2968 atl
856 2900 1048 2988 operandum
1062 2912 1126 2964 tam

199 3023 213 3053 »
244 2991 377 3057 difficilia
400 3003 430 3054 et
454 2988 492 3053 ad
518 2989 707 3077 sperandum
725 3004 787 3054 tam
805 2990 875 3064 alta,
899 2988 1033 3053 mundus
1057 2987 1127 3052 abs-

198 3111 212 3141 »
243 3101 304 3167 qne
327 3079 517 3143 mirabilibus
541 3079 637 3162 signis
662 3078 804 3142 inductus
827 3077 933 3142 luisset
955 3097 972 3140 a
1010 3076 1127 3161 simpli-

198 3201 212 3231 »
244 3173 331 3235 cibus
362 3181 391 3230 et
430 3167 619 3251 ignobilibus
662 3167 851 3242 hominibus3
886 3166 1027 3252 quamvis
1060 3183 1125 3230 non

199 3290 212 3319 s
243 3271 340 3323 cesset
355 3256 439 3320 Deus
453 3257 544 3320 etiam
560 3255 673 3320 uostris
687 3254 877 3342 temporibus
900 3253 939 3318 ad
962 3253 1127 3318 confirma·

199 3377 213 3408 »
245 3349 358 3411 tionem
383 3345 466 3417 fidei,
482 3365 537 3430 per
548 3344 676 3408 Sanctos
692 3365 763 3409 suos
782 3343 927 3408 miracula
951 3341 1071 3428 operari
1094 3367 1127 3406 ι.

268 3435 376 3497 Paucis
400 3432 529 3496 collecta
553 3433 652 3496 habes
683 3446 865 3516 argumenta
904 3431 1008 3495 omnia
1047 3447 1127 3512 quae

200 3521 310 3586 adduci
345 3539 483 3604 unquam
522 3520 641 3607 possint
663 3540 699 3586 ac
722 3521 856 3587 debeant
879 3519 918 3586 ad
952 3519 1032 3585 hanc
1054 3516 1128 3583 tacti
