2484 3975
469 228 658 275 otssonrsrto
959 208 1020 275 581

102 326 117 359 ι
148 298 285 365 titulatur
307 296 491 383 composuit,
513 318 594 384 quae
616 317 674 383 pro
712 296 763 361 illo
802 297 929 363 materia
963 318 1027 372 non

102 417 116 448 ι
146 388 296 457 babuisse
320 406 426 473 parem
451 387 586 453 creditur
609 413 641 449 ι.
664 384 796 471 Suppari
832 389 899 451 testi
933 387 1028 453 dene·

102 477 205 563 gunda
228 476 304 543 fides
327 496 390 543 non
420 490 476 541 est.
501 476 545 539 Ad
568 494 684 545 annum
711 475 795 541 tuto
834 476 925 546 vitam
965 478 1029 561 egit

103 566 135 631 S.
160 564 363 642 boimundus,
386 584 506 650 proque
529 564 606 639 nelo,
636 584 699 647 quo
733 564 973 629 Sarracenorum
997 578 1029 629 et

102 654 278 743 lostdelium
301 652 431 719 salutem
456 663 613 718 aeternam
637 653 808 737 deperibat,
825 653 922 738 potuit
935 653 1028 739 Aqui·

102 745 166 809 nati
190 764 268 829 opus
292 741 465 827 injungere,
489 758 544 807 aut
568 740 671 827 operio
690 741 755 825 jorn
778 741 917 827 concepti
941 762 1028 810 oom-

102 833 294 919 plementun
319 830 463 907 suadere,
486 828 569 913 quod
593 849 702 893 eorum
727 829 765 895 ad
792 832 1027 896 conversionem

102 922 238 987 maxime
262 919 335 987 utile
359 917 446 983 soret.
480 918 605 985 Colamo
642 917 722 982 Petri
756 918 880 983 llarsilii
914 921 1025 1006 scripta

102 1023 218 1097 prostat
247 1008 277 1074 S.
302 1008 471 1073 liointundt'
502 1007 578 1083 Vitu,
611 1007 785 1092 cademque
821 1006 1029 1088 barchinone,

102 1120 185 1165 anuo
209 1097 306 1176 tout,
329 1097 407 1182 typis
430 1095 522 1171 edita;
545 1116 627 1181 quae
656 1109 760 1161 tanuen
790 1116 852 1160 non
886 1110 933 1161 est
969 1099 1027 1163 uisi

102 1186 290 1273 Eucerptum
313 1205 350 1251 et
373 1183 606 1253 Commentario
628 1184 668 1249 de
690 1184 791 1251 Ilelrna
810 1184 1029 1251 Gestislucolri

102 1276 131 1354 1,
152 1278 234 1363 repis
256 1277 444 1359 Aroponum.
481 1274 621 1357 Elegium
661 1272 728 1359 ejus
762 1275 1027 1341 accuratissimum

102 1366 230 1431 consule
253 1364 336 1450 apud
359 1361 545 1441 licitardum,
577 1363 658 1429 inter
695 1361 867 1450 Scriptores
901 1360 1027 1432 Ordinis

103 1453 368 1521 praedicatorum.

178 1630 249 1697 ·tt.
275 1600 432 1697 Genuinur
455 1630 560 1712 operis
587 1628 695 1695 titulun
724 1628 928 1696 constituitur.

171 1806 469 1876 Praestantissimum
493 1824 571 1891 opus
594 1803 738 1869 ineditis
771 1805 886 1891 passim
919 1824 1028 1873 exem·

103 1895 162 1983 plis
201 1898 376 1963 inscribitur
415 1891 545 1959 Summo
587 1894 764 1959 Gotltolione
798 1894 887 1958 Fidei
920 1905 1029 1959 contro

107 1984 254 2060 Gentiles,
278 1999 330 2053 out
353 1984 500 2052 Summae
527 1982 705 2057 Gotlrolicoo
716 1981 806 2048 Fidei
823 1995 932 2050 contro
947 1982 1028 2050 Gen·

105 2077 175 2144 tiles
197 2073 283 2142 Libri
305 2085 447 2158 psrutuor.
473 2073 519 2136 De
557 2073 637 2138 tituli
672 2073 851 2158 antiquitate
886 2072 1029 2141 dubitare

103 2184 167 2229 non
190 2166 295 2232 sinunt
317 2161 495 2229 liernordus
520 2157 686 2238 Guitlonis,
706 2160 841 2229 loannes
867 2160 1030 2241 Columna,

103 2252 212 2320 Petrus
235 2251 394 2318 llorsilius.
419 2249 467 2317 Ait
492 2251 618 2335 primus:
650 2277 665 2310 ι
687 2249 815 2336 Scripsit
850 2265 881 2320 et
914 2250 1028 2317 librom

101 2342 155 2427 qui
183 2341 355 2409 intitulatur
394 2337 524 2408 Summo
563 2348 670 2404 contro
706 2338 898 2408 Gentiles».
936 2339 1030 2406 Alter:

106 2458 123 2502 ,ε
147 2428 309 2498 Suntmom
346 2439 455 2498 contro
497 2425 634 2492 Gentiles
671 2425 743 2494 lecit
764 2455 803 2493 ι.
842 2427 1030 2495 Postremus:

109 2547 123 2579 ι
148 2516 321 2592 Surnntom,
344 2537 423 2604 quoe
447 2528 554 2580 contra
583 2515 720 2582 Gentiles
754 2515 925 2582 intitulatur
945 2537 1031 2582 cotu-

103 2607 206 2696 posuit
228 2635 260 2672 ι.
283 2606 351 2672 Non
375 2607 453 2672 adeo
478 2618 674 2673 constantem
699 2606 778 2668 hunc
808 2603 903 2671 luisse
929 2607 1032 2692 operis

101 2697 348 2784 inscriptionem,
361 2693 491 2760 aliorum
515 2693 690 2760 testimonia
714 2697 859 2760 evincere
876 2693 1030 2760 ridentur.

101 2783 183 2856 lllud
206 2785 340 2872 appellat
361 2781 559 2850 Ptolomaeus
583 2780 718 2846 lucensis
756 2780 885 2848 tiorum
923 2795 1031 2848 contro

107 2872 256 2950 Gentiles
280 2872 461 2958 Logotlteta,
487 2871 573 2955 Opus
595 2881 705 2936 contro
730 2868 877 2948 Gentilrn
901 2870 1029 2938 Guillel·

102 2981 174 3030 mus
198 2962 237 3028 de
260 2962 374 3039 Tocco,
397 2959 524 3026 librum
546 2959 600 3044 qrti
621 2959 803 3027 intitulatur
825 2971 934 3026 contra
949 2960 1030 3025 Gen·

105 3052 186 3118 tiles.
210 3051 243 3118 ln
266 3050 338 3118 llss.
367 3048 493 3118 demtum
534 3048 692 3114 codicibus
729 3047 848 3114 dictum
888 3049 1032 3133 legimus

103 3139 231 3206 tiorum
252 3141 291 3206 ds
323 3139 453 3204 Veritutu
476 3137 547 3224 {idei
572 3148 680 3202 contro
695 3157 817 3202 errores
844 3137 1031 3226 infidelium.

170 3229 349 3296 Secundum
372 3227 440 3293 libri
465 3226 555 3312 primi
579 3240 672 3312 caput
703 3225 880 3310 diligentins
915 3247 1030 3314 expen-

103 3316 182 3384 dens
204 3338 273 3404 ego,
295 3317 497 3384 intentionem
522 3317 655 3379 auctoris
678 3329 710 3380 et
749 3315 941 3402 propositum
976 3315 1032 3380 ad·

102 3426 229 3493 sequor,
252 3403 544 3489 inscribendumque
560 3405 733 3490 putaverim
750 3424 829 3491 opus
841 3406 879 3470 ola
900 3403 1032 3477 Veritotc

104 3495 196 3564 Fidei
221 3496 406 3564 Gotltolicoe.
430 3492 563 3562 Tantum
578 3495 732 3579 integrum
753 3492 1030 3580 nquinatissllerm
