2484 3975
327 247 383 292 tro.
407 247 448 292 rr.
471 247 535 293 etr.
558 247 630 293 xxo.
653 247 689 291 nr
710 246 793 294 xrrrr.
962 225 1028 292 toti

103 316 230 383 deretur
253 315 318 403 ipse
343 316 421 383 ordo
445 316 593 382 naturalis
616 316 792 395 voluntatis
814 313 880 390 aed,
902 316 929 383 si
951 335 1030 384 eon·

103 407 258 472 sideretur
281 418 373 487 aetus,
390 404 556 470 uoluntatis
579 418 613 470 ut
635 405 798 471 inclinatae
821 405 854 469 in
876 424 1030 492 apparens

102 495 235 573 honum,
261 493 358 560 iibere
380 495 443 578 ugit
466 514 536 558 curn
560 493 702 580 sequitur
716 493 890 581 passionem
906 506 960 560 ent
974 493 1031 560 iras

102 584 203 651 bitum
226 596 418 668 corruptum,
441 583 591 648 serviliter
618 595 722 647 autern
746 582 809 666 agit
830 583 868 661 si,
901 581 954 647 tali
977 601 1031 648 ro-

102 673 222 739 iuotste
245 683 402 749 manente,
427 684 552 758 propter
574 673 719 737 timorem
742 670 819 753 legia
838 671 874 735 in
907 684 1031 736 eontra·

104 762 187 828 rium
212 761 330 846 positae
353 759 486 826 abstinet
509 760 548 826 ab
571 781 610 826 eo
633 758 717 847 quod
740 758 814 824 ruit.
838 758 916 825 Cum
937 759 1032 842 igitur

104 849 237 938 Spiritus
259 847 390 914 Sanetus
418 867 474 935 per
506 869 646 915 umorem
681 847 871 914 voluntatem
904 847 1033 914 ioniinet

102 939 136 1004 in
159 958 267 1004 rerum
292 937 420 1016 bonum,
460 938 491 1002 in
527 938 611 1025 quod
645 936 826 1003 naturaiiter
859 935 1031 1015 ordinatur,

103 1027 183 1094 tollit
206 1039 237 1093 et
257 1025 435 1092 servitutem
458 1047 518 1112 qun
555 1024 705 1114 (homo)
737 1046 845 1092 sertus
878 1025 1031 1112 passionis

104 1127 137 1182 et
160 1115 274 1202 peccati
297 1114 432 1194 effaetus,
455 1130 562 1182 eontra
596 1115 738 1182 ordinem
760 1114 926 1180 voluntatis
956 1115 1032 1199 agit,

104 1218 137 1270 et
158 1203 336 1270 servitutem
359 1223 420 1290 qna
458 1219 564 1271 eontra
600 1217 720 1270 motum
756 1225 832 1271 sune
865 1203 1032 1270 voluntatis

104 1291 275 1360 seeundum
300 1292 401 1378 legem
425 1294 498 1378 agit,
522 1295 608 1380 quusi
634 1293 709 1378 tegis
732 1313 849 1371 antus,
864 1313 928 1358 nou
952 1292 1029 1358 orni·

104 1403 169 1448 ons.
196 1381 327 1469 Propter
352 1382 437 1467 qnod
477 1384 642 1469 Apostolus
676 1381 759 1447 dieit:
802 1382 859 1447 Udi
892 1379 1031 1467 Sporus

102 1470 244 1548 Domini,
266 1469 311 1534 idi
335 1471 477 1549 libertus,
502 1473 522 1537 ἓ
548 1471 632 1551 Cor„
661 1471 695 1544 3,
721 1472 772 1549 17;
795 1485 835 1537 et:
860 1469 896 1538 Si
917 1470 1032 1556 spiritu

102 1559 264 1635 dorimini,
284 1579 349 1624 uon
382 1561 456 1624 estis
478 1561 534 1626 arrd
560 1563 634 1646 iope,
668 1559 778 1638 Galat,
801 1560 832 1638 d,
868 1559 918 1626 18.
953 1558 1032 1626 Hine

103 1647 259 1734 estquod
283 1646 415 1734 Spiritus
438 1647 568 1715 Sanetus
596 1648 675 1716 faeta
709 1649 810 1716 narnis
844 1647 1032 1716 mortiiieare

105 1737 229 1814 dieitur,
251 1736 423 1802 secuudum
449 1738 544 1823 qood,
567 1751 694 1826 propter
720 1737 896 1825 passionem
919 1737 1032 1817 narnis,

105 1845 124 1890 a
148 1844 222 1890 tero
246 1823 329 1889 boun
352 1845 415 1890 uon
443 1829 620 1906 avertimur,
644 1828 675 1894 in
699 1826 784 1915 qnod
806 1826 938 1914 Spiritus
953 1824 1032 1891 San-

109 1925 176 1978 etus
199 1931 255 2001 per·
277 1931 416 1979 amorem
440 1935 496 1980 nos
522 1916 657 1997 ordinat,
677 1915 851 1983 seeundum
886 1913 973 1980 iilud:
997 1913 1034 1982 Si

107 2000 231 2156 {pipgu
252 2000 337 2087 foetu
359 2005 463 2069 curus
494 2008 768 2096 mortificaveritis,
788 2006 909 2084 uinetis,
931 2004 1032 2072 Rom..

132 2140 142 2170 ,
208 2138 216 2155 .

411 2267 583 2337 CAPUT
620 2272 727 2339 xxttt.

210 2442 331 2513 Soiutio
353 2448 511 2513 notionum
535 2470 633 2534 supro
656 2449 708 2535 (i)
730 2449 929 2516 inducturum

252 2546 360 2601 contro
383 2536 580 2603 diuinitatem
604 2537 743 2623 Spiritus
769 2539 888 2609 Sancti.

177 2709 282 2777 Restat
319 2725 423 2779 nutam
457 2715 578 2781 solvere
610 2735 704 2803 snpra
742 2714 857 2803 positos
889 2713 1035 2794 rationes,

110 2798 223 2887 quibus
247 2801 389 2867 nouoludi
413 2802 573 2872 videbatur
595 2808 681 2893 quod
703 2803 836 2894 Spiritus
851 2803 982 2871 Senatus
996 2804 1036 2871 sit

110 2899 265 2968 ereatura,
288 2904 319 2955 et
341 2910 404 2957 nou
428 2892 522 2959 Deus.
879 2930 886 2937 ·

176 2975 262 3043 Circa
286 2980 370 3062 quod
394 2982 655 3049 considerandum
678 2996 726 3049 est
747 2983 850 3072 primo
873 2980 958 3070 quod
980 3001 1036 3047 no-

109 3084 182 3131 rneu
214 3067 382 3150 spiritura
420 3072 623 3158 respiratione
660 3074 841 3139 animalium
875 3084 1037 3156 snrnpturn

111 3153 242 3233 ridetur,
264 3155 296 3219 in
320 3176 380 3241 qua
405 3178 459 3223 ner
480 3181 552 3225 ourn
576 3160 713 3246 quodam
743 3176 829 3228 motu
843 3159 984 3226 ‘infertur
1006 3170 1039 3224 et

111 3242 272 3322 emittitur;
296 3244 378 3309 unde
396 3267 511 3313 nomen
527 3249 656 3333 spiritns
671 3249 710 3315 ad
726 3268 854 3313 otonem
870 3247 1038 3335 impulsum

110 3343 141 3395 et
164 3345 282 3397 motum
306 3332 530 3423 cujuscumque
560 3339 645 3403 aerei
680 3337 820 3424 eorporis
844 3336 987 3413 trahitur;
1008 3348 1040 3400 et

110 3419 153 3485 sio
177 3434 285 3486 ventus
307 3421 422 3490 dicitnr
445 3427 580 3513 spiritus,
614 3426 787 3494 seeundum
822 3424 910 3494 illud:
944 3424 1039 3512 Ipsis,

111 3523 396 3600 ·mffimffi
