2484 3975
330 262 368 307 ua
391 260 543 306 adraanus
567 260 698 306 utrumn
909 240 975 307 tto

64 341 107 395 εει
126 330 179 396 sub
201 349 261 395 una
293 328 405 407 forma,
440 329 534 395 habet
557 331 761 415 privationem
785 328 921 409 alterius,
945 344 976 394 et

65 442 83 485 ε
102 420 256 494 contrario,
292 420 369 484 sieut
392 420 422 483 in
458 418 531 504 igne
554 432 599 483 εει
625 418 755 505 privatio
778 418 868 496 aeris,
891 432 921 485 et
944 418 975 485 in

62 529 129 575 aare
150 522 192 575 εει
215 508 345 594 privatio
369 510 458 593 iguis.
829 532 831 537 ·

122 596 334 664 litarieudum
370 596 465 682 quod,
501 615 573 659 eum
596 594 755 681 gotteratio
790 596 829 659 sit
850 616 888 662 ex
911 616 974 661 nou

60 707 214 762 essenon
237 685 367 751 dicimus
391 682 474 771 quod
498 688 622 769 negatio
645 685 683 749 sit
706 684 901 771 principium,
919 685 974 751 aed

60 776 191 864 privatio:
214 776 285 861 quia
319 777 442 859 negatio
465 794 526 838 uon
567 774 753 838 determinat
788 773 974 859 subjeetuun

60 867 124 932 Non
146 865 247 929 uidere
270 864 353 928 enim
378 876 476 949 potest
500 862 559 927 diei
583 863 675 927 etiam
700 861 739 926 de
762 882 823 927 non
837 864 976 940 entibus,

60 969 98 1019 ut:
120 953 276 1019 Chimaera
301 973 363 1017 non
388 952 480 1029 videt,
502 965 533 1016 at
556 951 667 1017 iterum
692 950 730 1015 do
753 950 878 1017 entibus
893 965 974 1038 quae

60 1066 115 1107 oon
137 1055 206 1107 sunt
228 1054 298 1105 nata
323 1041 437 1105 liabere
467 1040 580 1117 vivum,
612 1041 691 1105 sieut
733 1040 772 1105 de
811 1040 974 1130 lapidibus3

60 1132 109 1196 red
132 1130 257 1216 privatio
280 1150 343 1194 non
367 1130 478 1195 dieitur
500 1130 558 1193 niai
583 1129 622 1195 de
646 1130 850 1195 determinato
873 1132 975 1218 subje-

60 1234 112 1299 eto,
135 1221 164 1283 in
186 1239 248 1304 quo
271 1218 386 1283 seilicet
417 1232 506 1283 uatus
542 1232 588 1282 εει
624 1218 691 1285 lieri
728 1218 862 1295 habitur,
896 1222 974 1287 siout

60 1308 179 1374 εεεείιεε
203 1327 264 1372 non
289 1306 400 1375 dieitur
422 1307 481 1372 nisi
504 1306 543 1372 de
567 1308 614 1371 liis
638 1328 717 1393 quae
740 1323 811 1372 suut
834 1324 905 1375 nata
929 1311 973 1376 vi·

60 1398 135 1463 lere.
159 1396 193 1461 lit
215 1396 286 1481 quia
310 1394 473 1481 'generatio
506 1416 567 1461 non
593 1396 627 1461 lit
650 1418 687 1461 ex
711 1412 772 1461 non
808 1398 878 1462 εειε
901 1399 974 1465 aim·

60 1487 179 1565 diriter,
202 1486 255 1550 sed
280 1506 315 1550 ex
334 1505 396 1549 uon
411 1497 483 1549 ente
495 1484 578 1569 quod
595 1501 641 1550 εει
658 1487 687 1549 in
704 1484 808 1571 aliquo
823 1485 975 1573 subjecto,

60 1591 164 1643 atrion
187 1574 218 1638 in
242 1574 394 1661 quolibet,
419 1572 474 1637 sed
498 1575 529 1638 in
557 1573 761 1664 determinato
786 1579 873 1661 (non
890 1578 973 1643 enim

60 1685 89 1729 ax
110 1663 248 1749 quotibet
271 1683 334 1727 uon
357 1666 429 1746 igne
453 1663 486 1727 tn
510 1664 600 1745 ignis,
623 1663 677 1728 aad
701 1682 738 1727 ex
762 1664 812 1728 tali
826 1684 887 1729 non
902 1669 974 1750 igne

60 1754 127 1818 eirea
150 1772 243 1837 quem
268 1766 337 1815 nata
361 1753 399 1817 tit
427 1750 492 1815 llari
513 1752 614 1818 forma
639 1752 717 1837 ignis
735 1753 760 1831 ),
775 1752 846 1817 ideo
862 1754 974 1821 dicitur

60 1841 132 1925 ruod
157 1841 285 1927 privatio
308 1855 354 1905 eat
394 1840 593 1929 principium,
616 1856 646 1906 ει
670 1860 731 1905 uon
755 1843 890 1925 negatio.
913 1841 975 1909 Sed

60 1952 78 1996 u
103 1931 162 1996 lroe
186 1930 286 1995 differt
312 1930 351 1995 ab
385 1930 464 2006 aliis,
500 1931 570 2017 quia
594 1930 653 1996 alia
677 1943 749 1995 sunt
772 1931 920 2019 principia
944 1945 975 2000 ει

60 2043 79 2085 n
104 2041 173 2084 εεεε
196 2033 226 2084 ει
250 2021 281 2084 in
316 2019 394 2085 fieri.
416 2018 462 2083 ad
486 2022 546 2086 hoe
568 2021 651 2085 enim
675 2017 759 2106 quod
784 2019 835 2085 fiat
857 2020 974 2088 idolum

60 2108 277 2196 oportetquod
301 2110 425 2186 situas,
455 2122 485 2172 et
519 2109 603 2195 quod
643 2109 770 2174 ulterius
804 2111 842 2174 sit
876 2112 974 2196 ligura

60 2197 133 2278 doli,
157 2211 188 2263 ει
211 2199 334 2275 iterum,
357 2197 482 2282 quando
520 2199 651 2284 estjam
687 2197 816 2276 idolum,
854 2213 976 2286 oportet

60 2307 125 2352 raee
150 2288 214 2351 duo
237 2307 315 2366 εεεε;
338 2286 394 2350 sed
422 2286 550 2372 privatio
573 2302 619 2352 εει
643 2287 827 2373 principium
853 2289 883 2352 in
908 2288 974 2355 lieri

60 2389 76 2440 t
102 2396 166 2441 non
192 2375 222 2440 in
247 2397 324 2454 εεεε,
349 2376 432 2460 quia,
455 2375 532 2456 dum
555 2376 587 2441 lit
604 2375 732 2453 idolum,
750 2391 869 2462 oportet
892 2377 977 2462 quod

60 2485 109 2529 ton
134 2467 174 2529 sit
197 2464 326 2537 idolum
348 2465 372 2528 si
396 2465 480 2530 enim
504 2479 595 2542 εεεει,
619 2463 875 2551 nonderet‚quia
889 2466 979 2553 quid-

60 2552 120 2618 ·uid
144 2553 180 2618 lit
202 2573 265 2618 uon
289 2569 336 2620 εει
357 2553 413 2618 εἰεί
444 2555 475 2618 in
510 2553 702 2631 successivis,
726 2555 813 2618 utin
838 2566 977 2642 tempore

64 2657 75 2706 t
100 2656 202 2719 motu3
225 2641 279 2706 aad
315 2664 351 2708 er
375 2663 437 2726 quo
457 2642 521 2725 jam
555 2643 674 2708 idolum
700 2655 755 2718 εει,
779 2661 842 2706 non
866 2659 912 2708 εει
934 2643 977 2709 ibi

63 2731 180 2796 rivatio
203 2730 287 2808 idoli,
322 2733 393 2818 quia
428 2731 591 2798 affirmatio
615 2746 647 2796 et
671 2733 794 2815 negatio
819 2752 882 2796 non
906 2747 978 2798 aunt

60 2819 151 2897 i‘mul,
174 2820 317 2884 similitor
340 2841 396 2885 neo
430 2821 559 2908 privatio
582 2833 613 2886 ει
637 2820 769 2886 habitur.
795 2820 883 2894 item.
917 2823 979 2909 pri·

61 2909 127 2973 atio
153 2921 202 2973 εει
238 2910 423 2995 principium
457 2929 513 2996 per
546 2908 699 2987 acridano,
734 2923 767 2975 ut
802 2929 897 2997 supra
933 2926 980 2978 est

60 2997 236 3084 rpositum3
260 2997 319 3062 alia
343 3018 416 3062 vero
439 3013 510 3063 sunt
535 2998 684 3084 principia
710 3017 765 3082 par
787 3017 830 3062 se.

112 3085 155 3150 En
182 3084 271 3151 dietis
295 3107 370 3172 orgo
394 3100 476 3172 patet
499 3088 583 3173 quod
620 3087 749 3151 materia
786 3105 842 3171 per
864 3105 897 3151 εε
921 3087 980 3155 dit-

60 3186 101 3238 εει
127 3195 145 3238 a
171 3173 274 3240 lorma
298 3189 328 3240 ει
352 3176 532 3261 privatione,
555 3175 726 3240 seeundum
741 3175 980 3243 rationemtma·

60 3263 122 3327 oria
148 3263 239 3327 enim
263 3279 309 3329 εει
332 3265 362 3329 id
387 3266 417 3329 in
441 3285 503 3350 quo
527 3263 705 3348 intelligitur
744 3262 844 3328 forma
866 3278 898 3329 ει
920 3266 981 3351 pri·

60 3352 139 3429 atio,
165 3352 247 3417 sieut
270 3354 302 3418 iu
325 3373 422 3439 cupro
445 3351 625 3437 intelligitur
647 3351 746 3417 lorma
778 3365 809 3416 ει
832 3353 979 3439 infigura·

60 3461 122 3504 rm.
157 3440 357 3527 Quandoque
381 3457 482 3508 tamen
511 3442 639 3506 materia
669 3440 887 3507 denominatur
909 3463 986 3519 euru¹

60 3528 233 3611 vitatione,
244 3531 431 3620 quandoque
443 3531 981 3622 sineprivatione;sieut-aeacumllt
