2484 3975
344 233 381 279 nr
404 215 587 280 sursrtrrrirs
608 231 765 277 seruulus
947 209 1011 276 butt

91 300 241 390 quaedum
264 301 323 366 eliu
346 303 419 386 (l),
444 323 514 367 cum
538 303 691 390 quaedem
715 312 856 386 respectu
880 299 1011 366 ullorum

92 395 151 460 siot
171 392 220 456 rel
242 390 340 457 multo
364 390 468 478 pejore
492 393 539 458 uel
561 392 659 458 multo
683 391 834 456 meliora:
859 388 937 454 elius
960 410 1014 456 eu·

92 496 152 548 teor
172 484 283 546 ‘sensus
305 493 359 546 est:
383 481 453 565 quie
471 481 610 548 videmus
626 478 710 564 quod
728 479 898 564 intelligere
921 498 1014 562 quee-

92 571 162 636 dem
185 570 216 634 iu
239 583 308 634 actu
332 569 413 655 opud
438 590 494 634 nos
517 571 637 635 uidetur
661 588 728 634 esse
751 567 933 644 obsurdum3
956 589 1014 634 un·

90 659 179 724 dcet
201 657 259 724 elic
283 659 382 724 littero
405 658 498 724 babet
521 661 572 743 (9)
594 687 610 718 «
632 673 684 722 eut
707 658 925 724 inconveniens
949 677 1013 722 me-

92 748 178 814 ditari
201 748 241 811 de
264 746 451 831 quibusdum
475 777 488 808 ι
513 747 709 834 (Μειερὴγε.,
734 747 775 812 ld
807 761 878 812 tert.
903 765 1018 822 comm,

92 835 174 922 36).
224 835 335 901 Habito
358 837 451 921 igitur
489 837 572 925 quud
612 836 724 902 melius
762 849 808 902 est
844 835 1015 918 intelligere

91 925 215 1011 aliquod
238 925 358 990 bonum
397 945 491 1011 quom
527 925 699 1008 intelligere
737 926 840 992 miuus
878 925 1018 999 bonum,

92 1015 246 1081 concludit
262 1010 346 1100 quod
363 1012 393 1078 id
417 1016 500 1099 quod
514 1015 655 1098 intelligit
671 1015 770 1101 prime
787 1013 956 1081 substantie
972 1025 1018 1078 cst

93 1104 255 1190 optimum,
271 1115 301 1167 et
316 1102 398 1187 quod
424 1103 624 1188 intelligendo
647 1125 710 1170 nnn
734 1117 870 1170 mutetur
887 1115 918 1168 ut
933 1122 1017 1170 nuno

92 1193 239 1277 intelliget
263 1211 360 1256 unuur
382 1213 467 1259 nunc
490 1193 595 1269 ulrud3
619 1204 650 1257 et
674 1193 732 1258 boc
755 1195 865 1279 probat
888 1190 1017 1277 duplici·

92 1295 146 1348 ter:
170 1282 269 1364 primo
292 1279 431 1366 quidem,
453 1286 538 1370 quie,
561 1303 632 1347 cum
656 1282 805 1361 intelliget
819 1283 848 1349 ld
866 1282 948 1366 quod
973 1293 1019 1345 est

92 1371 329 1446 nobilissimum,
352 1383 385 1433 ut
407 1370 525 1437 dictum
548 1386 604 1446 εει,
618 1385 811 1455 sequeretur,
834 1373 857 1436 si
883 1385 1019 1436 mutere·

92 1473 142 1524 tur
162 1459 201 1524 od
224 1458 307 1523 eliud
332 1459 533 1545 intelligibile,
550 1458 633 1544 quod
650 1461 779 1525 mutatio
804 1473 885 1526 esset
912 1459 942 1525 iu
966 1458 1019 1524 ali»

92 1547 165 1633 quid
188 1547 354 1632 indignius;
370 1549 524 1622 secundo,
547 1548 705 1635 quietalis
728 1549 908 1615 vicissitudo
932 1546 1022 1613 intel·

93 1637 255 1718 lipibilium
275 1637 340 1721 jum
364 1652 409 1702 est
442 1654 545 1702 motus
568 1637 717 1723 quidemr
745 1639 879 1724 primum
916 1650 1019 1702 eutem

92 1725 278 1814 principium
301 1740 421 1811 oportet
443 1747 511 1791 esse
534 1727 680 1791 omuibus
703 1727 803 1792 modis
826 1725 997 1792 immobile.

160 1814 280 1893 Deinde
302 1812 381 1878 redit
404 1816 443 1880 ed
467 1815 733 1880 determinandum
766 1816 901 1898 primurn
925 1831 1023 1896 quoe·

48 1963 51 1968 .
92 1904 239 1982 ctionem,
260 1923 299 1966 eu
322 1904 436 1969 scilicet
459 1905 515 1970 Dei
549 1903 718 1970 substantio
742 1906 780 1968 sit
818 1925 908 1970 suum
932 1901 1023 1967 intel·
1132 1965 1138 1976 ,

93 1993 202 2079 ligere,
225 1990 285 2077 (id
308 1992 384 2077 est)
407 2016 446 2059 un
470 2014 538 2059 esse
561 1994 618 2059 Dei
653 1995 691 2058 sit
714 2009 804 2059 suum
829 1992 1022 2078 intelligere:

93 2083 179 2168 quod
201 2083 246 2147 sie
269 2080 431 2167 dupliciter
447 2084 603 2170 probetur.
620 2113 665 2125 -
683 2083 787 2148 Primo
804 2084 929 2169 quidem
953 2101 1024 2167 pro·

92 2171 148 2237 but
171 2169 266 2257 quod,
288 2170 313 2235 si
339 2173 436 2257 primo
460 2172 628 2237 substantio
653 2191 716 2236 uon
749 2185 795 2236 est
818 2192 907 2237 suum
933 2169 1023 2235 iutel-

92 2260 215 2345 ligere‚
235 2258 289 2325 sed
312 2274 359 2324 est
381 2262 458 2327 sicut
484 2262 642 2347 potentie.
665 2260 767 2325 udbuo
790 2260 828 2325 sit
864 2257 1023 2347 probabile

63 2420 68 2427 ,
93 2349 179 2433 quod
203 2349 348 2415 continue
372 2350 544 2431 intelligere
567 2363 649 2413 esset
683 2350 710 2413 ei
735 2349 936 2415 laboriosum.
961 2346 1025 2412 Hoc

92 2451 199 2503 autem
223 2436 296 2502 dioit
320 2458 387 2503 esse
410 2438 591 2525 probabile,
635 2458 671 2503 ex
695 2458 733 2503 eo
771 2437 855 2524 quod
880 2435 1025 2502 innubis

91 2526 138 2593 sie
161 2524 284 2602 accidie
305 2526 361 2590 sed
386 2528 457 2613 quie
482 2529 512 2591 iu
537 2528 627 2593 nubis
651 2541 750 2613 potest
772 2526 938 2603 occidere,
962 2544 1025 2589 nou

91 2634 132 2680 ex
155 2628 265 2680 nature
289 2613 482 2692 intellectus,
521 2616 575 2681 sed
615 2637 652 2680 ex
676 2616 791 2682 viribus
825 2613 1021 2681 interioribus

91 2702 208 2789 quibus
231 2703 347 2768 utimur
369 2705 580 2787 intelligendo.
603 2705 674 2769 ideo
691 2725 753 2770 non
777 2704 852 2772 dixit
875 2722 942 2767 esse
965 2702 1026 2766 boc

90 2791 303 2857 necessarium
330 2794 361 2858 iu
387 2796 543 2860 omuibus.
567 2794 598 2858 Si
635 2808 739 2858 tumen
775 2794 833 2859 boc
868 2789 1028 2878 probabile

90 2880 262 2967 accipietur
286 2898 319 2946 ut
342 2902 464 2960 rerum,
486 2897 635 2967 sequetur
658 2881 741 2969 quod
773 2881 918 2949 continue
942 2878 1029 2955 intel·

89 2968 192 3054 ligere
214 2970 253 3034 rit
275 2970 463 3036 laboriosum
488 2973 607 3056 primae
621 2973 827 3047 substantium
850 2983 881 3035 et
907 2969 947 3035 ito
965 2987 1027 3032 non

90 3058 209 3145 poterit
231 3080 354 3146 semper
377 3060 558 3143 intelligere
573 3060 655 3145 quod
672 3074 719 3124 est
742 3072 847 3126 contre
880 3056 1028 3144 praemis·

90 3168 140 3213 sa.
163 3185 208 3197 --
231 3148 375 3214 Secundo
400 3150 519 3234 probet
541 3168 597 3236 per
619 3149 679 3215 buc
701 3149 785 3235 quia,
808 3149 834 3212 si
858 3144 1028 3212 substantio

153 3303 193 3369 (l)
215 3303 262 3357 Vel
280 3307 342 3374 puio
360 3304 536 3357 absurdum...
555 3303 651 3357 Sensus
669 3310 718 3357 est:
736 3304 784 3357 Vel
805 3304 866 3375 quie
885 3300 1029 3355 absurdum

92 3382 138 3429 cst
158 3375 279 3428 meditari
298 3377 330 3428 de
348 3375 516 3445 quibusdum,
535 3374 691 3445 inquirendo
719 3382 809 3427 utrum
836 3375 981 3440 intelligere
999 3388 1030 3425 eu

93 3448 133 3502 eit
153 3449 191 3500 ito
209 3447 308 3500 bonum
326 3448 393 3500 sicut
413 3448 557 3515 intelligere
575 3447 703 3516 quaedum
723 3448 781 3499 ulio.

152 3518 195 3592 (2)
212 3518 276 3573 Atta
293 3520 383 3573 littero
400 3520 488 3584 balet,
507 3520 525 3573 i.
543 3534 567 3574 e.
585 3517 764 3587 attestemur,
783 3533 831 3595 seu
849 3516 899 3571 ulle
917 3515 1014 3570 versio.
