2484 3975
440 227 496 272 trs.
522 227 560 272 tv.
584 228 647 275 cte.
669 227 789 284 assant.
1013 209 1073 274 t7t

151 295 190 364 de
212 315 292 362 novo
314 293 488 373 constituta,
511 309 541 362 et
563 298 622 362 alia
648 311 776 371 sete-rna
802 293 894 367 Verbi
911 295 1066 384 Dehpooh

151 400 196 453 est
219 385 413 451 nestorianae
436 384 614 471 impietatis.

216 476 304 552 item,
327 472 388 537 Etsi
412 472 585 560 hypostasis
609 474 693 540 iliius
718 473 852 540 hominis
875 495 939 539 non
975 488 1078 560 posset

151 563 209 630 diei
234 581 377 650 persona,
400 575 502 627 tamen
527 563 611 629 idem
635 577 682 628 est
704 563 877 649 hypostasis
900 562 994 630 Verbi
1019 564 1078 630 nei

149 653 234 738 quod
257 670 398 736 persona.
422 651 453 716 Si
477 652 570 737 igitur
592 653 764 737 hypostasis
788 651 880 718 Verbi
918 651 974 716 Dei
1013 672 1077 718 non

149 756 194 808 est
218 741 299 807 iilius
322 738 467 818 hominis,
495 761 597 827 neque
621 742 720 806 etiam
738 761 869 827 persona
904 740 995 807 Verbi
1018 741 1077 806 Dei

149 830 209 896 erit
238 847 371 917 persona
395 829 475 894 iliius
498 830 642 896 hominis:
666 842 696 894 et
718 831 761 894 sie
783 829 896 894 falsum
918 830 976 894 erit
993 829 1079 915 quod

149 919 266 1074 &sobna
289 918 371 1005 quod
395 938 527 1004 persona
566 920 651 985 iilius
686 919 824 985 hominis
862 930 909 983 est
946 939 1078 1005 persona

176 1027 210 1074 er
234 1006 242 1071 i
266 1008 340 1073 Dei.
643 1024 647 1030 ·

216 1095 335 1173 Adhuc,
358 1096 435 1160 Dato
458 1097 541 1183 quod
564 1095 695 1183 persona
720 1109 799 1162 esset
824 1093 908 1160 aliud
943 1095 984 1161 ab
1020 1095 1078 1180 hy·

152 1187 264 1271 postasi
289 1184 379 1252 Verbi
415 1185 470 1250 Dei
506 1186 553 1251 vel
591 1186 737 1262 hominis,
776 1199 839 1249 non
877 1199 978 1270 posset
1015 1183 1076 1249 alia

151 1273 322 1340 differentia
346 1275 487 1350 inveniri,
513 1274 569 1339 nisi
600 1274 684 1359 quod
720 1293 852 1359 persona
886 1293 980 1356 supra
1017 1273 1077 1358 hy·

150 1363 296 1448 postasim
320 1361 404 1427 addit
428 1364 647 1449 proprietatem
690 1363 837 1446 aliquam3
877 1361 953 1425 nihii
991 1363 1076 1428 euim

150 1450 189 1515 ad
213 1470 311 1535 genus
335 1452 523 1518 substantiae
548 1454 706 1538 pertinens
730 1450 846 1515 addere
870 1462 1075 1534 potest,·oum

148 1538 321 1625 hypostasis
344 1540 383 1604 sit
406 1540 598 1625 potissimum
624 1540 677 1623 (i)
716 1540 747 1603 in
784 1557 900 1622 genere
934 1538 1078 1604 substan·

149 1628 209 1693 tiae
232 1627 316 1715 quod
339 1627 450 1694 dieitur
473 1628 642 1708 substantia
667 1629 777 1715 prima.
802 1627 834 1691 Si
875 1626 968 1710 igitur
1001 1627 1077 1693 unio

148 1715 227 1782 faeta
250 1730 296 1781 est
318 1716 489 1782 seeundum
529 1737 694 1804 personam
732 1729 763 1780 et
801 1735 863 1780 non
902 1715 1075 1782 sectandum

148 1804 349 1892 hypostasim,
374 1806 513 1889 sequitur
537 1805 620 1891 quod
645 1827 707 1870 non
731 1806 769 1869 sit
792 1803 869 1868 faeta
907 1805 982 1868 unio
1016 1805 1076 1870 nisi

146 1893 320 1960 seeundum
344 1894 477 1979 aliquam
505 1893 723 1980 proprietatem
742 1891 975 1970 accidentalem
991 1892 1075 1978 quod
1107 1955 1112 1968 ,

149 1982 262 2050 iterum
286 1982 418 2048 reditio
442 2004 580 2049 errorem
604 1982 747 2049 Nestorii.

216 2072 365 2158 Amplius,
388 2071 518 2157 Cyriiius
541 2072 626 2146 dicit,
650 2073 681 2137 in
698 2071 831 2159 Epistola
849 2070 887 2135 ad
900 2069 1074 2137 Nestorium

148 2174 299 2249 quaeest
323 2161 354 2225 io
379 2160 528 2247 ephesina
552 2161 681 2247 Synodo
717 2160 897 2246 approbata:
937 2158 971 2224 Si
1007 2162 1076 2243 quis

147 2270 209 2313 non
233 2251 391 2337 confitetur
406 2251 494 2313 corni
513 2250 681 2315 seeundum
697 2248 926 2315 subsistentiam
956 2248 1076 2313 unitum

148 2358 189 2403 eo
211 2338 276 2402 Deo
311 2338 406 2401 Patre
449 2337 589 2417 Verbum,
625 2358 777 2422 unumque
814 2358 880 2401 esse
920 2337 1075 2401 Christum

148 2447 219 2491 cnm
241 2445 299 2491 sno
321 2446 422 2501 corne,
456 2429 596 2491 eumdem
619 2429 763 2492 videlieet
785 2426 884 2490 Deum
918 2426 1013 2490 simul
1046 2437 1077 2490 et

148 2515 314 2593 hominem,
336 2515 504 2580 anathemo
527 2516 577 2593 sit3
600 2531 630 2580 et
653 2515 717 2580 sere
755 2514 881 2600 ubique,
918 2514 949 2577 in
983 2534 1076 2599 syno-

149 2602 272 2668 dalihus
295 2603 424 2689 scriptis,
448 2602 507 2668 hoo
543 2605 641 2668 errori
668 2604 798 2668 Nestorii
836 2604 1001 2689 deputatur
1021 2603 1075 2689 qui

148 2693 254 2780 posuit
276 2689 353 2756 duas
377 2692 407 2756 in
432 2690 554 2758 Christo
577 2693 768 2778 hypostases.

217 2780 390 2859 Praeterea,
413 2780 624 2846 Damascenus
647 2781 730 2846 dicit:
756 2775 945 2843 Eo·drrohus
982 2791 1075 2844 soto·

147 2870 198 2933 rs's
216 2868 362 2953 perfectis
385 2869 517 2933 dicimus
539 2890 603 2934 esse
626 2869 743 2951 (ortam
767 2870 908 2932 unionem
944 2887 1006 2931 non
1028 2888 1075 2934 se·

150 2958 287 3023 eundum
306 2978 476 3042 prosopon,
497 2958 578 3023 idest
596 2978 775 3043 personam,
797 2968 831 3022 ut
855 2956 913 3019 Dei
933 2955 1076 3023 inimicos

148 3046 230 3112 dicit
250 3045 422 3123 Nestorius,
444 3048 499 3110 sed
513 3048 682 3111 seeundum
705 3045 895 3131 hypostasim
911 3044 972 3128 (ἢ).
987 3044 1076 3110 Unde

149 3148 235 3221 patet
258 3154 401 3220 expresse
422 3134 506 3219 quod
531 3136 609 3200 haee
632 3134 690 3200 suit
713 3136 822 3219 positio
845 3131 975 3198 Nestorii
999 3152 1076 3198 eon-

149 3224 231 3289 fiteri
255 3243 348 3287 unam
372 3242 537 3308 personam
563 3236 593 3288 et
616 3223 693 3287 duas
718 3221 908 3309 hypostases.

219 3312 309 3389 item,
332 3310 509 3397 hypostasis
533 3324 564 3375 et
602 3311 795 3397 suppositum
833 3322 955 3397 oportet
991 3307 1073 3377 idem

207 3432 247 3498 rt)
267 3431 442 3498 Potissimum,
464 3434 480 3488 i.
500 3444 524 3486 s.
542 3428 786 3507 eompletissimum.

204 3502 243 3572 (h)
261 3503 319 3563 Lib.
338 3500 364 3569 5,
382 3518 405 3557 s.
425 3501 466 3559 ih.
