2484 3975
343 244 381 288 uu
404 243 587 289 suusrmrns
609 245 762 291 summus
950 224 1013 289 tto

159 313 245 390 ltem,
268 310 345 377 Cum
369 313 400 377 in
424 332 538 397 genere
562 313 724 380 mobilium
762 311 936 377 inveniatur
959 336 1014 399 ap-

101 402 215 490 petibile
237 401 315 467 sicttt
338 422 465 467 movens
488 423 550 467 non
575 416 705 480 motum,
729 416 876 486 appetens
911 415 1014 467 autem

98 493 169 557 sicut
190 510 318 555 movens
341 503 469 568 motum,
494 491 650 556 concludit
673 492 799 558 ulterius
835 491 919 575 quud
956 494 1015 576 pri-

99 601 176 646 mum
200 600 329 644 mouens
352 579 510 644 immobile
533 596 579 644 est
599 582 677 645 sicut
701 582 819 645 bonum
857 578 1015 665 quoddam

99 669 264 756 appetibile,
291 670 322 733 el
345 668 428 753 quod
466 670 599 755 primum
636 689 763 735 movens
801 669 935 755 seipsum
971 682 1018 733 est

98 762 225 847 primum
250 757 365 822 mobile
387 758 471 843 quod
495 772 637 823 moretur
654 779 709 843 per
723 758 891 844 appetitum
911 758 1016 844 ipsius.

158 847 206 912 list
229 859 331 911 autem
355 846 614 911 considerandum
639 848 766 912 ulterius
802 848 886 932 quod
911 847 941 910 in
966 868 1017 911 or·

98 936 163 1001 dine
176 936 366 1021 appetituum
384 948 414 999 ct
430 935 642 1022 appetibilium
667 938 800 1021 primum
817 936 958 1021 estquod
972 950 1018 1001 cst

97 1025 261 1090 secundum
297 1025 495 1100 intellectum,
531 1044 602 1088 nam
627 1028 780 1111 appetitus
813 1025 1015 1090 intellectirus

97 1116 205 1199 appetit
227 1112 257 1177 itl
281 1113 365 1199 quod
388 1126 435 1177 est
456 1113 629 1179 secundum
654 1135 687 1179 se
710 1114 839 1187 bonum;
864 1114 1016 1201 appetitus

99 1217 196 1266 autem
219 1202 381 1266 sensitirus
405 1224 466 1266 non
491 1215 590 1286 potest
612 1204 762 1288 attingere
779 1204 835 1267 ad
870 1218 1017 1287 appeten-

98 1291 169 1356 dum
192 1290 272 1376 quod
296 1304 342 1355 est
363 1290 535 1355 secuudum
558 1312 591 1356 sc
616 1293 744 1370 bonnm,
768 1294 822 1356 sed
853 1293 953 1356 solum
978 1292 1017 1356 ad

96 1379 299 1466 appetentium
323 1379 355 1444 id
378 1380 461 1465 quod
486 1381 607 1447 uidetur
631 1382 758 1456 bonum;
782 1382 898 1446 bonum
933 1382 1017 1445 enim

96 1468 273 1554 simpliciter
294 1483 324 1533 et
347 1468 489 1534 absolute
513 1492 574 1535 non
598 1471 680 1535 cadit
704 1470 761 1535 sub
774 1471 1020 1556 apprehensione

94 1578 210 1634 sensus,
233 1557 288 1621 sed
311 1557 406 1622 solius
431 1558 612 1624 intellectus.
627 1559 713 1623 Unde
731 1559 914 1644 relinquitur
937 1558 1021 1643 quod

97 1648 230 1730 primum
257 1647 372 1711 mobile
395 1648 512 1732 appetit
549 1650 684 1733 primum
721 1668 848 1712 movens
888 1649 1025 1733 appetitu

95 1735 301 1812 intellectuali3
325 1756 362 1799 ex
386 1756 447 1821 quo
472 1750 572 1822 potest
595 1737 737 1802 concludi
762 1737 846 1823 quod
886 1738 1024 1822 primum

96 1824 211 1889 mobile
234 1828 271 1887 sit
295 1838 442 1911 appetens
476 1840 507 1888 et
547 1826 731 1911 intelligens
765 1840 804 1902 et,
841 1846 912 1889 oum
946 1824 1023 1889 nibil

96 1927 256 1977 moveatur
279 1914 338 1978 nisi
359 1934 482 2000 corpus,
506 1928 606 2002 potest
629 1914 769 1980 concludi
787 1914 870 2000 quod
888 1916 1024 1999 primum

94 2003 211 2067 mobile
233 2004 271 2068 sit
294 2023 407 2090 corpus
431 2005 601 2069 animatum
615 2007 718 2069 anima
732 2004 939 2068 intellectuali.
953 2003 1022 2068 Non

94 2104 198 2156 autem
223 2092 323 2156 solum
349 2093 483 2177 primum
519 2093 647 2171 mobile,
681 2094 763 2179 quod
802 2107 847 2157 est
885 2094 1022 2180 primum

91 2181 226 2257 caelum,
249 2194 392 2246 movetur
414 2196 500 2246 motu
525 2197 662 2258 aeterno,
690 2182 744 2248 seu
782 2183 872 2246 etiarn
913 2201 1022 2248 omnes

91 2269 255 2335 inferiores
278 2271 369 2334 orbes
382 2272 558 2336 caelestium
572 2291 748 2357 corporum3
766 2271 849 2336 unde
866 2283 894 2334 ct
907 2290 1021 2334 unum·

91 2358 240 2445 quodque
263 2360 439 2425 caelestium
463 2381 629 2446 corporum
648 2361 817 2426 animatum
834 2373 879 2423 est
896 2359 1019 2444 propriu

90 2451 208 2525 anima,
231 2461 261 2511 et
285 2450 529 2536 unumquodque
553 2449 646 2514 babet
669 2471 759 2514 suum
784 2449 949 2535 appetibile
972 2469 1019 2512 se·

91 2550 247 2623 paratum,
268 2539 351 2623 quod
375 2551 421 2602 est
459 2539 601 2623 proprius
636 2539 706 2604 finis
739 2540 785 2603 sui
819 2551 931 2602 motus.
968 2535 1020 2601 Sic

88 2628 187 2711 igitur
209 2640 279 2690 sunt
304 2627 419 2691 multae
439 2628 627 2693 substantiae
650 2642 819 2712 separatae,
854 2627 944 2692 nullis
968 2647 1021 2712 pe·

90 2718 179 2781 nitus
203 2715 307 2780 unitae
329 2715 520 2801 corporibus,
544 2729 616 2780 sunt
639 2732 741 2781 autem
778 2730 807 2779 et
831 2716 945 2779 multae
979 2716 1025 2779 in-

91 2804 289 2870 tellectuales
311 2805 497 2869 substantiae
520 2805 703 2870 caelestibus
715 2799 895 2888 corporibus
912 2805 1025 2868 unitae.

166 2894 284 2960 Harum
308 2908 411 2958 autem
435 2913 602 2959 numerum
637 2894 812 2959 Aristoteles
847 2894 1030 2977 investigare

91 2997 230 3050 conatur
251 2984 424 3049 secundum
462 3003 628 3048 numerum
668 2997 795 3048 motum
853 2982 1033 3048 caelestium

91 3093 280 3159 corporum.

163 3162 300 3243 Quidam
325 3175 429 3227 autem
453 3159 492 3224 de
515 3161 582 3247 ejus
606 3161 821 3238 sectatoribus,
836 3160 951 3225 scilicet
967 3159 1036 3223 tvt-

90 3269 212 3327 cenna,
236 3271 401 3316 numerum
425 3269 533 3315 earum
559 3251 695 3334 assignat
708 3270 770 3314 non
786 3251 911 3336 quidem
929 3269 1035 3312 secun-

89 3338 176 3403 dum
201 3360 367 3404 numerum
392 3352 545 3418 motuum,
567 3340 622 3403 sed
647 3339 745 3423 magis
780 3339 950 3404 secundum
977 3357 1036 3401 nu-

88 3448 225 3493 merum
248 3429 441 3515 planetarum
457 3441 487 3492 ct
499 3428 631 3493 aliorum
645 3429 842 3514 superiorum
855 3447 1033 3514 corporum,

86 3517 217 3583 scilicet
239 3518 322 3584 orbis
346 3518 455 3584 stellati
479 3531 510 3582 et
531 3518 621 3607 ⁸orbis
657 3519 709 3605 qui
743 3532 790 3583 est
824 3519 890 3584 sine
925 3516 1037 3598 stellis¹
