2484 3975
390 239 445 283 na.
470 240 509 285 tv.
534 240 597 286 cta.
623 240 719 289 attat.
954 221 1021 287 999

88 306 143 375 sed
166 304 268 372 esse'nt
293 306 322 371 in
347 308 487 393 subjecto
511 309 594 395 quod
619 324 665 374 ast
696 309 756 374 hoo
792 307 908 394 aliquid
941 311 1020 376 siout

90 395 208 462 iormae
231 395 444 463 accidentales.
470 398 599 484 Oportet
614 399 708 483 igitur
723 398 805 483 quod
819 399 1019 484 corporeitas,

89 499 179 573 prout
202 499 249 551 ast
272 484 371 550 iornta
396 487 604 553 substantialis
640 487 671 551 in
710 487 848 565 bomine,
883 506 947 551 non
980 487 1019 553 sit

88 575 171 640 aliud
195 595 287 660 quam
312 575 414 639 anima
430 576 615 654 rationalis,
631 595 712 660 quae
736 576 767 639 in
800 596 854 640 sua
889 578 1018 641 materia

89 664 149 729 ltoo
171 664 298 748 requirit
323 663 406 749 quod
424 664 537 730 habeat
554 678 615 729 tres
632 664 853 739 dimensionem
869 678 914 728 est
934 666 1018 730 enirn

87 766 174 818 aetus
198 751 335 837 corporis
359 752 496 839 alicujus.
521 790 564 802 -
588 754 654 819 alio
678 752 773 817 modo
791 753 938 839 accipitur
951 774 1019 819 eor·

86 842 220 927 poreitas
237 854 328 927 prout
344 856 388 905 est
405 841 503 907 lorma
519 842 727 919 accidentalis,
739 842 911 907 seeundum
924 861 1017 928 quam

85 930 200 994 dieitur
222 950 333 1015 corpus
369 950 436 995 esse
473 932 502 995 in
540 952 655 1015 genere
689 931 875 1016 quantitatis:
910 944 940 996 et
975 933 1019 997 sie

84 1020 276 1105 corporeitas
299 1018 376 1084 niltil
401 1020 483 1085 aliud
507 1034 552 1085 est
575 1040 668 1105 qnam
706 1035 767 1083 tres
807 1020 1019 1085 dimensiones

84 1127 167 1193 quae
191 1108 327 1193 eorporis
352 1108 502 1173 rationem
527 1111 728 1173 constituunt.
752 1108 811 1172 Etsi
830 1108 922 1193 igitur
941 1109 1018 1174 haee

83 1198 275 1282 corporeitas
298 1195 328 1260 io
354 1197 485 1263 nihilum
511 1198 602 1273 cadit,
626 1218 757 1281 corpore
785 1198 922 1261 humano
950 1218 1017 1262 vor-

84 1298 189 1371 rupto,
213 1298 316 1349 tamen
341 1285 493 1371 impedire
515 1306 577 1351 non
603 1300 702 1373 potest
740 1287 814 1371 quin
852 1286 935 1349 idem
961 1306 1017 1350 nu-

83 1373 174 1438 mero
198 1388 348 1457 resurgat,
373 1394 410 1437 eo
443 1374 526 1461 quod
562 1376 750 1462 corporeitas
785 1374 880 1438 modo
915 1376 1017 1460 primo

83 1462 165 1528 diota
191 1483 252 1526 non
278 1464 308 1526 in
333 1463 463 1532 nihilum
488 1463 579 1541 eadit,
602 1463 657 1527 soti
682 1464 792 1528 eadem
809 1476 924 1527 manet.

151 1550 297 1616 Similiter
331 1552 422 1616 otiam
446 1543 558 1617 'lortna
596 1552 680 1616 mixti
718 1550 892 1637 dupliciter·
915 1552 1011 1639 aeoipi

82 1652 192 1725 potest:
216 1674 259 1687 —-
284 1639 350 1705 Uno
375 1640 479 1716 modo,
504 1655 537 1704 ut
560 1662 614 1726 per
638 1640 770 1705 sormam
803 1640 889 1705 misti
924 1640 1012 1705 intel-

79 1728 194 1813 ligatur
206 1727 304 1793 lorma
329 1728 538 1794 sulsranualis
554 1730 692 1815 eorporis
711 1730 807 1805 nrixti3
823 1728 924 1807 etsie,
940 1748 1011 1793 oum

80 1820 112 1882 in
138 1816 266 1883 homine
289 1838 352 1882 non
376 1817 414 1881 sit
450 1818 507 1883 alia
545 1817 644 1882 lorma
678 1818 884 1884 substantialis
917 1837 1012 1903 quam

80 1906 184 1971 anima
209 1906 375 1983 rationalis,
400 1921 432 1971 ut
456 1920 613 1972 ostensum
630 1921 677 1971 est
700 1907 746 1993 (Ι.
774 1908 804 1983 l,
819 1927 846 1971 ε.
860 1905 938 1991 58),
954 1926 1013 1971 neo

81 1995 193 2083 poterit
218 1996 277 2061 diei
302 1997 384 2082 quod
410 1996 508 2062 lorma
534 1998 632 2071 mixti,
654 2010 747 2081 prout
768 1994 1013 2061 estiormusub·

80 2084 242 2160 stantialis,
266 2086 392 2150 ltomine
424 2086 586 2164 moriente,
609 2084 698 2150 cedat
736 2085 766 2149 in
801 2084 945 2149 nihilum.
968 2123 1013 2134 -

80 2173 149 2239 Alio
175 2174 280 2251 modo,
304 2174 415 2238 dieitur
438 2172 537 2239 lorma
569 2175 654 2238 mitti
691 2175 823 2259 qualitas
857 2173 1011 2258 quaedam

78 2266 250 2346 composita
275 2277 304 2327 et
327 2277 557 2348 contemperata
581 2283 619 2326 ex
646 2264 793 2327 mixtione
823 2262 1010 2348 simplicium

81 2351 274 2437 qualitatum,
299 2372 378 2435 quae
404 2352 443 2416 itu
466 2374 500 2416 se
525 2352 637 2416 lrabeat
659 2351 698 2415 ad
724 2351 1012 2416 sormamsulsstan-

82 2440 185 2504 tialem
210 2440 349 2526 eorporis
373 2441 458 2504 mixti
484 2441 563 2505 sieut
577 2461 611 2504 se
629 2441 721 2505 habet
738 2440 868 2524 qualitas
880 2439 1011 2526 simplex

80 2528 119 2593 ad
144 2527 276 2592 formam
299 2529 532 2593 substantialem
556 2531 694 2614 eorporis
730 2527 887 2615 simplicis.
913 2527 1012 2606 Unde,

80 2619 105 2683 si
130 2616 229 2682 iorma
254 2617 408 2682 mixtionis
430 2618 475 2682 sio
497 2617 576 2681 dieta
602 2619 632 2681 in
657 2617 787 2682 nihilum
823 2616 923 2694 aedat,
946 2637 1010 2682 non

81 2705 400 2793 praejudicatunitati
425 2705 563 2792 eorporis
596 2707 795 2788 resurgentis.
830 2704 881 2769 Sio
916 2707 1010 2771 etiam

80 2796 248 2861 dicendum
272 2808 318 2859 est
341 2795 380 2859 de
398 2809 483 2896 parte
499 2794 644 2860 nutritiva
661 2807 691 2858 ει
707 2793 860 2859 sensitiva.
877 2793 908 2858 Si
925 2795 1009 2860 euim

81 2904 137 2986 per
160 2897 278 2970 partem
302 2884 481 2948 sensitivam
518 2896 547 2948 et
583 2885 759 2949 nutritivam
799 2882 1011 2967 intelligantur

80 2973 174 3074 ipsae
196 2974 362 3058 potentiae,
397 2991 477 3058 quae
512 2985 583 3037 sunt
618 2972 819 3058 proprietates
854 2972 1010 3036 naturales

79 3062 202 3124 animae
225 3061 273 3125 val
297 3062 394 3145 magis
418 3061 590 3148 compositi,
614 3074 761 3145 corrupto
783 3080 915 3144 corpore
937 3081 1008 3125 oos-

80 3161 279 3252 rumpuntur3
302 3168 361 3214 neo
385 3164 497 3220 tamen
520 3169 576 3236 per
611 3149 671 3228 hoo
705 3147 873 3235 impeditur
908 3150 1009 3215 unitas

81 3240 279 3321 resurgentis.
304 3238 335 3302 Si
359 3258 431 3302 vero
457 3258 511 3323 per
523 3251 625 3323 partes
638 3239 809 3324 praedtotas
822 3235 1009 3320 intelligatur

80 3324 145 3410 ipsa
170 3327 338 3392 substantia
363 3327 486 3390 animae
509 3327 674 3390 sensitivae
695 3340 725 3390 et
738 3338 911 3402 nutritivae
925 3340 1009 3396 utra-

79 3433 140 3497 que
165 3435 271 3479 earum
296 3429 341 3480 est
365 3414 474 3479 eadem
509 3435 580 3480 oum
617 3416 720 3479 anima
757 3413 910 3492 rationali,
944 3435 1009 3485 stou

82 3503 165 3570 anim
188 3518 259 3569 snat
283 3503 313 3570 in
338 3504 465 3570 homine
489 3517 550 3572 tres
574 3505 710 3578 animae,
733 3505 789 3570 setl
804 3523 864 3570 una
879 3516 1010 3586 tautum,
