2484 3975
330 241 367 284 ua
391 238 536 284 eatretnto
560 220 803 285 runttruuttrours
965 220 1023 285 tlt

114 308 179 392 quia
203 308 305 372 anima
328 308 468 392 iutelligit
489 329 524 373 te
546 309 624 373 sieut
646 323 677 373 ει
700 310 769 383 atta
800 306 855 373 sed
892 308 1037 393 iutelligit

115 396 168 461 alia
182 398 395 483 perspeciern3
407 416 558 480 crgonou
580 413 626 462 est
649 398 844 463 materialitas
867 417 947 482 quac
970 396 1040 463 lacit

118 505 181 549 esse
193 499 226 550 ut
238 485 394 570 objectum
418 485 542 550 alterius
554 488 720 574 potentiae;
736 487 806 551 lacit
819 501 1040 591 tantenquem·

115 573 182 638 datu
196 575 324 638 nodum
338 574 566 677 singularitatis,
578 597 639 641 non
649 577 745 662 quisit
759 575 887 677 alicujus
899 578 942 640 rei
953 595 1036 639 com·

115 662 229 748 pletae
222 684 252 727 rn
266 664 378 749 specie,
389 662 444 726 sed
457 665 527 747 quia
544 684 611 731 esse
628 667 749 730 animae
773 664 956 729 terminatur
980 683 1034 765 per

116 751 375 837 receptibilitatent
386 772 462 815 suae
474 766 602 819 naturae
617 754 705 839 cujus
718 752 925 858 potentialitas
938 751 1037 836 major

115 854 158 904 eat
192 841 413 941 pptentialitate
438 843 636 925 Angelorum,
674 845 745 928 quia
781 846 879 926 magis
901 840 1036 907 distata

113 927 218 1003 Deos
211 950 242 993 tu
266 931 364 1013 gradu
388 943 527 1009 naturae,
550 952 643 1017 quarn
669 932 812 1015 Angelus
844 931 928 995 Deus
951 931 1036 995 enirn

113 1031 196 1082 actus
219 1038 314 1103 purus
336 1033 392 1092 est,
416 1033 446 1083 ει
470 1036 585 1104 quanto
608 1020 666 1084 sibi
691 1020 807 1103 aliquid
847 1020 950 1083 minus
985 1040 1039 1105 ap·

114 1106 306 1192 propinquat,
330 1121 413 1173 tanto
438 1108 506 1194 plus
545 1109 773 1194 potentialitatis
796 1122 826 1173 ει
861 1110 962 1173 ntinus
986 1129 1037 1173 ac·

115 1195 257 1260 tualitatis
270 1196 373 1261 habet.
398 1196 466 1261 Non
491 1198 592 1262 solutu
615 1200 698 1263 enirn
716 1198 857 1275 materia,
873 1197 926 1261 scd
942 1198 1036 1261 etiam

111 1304 323 1369 quaecumque
347 1286 551 1370 potentialitas
573 1288 691 1373 passiva
720 1288 901 1353 dotatione
925 1286 1037 1371 objecti

114 1373 282 1437 intellectus
315 1377 417 1439 minus
451 1375 566 1453 lrabet,
601 1378 672 1461 quia
711 1376 784 1441 dicit
824 1376 1032 1461 Philosophus

111 1462 125 1537 (
142 1462 334 1548 llataphys„
369 1465 416 1545 9)
455 1465 538 1549 quod
573 1466 819 1551 unumquodque
857 1464 1038 1549 intelligitur

112 1527 282 1615 seeundum
307 1554 390 1638 quod
414 1569 459 1629 est
482 1568 551 1617 actu
574 1574 642 1630 ens3
667 1555 765 1619 unde
763 1555 878 1619 anima
919 1555 957 1617 ad
981 1552 1037 1618 ub-

109 1636 191 1722 jecta
214 1639 369 1726 duplicem
393 1643 576 1744 cognitionis
601 1642 729 1707 rnodutn
754 1644 916 1707 habet:-
933 1642 1035 1707 Unum

111 1728 142 1790 iu
167 1747 211 1806 sc,
234 1744 266 1793 ut
289 1745 428 1816 separata
453 1732 610 1817 accipitur3
647 1746 719 1796 tuno
756 1733 839 1795 eninr
877 1732 1037 1815 cognosci-

107 1816 177 1881 bilis
200 1835 245 1883 εει
267 1821 438 1885 secundum
463 1821 591 1885 modurn
614 1821 662 1884 sui
685 1840 763 1896 esse,
787 1820 857 1905 quia
884 1834 929 1884 εει
952 1833 1037 1884 aetus

109 1905 272 1993 perficiens
295 1929 383 1973 suarn
409 1908 672 1995 potentialitatcm.
698 1908 765 1974 Non
790 1910 871 1973 enim
889 1908 920 1973 iu
935 1909 1037 1973 anirna

109 2009 182 2060 suut
208 1996 271 2061 duo
295 2012 390 2078 actus,
412 1999 526 2063 scilicet
549 2019 603 2062 sua
628 2001 759 2063 essentia
796 2018 875 2084 quae
914 2012 959 2064 est
982 2019 1038 2066 sua

111 2086 328 2171 potentialius,
350 2102 380 2152 et
403 2108 470 2151 esse
493 2107 595 2163 suum3
619 2088 674 2152 sed
698 2107 765 2152 esse
800 2107 892 2152 suum
916 2101 962 2153 est
984 2107 1039 2152 sua

111 2173 282 2254 actualitas,
295 2177 412 2241 ratione
434 2177 522 2261 cujus
538 2177 601 2260 ipsa
618 2179 748 2242 essentia
761 2177 883 2242 animae
895 2191 939 2242 cst
954 2189 1040 2242 aetus

108 2267 259 2348 corporis.
283 2263 393 2329 Omnis
416 2267 498 2328 enirn
523 2264 622 2330 forma
654 2267 812 2351 participat
850 2279 963 2342 actum,
987 2266 1040 2350 qui

111 2365 161 2416 εει
197 2356 314 2440 primus
342 2375 397 2440 per
419 2355 595 2430 essentiam3
631 2354 684 2418 sed
724 2356 783 2420 ltoc
820 2355 978 2438 analogice
1002 2352 1044 2419 fit.

111 2442 201 2508 Duos
225 2457 327 2509 autem
352 2456 437 2507 aetus
459 2442 599 2524 ejusdem
633 2444 749 2509 ordinis
785 2443 975 2530 impossibile
998 2455 1045 2508 est

111 2532 240 2617 aliquod
263 2551 361 2596 unum
384 2531 567 2616 participare
599 2531 702 2608 simul,
741 2532 820 2597 sicut
854 2531 1044 2615 impossibile

110 2634 161 2686 est
200 2621 342 2686 eamdem
378 2622 543 2684 materiam
580 2620 657 2684 duas
691 2621 806 2685 formas
860 2621 1045 2685 substautia-

111 2708 160 2774 les
199 2710 290 2774 simul
329 2709 521 2795 participare.
561 2746 606 2757 -
639 2708 739 2774 Alium
774 2723 877 2774 autent
916 2707 1045 2774 modum

111 2798 299 2882 cognitionis
322 2798 415 2863 habet
438 2819 455 2862 a
479 2818 523 2875 se,
546 2798 728 2882 inquantum
751 2811 819 2863 nata
837 2812 881 2863 εει
905 2817 960 2900 per
976 2818 1046 2863 sen-

111 2907 169 2952 sus
191 2907 390 2989 cognoscere
414 2888 496 2951 unde
519 2908 580 2952 non
607 2901 653 2951 εει
676 2887 915 2990 cognosoiltilis
908 2907 938 2950 tn
966 2900 1046 2952 statu

110 2975 146 3040 in
171 2995 245 3078 quo·
257 2976 404 3066 accipitur
428 2976 542 3061 aliquid
567 2995 623 3061 per
645 2995 782 3053 sensum,
805 2977 862 3040 nisi
898 2995 953 3061 per
975 2995 1047 3062 spe-

109 3063 178 3128 cies
202 3065 246 3130 rei
270 3065 435 3141 sensibilia
458 3080 488 3129 et
512 3065 581 3129 ideo
604 3066 708 3130 ontuis
746 3066 881 3150 cognitio
917 3084 972 3129 sua
1007 3064 1047 3129 de

109 3158 217 3239 seipsa
240 3155 366 3239 proprie
387 3167 434 3218 est
456 3153 581 3218 relletta

185 3241 273 3306 Nune
295 3263 370 3326 ergo
394 3254 487 3306 restat
510 3241 674 3306 ostendere
711 3241 764 3305 ubi
800 3253 962 3327 separatur
994 3261 1047 3306 eo·

110 3329 216 3414 gnitio
239 3351 348 3396 sensus
369 3345 399 3395 et
423 3331 598 3396 intellectus
621 3352 638 3393 a
662 3349 696 3393 se
720 3344 837 3407 mutuo.

185 3419 379 3485 llanisestunr
404 3433 451 3484 εει
473 3420 556 3484 enirn
597 3418 787 3483 intellectum
823 3417 958 3503 incipere
995 3417 1048 3482 ubi

108 3525 228 3574 seusus
251 3508 375 3589 desiuit;
397 3527 506 3575 seusus
528 3521 634 3574 autern
658 3507 825 3574 exteriores
862 3508 927 3594 ipsa
950 3507 1047 3572 sensi·
