2484 3975
229 225 293 290 tot
529 247 584 294 trs.
616 247 655 294 rr.
685 251 748 296 cnr.
772 249 840 294 xxx.

541 406 830 474 unnutxxx.

314 582 361 647 De
384 603 488 653 erroro
517 586 672 651 Vcientini
698 587 782 650 circu
803 586 1059 651 incarnationem.

291 759 343 826 His
367 775 469 828 autern
493 777 523 828 et
546 761 725 828 Valentinus
748 762 920 849 propinque
936 763 975 826 de
999 767 1149 850 mysterio

224 849 441 916 incarnationis
465 853 572 916 sensit:
597 852 672 915 dixit
694 852 778 916 enirn
802 852 886 939 quod
921 851 1059 918 Christus
1084 876 1148 920 non

223 951 381 1004 terrenum
406 961 518 1026 corpus
542 941 658 1018 habuit,
680 941 734 1005 scd
762 941 803 1005 de
838 939 926 1004 caedo
963 945 1147 1027 apportavit.

223 1041 253 1092 at
276 1029 360 1112 <ruod
385 1030 460 1093 nitril
485 1030 524 1093 de
547 1030 673 1114 Virgine
700 1043 799 1094 matre
837 1029 965 1115 accepit,
998 1031 1054 1095 sed
1089 1051 1147 1118 per

220 1135 289 1181 eam
313 1120 398 1202 quasi
424 1137 479 1203 per
501 1119 727 1204 aquaeductum
757 1118 906 1182 transivit.

287 1203 489 1270 Occasionem
514 1221 617 1272 autem
651 1207 697 1271 sui
732 1209 845 1272 erroris
883 1225 921 1270 ex
954 1206 1142 1292 quibusdam

220 1293 321 1358 uerbis
344 1315 448 1360 sacrae
471 1295 647 1381 Scripturae
670 1297 825 1380 accepisse
860 1295 988 1360 uidetur.
1024 1296 1145 1362 Dicitur

219 1382 314 1460 enim,
338 1384 434 1448 Nemo
458 1387 597 1453 ascendit
619 1387 652 1448 in
675 1387 795 1449 coetum
816 1385 879 1448 nisi
912 1385 1148 1466 qui-deseendit

219 1470 259 1534 dc
283 1474 378 1550 coeto,
396 1474 494 1538 Ftttoo
518 1475 659 1550 hortinis,
682 1475 735 1557 qui
756 1485 802 1538 est
824 1478 857 1536 in
880 1475 997 1537 coeto...
1022 1475 1083 1553 Qui
1105 1477 1146 1538 dc

219 1562 304 1624 cocto
320 1563 411 1639 uenit,
434 1583 527 1646 suaper
549 1583 653 1628 omnes
677 1563 868 1641 ettioanu„
882 1563 1012 1635 aroer
1035 1565 1089 1639 5t3
1113 1579 1144 1628 et

220 1648 293 1713 dicit
315 1649 476 1716 Dominus:
501 1652 655 1717 Descertdi
677 1653 716 1716 de
738 1653 834 1728 coeto,
863 1671 924 1714 non
957 1662 993 1715 nt
1024 1652 1143 1734 sociem

220 1740 408 1804 uoluntatem
431 1761 541 1816 mecm,
564 1742 619 1805 scd
647 1741 834 1804 uotrmtotem
872 1743 938 1822 ejus
969 1740 1022 1823 qui
1058 1741 1145 1804 misit

219 1847 278 1906 me,
300 1829 421 1906 loono,
446 1829 475 1907 6,
500 1829 552 1905 583
576 1845 615 1893 et:
640 1830 765 1894 Primus
787 1831 875 1893 domo
898 1830 938 1891 dc
961 1841 1056 1906 terro,
1081 1842 1144 1893 ter·

218 1937 321 1993 renus,
344 1919 494 1982 secuuntur
518 1919 606 1982 horno
629 1919 669 1982 dc
690 1921 786 1996 coeto,
819 1919 972 1995 coelestio,
1005 1917 1026 1980 ἓ
1060 1918 1144 1998 Con,

221 2006 273 2083 td,
297 2009 349 2071 tt.
375 2008 462 2088 Quae
485 2008 589 2072 omnia
606 2010 649 2073 sic
671 2008 800 2093 inteiiigi
826 2008 932 2071 uolunt
948 2021 980 2071 ut
1003 2006 1144 2072 Christus

218 2094 257 2247 gc
280 2097 366 2162 caelo
388 2098 480 2161 etiam
505 2096 676 2161 secundum
701 2116 812 2185 eorpus
846 2096 1044 2160 descendisse
1075 2117 1144 2161 cre·

241 2199 316 2251 ntur.

284 2274 425 2339 Procedit
448 2287 548 2338 autem
573 2289 635 2338 tam
659 2275 736 2339 haec
758 2274 909 2341 Valentini
924 2272 1142 2357 positioquam

216 2362 465 2428 Manichaeorum
490 2368 657 2449 praemissa
682 2384 718 2426 cx
742 2385 802 2427 uua
826 2362 901 2427 [aisa
929 2362 1043 2437 radice,
1067 2364 1140 2447 quia

215 2453 382 2517 credebant
405 2451 488 2539 quod
512 2452 716 2516 haecomnia
742 2466 863 2516 terrena
890 2473 906 2515 a
931 2450 1056 2513 diabolo
1077 2452 1141 2515 sint

216 2556 328 2613 ereata,
344 2542 452 2619 Unda,
475 2560 544 2605 curn
571 2542 669 2605 Filius
695 2542 753 2604 tter·
773 2542 807 2604 in
828 2542 884 2603 icoc
906 2541 1092 2623 apperuerit
1107 2551 1144 2603 ut

215 2630 368 2695 dissoluat
391 2650 485 2713 opero
507 2630 636 2706 diaboti,
660 2631 738 2693 siout
761 2630 873 2693 dicitur
898 2630 911 2693 i
961 2628 1084 2703 ioann„
1109 2629 1144 2706 5,

218 2718 260 2795 8.,
284 2741 344 2784 non
369 2721 396 2783 ei
420 2719 615 2805 competebat
640 2732 672 2781 ut
695 2718 734 2781 dc
757 2731 895 2782 creatura
932 2716 1046 2780 diaboii
1069 2736 1144 2780 cor-

218 2828 276 2893 pus
299 2822 477 2883 assumerem
501 2808 680 2872 numeriani
705 2806 818 2871 Paulus
848 2807 938 2870 dicat:
980 2805 1066 2883 Quoe
1088 2826 1144 2869 ao·

218 2899 312 2961 cietos
336 2898 398 2961 tuci
420 2898 462 2961 ort
475 2897 721 2978 tenebrosiores
736 2907 840 2959 autern
851 2894 1008 2959 corruentio
1023 2894 1144 2958 Christi

216 2988 260 3049 od
283 2986 402 3051 nectat?
429 2985 552 3063 idon,
577 2984 686 3049 iii-id.
711 2984 744 3047 Et
767 2987 837 3069 quia
862 3004 941 3068 quae
964 2982 1141 3047 abeodem

214 3074 317 3139 radice
342 3074 511 3161 procedunt
534 3074 649 3138 similes
672 3072 786 3137 tructus
803 3074 987 3159 producunt,
1009 3071 1040 3134 in
1053 3071 1140 3136 idem

212 3162 349 3229 falsitatis
382 3164 600 3228 inconvenieus
638 3163 785 3228 relabitur
808 3163 884 3225 irasc
918 3160 1029 3246 positio
1063 3181 1140 3225 cum
1210 3159 1211 3166 '

209 3252 375 3337 praedicta.
883 3320 886 3326 .

277 3339 522 3424 Uniuscujusque
556 3341 639 3404 enim
675 3340 787 3423 speciei
823 3350 897 3402 sunt
931 3336 1141 3402 determinata

212 3430 384 3493 essentialia
409 3428 565 3513 principia,
589 3431 749 3491 materiam
773 3428 842 3491 dieo
864 3441 895 3490 et
929 3426 1072 3504 i'ornrmu,
1097 3447 1140 3492 ex

214 3519 325 3602 quibus
350 3516 541 3581 constituitur
563 3517 641 3580 ratio
663 3517 776 3601 speciei
800 3518 830 3579 in
865 3515 912 3580 his
950 3534 1030 3601 quae
1063 3528 1142 3580 suut
1210 3543 1211 3590 r
