2484 3975
389 228 445 294 uin.
469 249 508 296 nr.
538 249 602 298 cta.
625 249 716 296 xxm.
956 225 1020 291 159

387 405 449 472 CA
465 407 489 472 P
505 405 530 471 U
546 405 572 470 T
610 405 732 471 xxxu.

98 587 146 652 Do
169 605 274 652 errore
289 584 360 650 Arii
383 595 414 650 et
427 584 621 667 Apollinaris
644 585 727 649 oiroo
741 584 880 648 nltimam
895 581 1019 646 Christi.

163 763 231 829 Non
255 762 358 829 solum
384 775 489 826 sutem
513 762 592 826 airas
617 782 730 848 eorpus
754 759 878 835 Christi,
900 758 955 824 sed
988 778 1020 823 e·

95 851 170 918 tiam
196 853 275 916 eirea
302 849 369 933 ejus
393 851 529 916 animam
553 850 647 938 aliqui
672 851 754 916 male
776 849 910 914 sensisse
933 848 1017 912 inve·

16 945 20 950 '
94 941 232 1008 niuntur.

164 1029 270 1094 Posuit
293 1029 376 1093 euim
401 1027 489 1093 Arius
524 1028 607 1114 quod
638 1027 670 1092 iu
709 1025 831 1093 Christo
865 1046 928 1091 non
964 1025 1020 1090 luit

16 1195 20 1204 ⁵
97 1119 214 1196 anima,
236 1115 290 1182 sed
314 1117 397 1202 quod
422 1117 522 1182 solum
546 1137 671 1182 earnem
695 1116 870 1201 assumpsit,
892 1115 941 1180 eui
974 1114 1019 1178 di·

96 1206 205 1271 vinitas
240 1207 307 1270 loeo
330 1207 451 1270 animae
489 1205 556 1283 luit3
579 1220 608 1270 et
632 1205 743 1271 adlroo
767 1203 945 1292 ponendum
963 1224 1017 1267 ne·

97 1295 236 1360 cessitate
260 1295 393 1379 quadam
418 1294 538 1359 videtur
560 1295 655 1361 luisse
667 1295 817 1361 inductus.
842 1292 920 1358 Cum
932 1293 1016 1357 enim

94 1383 186 1448 vellet
220 1403 358 1448 asserere
396 1383 479 1469 quod
518 1385 611 1448 Filius
646 1384 703 1448 Dei
738 1385 776 1448 sit
813 1396 952 1446 ereatura
986 1394 1018 1445 et

94 1473 198 1536 minor
221 1472 321 1548 Patre,
345 1472 383 1536 ad
423 1473 482 1537 lroe
519 1473 715 1558 probandum
732 1473 781 1537 illa
805 1471 1016 1556 sripturarum

95 1562 260 1646 assumpsit
285 1562 457 1626 testimonia
482 1582 561 1648 quae
597 1561 808 1626 infirmitatem
846 1561 1016 1624 humanam

95 1649 315 1714 ostendentia
348 1650 481 1724 Christo;
504 1665 543 1728 et,
580 1669 621 1714 ue
658 1650 768 1734 aliquis
805 1647 873 1733 ejus
905 1647 1017 1734 proba-

96 1738 211 1803 tionem
234 1737 397 1814 refelleret,
425 1739 557 1804 dieendo
592 1753 749 1823 assumpta
784 1738 823 1802 ab
856 1757 895 1800 eo
932 1737 1018 1800 testi·

98 1828 203 1891 monia
227 1825 348 1891 Christo
385 1847 448 1891 non
483 1827 654 1893 seeundum
690 1828 826 1892 divinam
862 1838 1016 1903 naturam,

97 1915 151 1980 sed
175 1915 343 1980 humanam
367 1916 544 1995 convenire,
566 1917 709 2005 nequiter
733 1917 868 1980 animam
887 1916 1017 1980 removit

94 2028 113 2071 a
136 2004 267 2083 Christo,
291 2018 337 2083 ut,
357 2026 428 2071 eum
453 2007 605 2093 quaedam
630 2007 752 2093 corpori
777 2006 916 2070 humano
942 2024 1016 2069 oon·

95 2095 202 2159 venire
226 2115 287 2159 non
312 2096 439 2179 possint,
461 2096 540 2161 siout
563 2096 646 2181 quod
679 2096 806 2159 miratus
840 2106 896 2170 est,
930 2092 1014 2175 quod

96 2184 211 2260 timuit,
232 2182 314 2268 quod
332 2184 472 2261 oraverit,
484 2187 693 2249 necessarium
710 2185 761 2248 fiat
783 2182 961 2266 lmjusmodi
985 2183 1017 2247 in

94 2271 206 2337 Filium
231 2272 286 2334 Dei
313 2272 551 2336 minorationem
576 2272 700 2337 inferre.
726 2270 895 2357 assumpsit
911 2283 1014 2334 autem

96 2362 127 2425 in
151 2380 225 2424 suae
248 2361 408 2445 positionis
432 2363 633 2425 assertionem
659 2362 861 2446 praemissum
886 2359 1016 2422 verbum

95 2449 222 2515 loannis
245 2448 382 2512 dicentis:
414 2448 543 2513 Verbum
565 2470 639 2513 coro
661 2452 777 2533 suetum
814 2460 869 2523 θεῖς
892 2467 931 2511 ex
955 2467 1018 2531 quo

96 2537 236 2623 accipere
259 2537 382 2601 volebat
405 2538 487 2623 quod
511 2538 609 2602 solam
633 2559 759 2602 earnem
796 2537 931 2601 Verbum
969 2558 1018 2600 as-

95 2626 272 2711 sumpserit,
296 2646 357 2689 non
382 2642 484 2691 autem
509 2628 654 2691 animam.
680 2628 712 2691 ln
737 2628 794 2691 hae
819 2624 971 2711 positione
984 2644 1019 2687 e-

95 2718 169 2779 tiam
194 2713 377 2799 Apollinaris
394 2736 465 2779 eum
489 2730 613 2781 secutus
637 2731 692 2779 est.

161 2802 356 2867 Manifestum
380 2816 425 2868 est
448 2816 550 2869 autem
575 2826 612 2870 en
637 2802 813 2892 praemissis
851 2802 932 2867 haue
959 2822 1016 2889 po·

94 2891 238 2957 altionem
263 2892 484 2976 impossibilem
508 2912 585 2958 esse.
870 2947 874 2955 .

162 2978 328 3045 Ostensum
353 2994 398 3045 est
420 2983 504 3047 enirn
528 2981 680 3068 suprall.
705 2982 736 3056 l,
770 3000 797 3045 e.
836 2979 894 3053 Ἡ)
933 2979 1017 3064 quod

93 3069 179 3134 Deus
200 3068 299 3133 lorma
323 3071 461 3155 eorporis
485 3090 638 3135 essenon
664 3084 773 3156 potest.
813 3067 891 3132 Cum
926 3069 1019 3151 igitur

94 3158 234 3226 Verbum
259 3157 315 3221 Dei
339 3158 493 3232 subeas,
519 3172 552 3223 ut
577 3173 734 3223 ostensum
758 3170 804 3222 est
831 3162 872 3240 (e.
907 3158 940 3233 5,
976 3154 1013 3219 ll

93 3262 124 3313 et
152 3247 218 3331 tl),
242 3246 430 3331 impossibile
454 3247 604 3331 estquod
629 3247 758 3311 verbum
784 3246 839 3309 Dei
862 3244 901 3308 sit
918 3246 1016 3310 lormu

94 3336 234 3421 eorporis
259 3350 291 3400 ut
314 3335 356 3399 sio
380 3336 462 3399 carni
489 3356 544 3420 pro
569 3336 672 3400 anima
695 3356 763 3399 esse
787 3333 892 3418 possit.
931 3332 1018 3397 Utilis

93 3439 199 3489 autem
224 3438 268 3488 est
293 3424 368 3487 haee
392 3425 468 3488 ratio
492 3436 598 3489 eontra
624 3425 842 3509 Apollinarem,
867 3422 918 3506 qui
943 3420 1017 3485 Ver·

94 3512 171 3580 hum
194 3513 253 3579 Dei
276 3532 383 3578 verum
408 3513 510 3579 Deum
533 3532 600 3579 esse
625 3514 837 3580 confitebatur:
864 3525 914 3592 et,
947 3511 1018 3577 lieet
