2484 3975
364 229 420 275 ιιι.
443 229 483 277 ιι.
504 230 569 278 etr
593 231 629 277 tr.
654 231 690 276 rr
713 231 761 277 ιιι.
962 212 1028 277 aot

8 333 13 373 ι
51 309 295 386 propagatur
316 297 347 362 in
372 313 521 384 posteros,
544 301 609 386 pari
633 303 725 365 etiarn
762 299 879 365 ratione
902 316 1026 402 peccata

9 423 12 463 ι
107 386 241 453 aliorum
264 401 427 472 ριιειιιιιιιι
468 389 506 453 ad
541 403 680 474 posteros
703 389 880 467 deveniunt;
918 402 948 453 ει
980 391 1026 454 sie

8 513 11 552 1
106 493 231 562 semper
253 477 443 577 posteriores
472 491 574 542 essent
610 478 707 563 tnagis
742 479 858 542 onerati
893 479 1026 564 peccatis

8 602 11 641 ι
105 584 198 650 quarn
221 565 350 666 priores3
374 564 457 650 quod
495 567 658 668 praecipue
681 587 719 630 ex
754 567 813 632 boc
848 567 934 668 sequi
970 586 1025 630 ne·

9 692 10 729 3
104 655 316 732 cesseest‚si
341 665 501 741 peccatum
527 655 632 720 transit
656 675 672 720 a
696 656 877 743 parenteia
905 654 1023 742 proletn

102 753 134 805 ει
155 703 318 808 satisfactio
340 743 471 808 transire
493 763 556 807 non
579 757 688 832 potest.

429 918 602 984 CAPUT
639 920 699 985 Lll.

280 1094 397 1162 Soltrtio
420 1095 625 1182 objectionum
655 1099 841 1181 positorum.
934 1136 937 1148 ·

165 1273 210 1339 nt
233 1271 375 1338 borum
368 1273 461 1358 igitur
482 1273 668 1340 solutionem
694 1272 950 1359 praemittendum
976 1290 1022 1342 est

102 1362 185 1445 quod
210 1363 325 1449 peccati
349 1361 536 1445 originalis'
529 1382 560 1426 ru
587 1363 725 1427 burnauo
760 1382 874 1447 genere
909 1365 1021 1450 proba·

101 1448 201 1517 biliter
223 1450 376 1537 quaedam
399 1452 485 1536 signa
509 1467 667 1537 ap.parent
703 1451 780 1516 Curn
819 1451 901 1517 enirn
936 1452 1021 1519 Deus

98 1537 307 1604 bumanorum
331 1553 455 1604 actuum
478 1540 522 1604 sic
544 1560 651 1604 curarn
685 1555 771 1623 gerat
795 1553 827 1605 ut
866 1541 1020 1606 boniso-

100 1629 224 1710 peribus
248 1629 420 1715 praerniurn
437 1643 468 1692 et
491 1627 580 1692 malis
603 1649 734 1734 poenam
759 1628 916 1708 retribuat,
933 1643 964 1694 ut
988 1652 1019 1696 tn

98 1717 308 1803 superioribus
330 1729 377 1782 est
399 1731 569 1794 ostensum,
591 1721 709 1804 etipsa
733 1737 831 1805 poena
854 1738 1019 1804 possumus

97 1805 257 1870 certificari
273 1805 312 1868 de
334 1804 434 1891 culpa.
460 1806 577 1870 Patitor
599 1820 703 1872 autem
730 1807 936 1872 communiter
959 1809 1017 1872 bu·

97 1911 224 1958 manum
247 1913 346 1978 genus
384 1894 520 1959 diversas
554 1914 681 1995 poenas,
716 1908 746 1960 ει
779 1894 955 1981 corporales
989 1911 1019 1962 et

96 1981 278 2068 spirituales
306 1980 388 2047 luter
408 1983 585 2070 corporales
608 1983 765 2070 potissima
792 2000 837 2050 est
861 2005 955 2067 mors,
980 1986 1019 2052 ad
1120 2026 1123 2037 ·

96 2090 189 2156 quam
213 2092 324 2137 omues
347 2072 425 2136 aliae
449 2072 581 2137 tendunt
607 2087 639 2137 ει
676 2074 867 2151 ordinantur,
899 2036 1020 2142 scilicet

96 2159 204 2239 tames,
227 2162 293 2226 sitis
315 2174 345 2225 ει
368 2160 428 2225 alia
453 2160 642 2245 hujusmodi.
667 2162 748 2227 lnter
770 2162 941 2249 spirituales
965 2185 1019 2228 au·

94 2261 156 2312 tern
178 2261 226 2314 est
249 2249 408 2336 potissima
447 2248 587 2315 debilitas
625 2252 763 2328 rationis,
786 2272 824 2315 ex
847 2272 908 2337 qua
943 2273 1019 2317 con·

94 2337 180 2421 tingit
204 2339 287 2423 quod
311 2338 407 2403 bomo
430 2336 595 2403 dilbcultcr
630 2342 768 2425 pertenit
803 2339 841 2403 ad
878 2340 942 2404 veri
965 2361 1017 2405 co-

93 2426 275 2509 gnitionem,
297 2440 328 2490 et
351 2426 390 2491 de
413 2424 491 2490 lacili
516 2426 659 2491 labitur
653 2449 682 2493 tn
707 2448 855 2506 errorent,
870 2442 900 2491 et
923 2449 1017 2515 appe·

94 2520 165 2578 titus
188 2515 331 2581 bestiales
364 2514 493 2579 omuino
525 2535 672 2616 superare
712 2535 774 2581 uon
813 2528 923 2604 potest,
961 2518 1016 2582 scd

92 2602 249 2669 multoties
271 2603 469 2669 obnubilatur
491 2601 530 2667 ab
552 2605 607 2668 eis

159 2692 266 2757 Posset
288 2704 391 2756 tamen
415 2691 524 2777 aliquis
549 2692 653 2756 dicere
676 2691 853 2777 hujusmodi
877 2691 1016 2759 delectus

93 2792 156 2843 tarn
179 2780 355 2868 corporales
377 2798 471 2865 quun
494 2779 668 2865 spirituales
691 2800 754 2845 non
779 2801 846 2846 esse
869 2782 1016 2882 poenales

92 2866 147 2933 red
159 2869 313 2935 naturales
335 2868 473 2934 delentos
498 2888 537 2933 ex
560 2868 739 2935 necessitate
773 2873 920 2935 materiae
942 2892 1016 2935 con-

92 2972 266 3043 sequentes.
289 2957 420 3022 Necesse
443 2970 489 3023 est
512 2958 720 3044 euimcorpus
736 2958 918 3038 humanum,
942 2980 1014 3026 curn

91 3046 130 3110 sit
152 3067 190 3110 err
212 3046 373 3112 contrariis
395 3048 610 3132 compositum,
642 3047 842 3133 corruptibile
866 3067 944 3124 esse,
982 3065 1012 3114 ct

90 3134 268 3200 sensibilem
291 3134 459 3220 appetitum
486 3136 517 3199 in
542 3154 578 3201 ea
616 3156 696 3221 quae
733 3151 804 3201 sunt
841 3137 1012 3201 secundum

88 3240 216 3288 sensum
239 3222 429 3289 delectabilia
446 3224 574 3302 moveri,
597 3244 677 3310 quae
693 3223 846 3289 interdum
859 3239 930 3289 sunt
941 3244 1014 3289 con·

91 3313 182 3375 traria
207 3312 328 3390 rationi,
347 3326 381 3374 et
404 3310 593 3377 intellectum
618 3312 810 3398 possibilem,
826 3333 896 3377 curu
920 3316 959 3377 sit
983 3316 1013 3378 in

88 3401 224 3485 potentia
248 3401 286 3465 ad
311 3399 414 3464 omnia
438 3399 651 3485 intelligibilia,
675 3401 793 3466 nullum
818 3421 926 3465 corun}
951 3402 1006 3466 ha-

86 3488 164 3555 beus
188 3490 218 3557 in
242 3503 322 3568 actu,
344 3488 399 3553 sed
422 3508 458 3553 ex
481 3489 620 3578 sensibus
645 3504 750 3557 natutn
773 3512 809 3558 ea
834 3491 1008 3577 acquirere,

625 3734 634 3771 l
