<?xml version="1.0" encoding="UTF-8"?>
<!DOCTYPE html PUBLIC "-//W3C//DTD XHTML 1.0 Transitional//EN"
    "http://www.w3.org/TR/xhtml1/DTD/xhtml1-transitional.dtd">
<html xmlns="http://www.w3.org/1999/xhtml" xml:lang="en" lang="en">
 <head>
  <title>
</title>
<meta http-equiv="Content-Type" content="text/html;charset=utf-8" />
  <meta name='ocr-system' content='tesseract 3.04.00' />
  <meta name='ocr-capabilities' content='ocr_page ocr_carea ocr_par ocr_line ocrx_word'/>
</head>
<body>
  <div class='ocr_page' id='page_1' title='image "./sanctithomaeaqu01thomgoog_0161.png"; bbox 0 0 2484 3975; ppageno 0'>
   <div class='ocr_carea' id='block_1_1' title="bbox 94 233 1015 755">
    <p class='ocr_par' dir='ltr' id='par_1_1' title="bbox 94 233 1015 755">
     <span class='ocr_line' id='line_1_1' title="bbox 282 233 1013 300; baseline 0.005 -6"><span class='ocrx_word' id='word_1_1' title='bbox 282 251 337 295; x_wconf 82' lang='lat' dir='ltr'><strong>um.</strong></span> <span class='ocrx_word' id='word_1_2' title='bbox 361 251 399 299; x_wconf 83' lang='lat' dir='ltr'><strong>rr.</strong></span> <span class='ocrx_word' id='word_1_3' title='bbox 424 253 487 299; x_wconf 84' lang='lat' dir='ltr'><strong>car.</strong></span> <span class='ocrx_word' id='word_1_4' title='bbox 510 253 607 300; x_wconf 79' lang='lat' dir='ltr'><strong>xxxiv.</strong></span> <span class='ocrx_word' id='word_1_5' title='bbox 633 254 668 297; x_wconf 80' lang='lat' dir='ltr'><strong>rr</strong></span> <span class='ocrx_word' id='word_1_6' title='bbox 692 253 779 298; x_wconf 82' lang='lat' dir='ltr'>xxxv.</span> <span class='ocrx_word' id='word_1_7' title='bbox 952 233 1013 298; x_wconf 75' lang='lat'><strong>157</strong></span> 
     </span>
     <span class='ocr_line' id='line_1_2' title="bbox 97 320 1014 408; baseline 0.005 -27"><span class='ocrx_word' id='word_1_8' title='bbox 97 337 136 382; x_wconf 83' lang='lat' dir='ltr'><strong>eo</strong></span> <span class='ocrx_word' id='word_1_9' title='bbox 157 320 296 398; x_wconf 85' lang='lat' dir='ltr'><strong>mortuis,</strong></span> <span class='ocrx_word' id='word_1_10' title='bbox 320 320 407 400; x_wconf 81' lang='lat' dir='ltr'><strong>tuin,</strong></span> <span class='ocrx_word' id='word_1_11' title='bbox 432 324 482 388; x_wconf 85' lang='grc'><strong>18.</strong></span> <span class='ocrx_word' id='word_1_12' title='bbox 505 321 699 386; x_wconf 77' lang='lat' dir='ltr'><strong>Manifestum</strong></span> <span class='ocrx_word' id='word_1_13' title='bbox 724 337 768 387; x_wconf 86' lang='lat' dir='ltr'><strong>est</strong></span> <span class='ocrx_word' id='word_1_14' title='bbox 803 333 906 386; x_wconf 87' lang='lat' dir='ltr'><strong>autern</strong></span> <span class='ocrx_word' id='word_1_15' title='bbox 930 324 1014 408; x_wconf 86' lang='lat' dir='ltr'><strong>quod</strong></span> 
     </span>
     <span class='ocr_line' id='line_1_3' title="bbox 96 405 1014 496; baseline 0.004 -26"><span class='ocrx_word' id='word_1_16' title='bbox 96 405 156 472; x_wconf 85' lang='lat' dir='ltr'><strong>hoe</strong></span> <span class='ocrx_word' id='word_1_17' title='bbox 178 407 262 493; x_wconf 88' lang='lat' dir='ltr'><strong>quod</strong></span> <span class='ocrx_word' id='word_1_18' title='bbox 286 409 406 477; x_wconf 88' lang='lat' dir='ltr'><strong>dieitur:</strong></span> <span class='ocrx_word' id='word_1_19' title='bbox 431 412 466 476; x_wconf 89' lang='lat' dir='ltr'><strong>ln</strong></span> <span class='ocrx_word' id='word_1_20' title='bbox 483 413 550 496; x_wconf 85' lang='lat' dir='ltr'><strong>ipso</strong></span> <span class='ocrx_word' id='word_1_21' title='bbox 567 413 691 475; x_wconf 82' lang='lat' dir='ltr'><strong>condito</strong></span> <span class='ocrx_word' id='word_1_22' title='bbox 714 421 785 475; x_wconf 80' lang='lat' dir='ltr'><strong>tunt</strong></span> <span class='ocrx_word' id='word_1_23' title='bbox 806 412 960 486; x_wconf 79' lang='lat' dir='ltr'><strong>uniuerso,</strong></span> <span class='ocrx_word' id='word_1_24' title='bbox 975 414 1014 474; x_wconf 88' lang='lat' dir='ltr'><strong>ad</strong></span> 
     </span>
     <span class='ocr_line' id='line_1_4' title="bbox 94 493 1015 586; baseline 0 -25"><span class='ocrx_word' id='word_1_25' title='bbox 94 493 231 561; x_wconf 83' lang='lat' dir='ltr'>Verbum</span> <span class='ocrx_word' id='word_1_26' title='bbox 256 497 311 562; x_wconf 87' lang='lat' dir='ltr'><strong>Dei</strong></span> <span class='ocrx_word' id='word_1_27' title='bbox 336 499 585 586; x_wconf 81' lang='lat' dir='ltr'><strong>perti11e13quod</strong></span> <span class='ocrx_word' id='word_1_28' title='bbox 609 513 712 563; x_wconf 91' lang='lat' dir='ltr'><strong>autem</strong></span> <span class='ocrx_word' id='word_1_29' title='bbox 751 499 870 564; x_wconf 84' lang='lat' dir='ltr'><strong>dieitur:</strong></span> <span class='ocrx_word' id='word_1_30' title='bbox 894 498 1015 562; x_wconf 84' lang='lat' dir='ltr'><strong>Primo·</strong></span> 
     </span>
     <span class='ocr_line' id='line_1_5' title="bbox 94 584 1015 674; baseline 0.004 -28"><span class='ocrx_word' id='word_1_31' title='bbox 94 584 214 668; x_wconf 80' lang='lat' dir='ltr'><strong>penitus</strong></span> <span class='ocrx_word' id='word_1_32' title='bbox 237 605 273 650; x_wconf 78' lang='lat' dir='ltr'><strong>ea</strong></span> <span class='ocrx_word' id='word_1_33' title='bbox 304 591 446 666; x_wconf 81' lang='lat' dir='ltr'><strong><em>mortuis,</em></strong></span> <span class='ocrx_word' id='word_1_34' title='bbox 478 587 596 653; x_wconf 92' lang='lat' dir='ltr'><strong>homini</strong></span> <span class='ocrx_word' id='word_1_35' title='bbox 628 587 748 652; x_wconf 88' lang='lat' dir='ltr'><strong>Christo</strong></span> <span class='ocrx_word' id='word_1_36' title='bbox 784 588 939 674; x_wconf 85' lang='lat' dir='ltr'><strong>competit.</strong></span> <span class='ocrx_word' id='word_1_37' title='bbox 963 586 1015 650; x_wconf 88' lang='lat' dir='ltr'><strong>Sia</strong></span> 
     </span>
     <span class='ocr_line' id='line_1_6' title="bbox 94 672 1013 755; baseline 0.005 -20"><span class='ocrx_word' id='word_1_38' title='bbox 94 672 187 755; x_wconf 74' lang='lat' dir='ltr'><strong>igitur</strong></span> <span class='ocrx_word' id='word_1_39' title='bbox 210 673 266 738; x_wconf 90' lang='lat' dir='ltr'><strong>Dei</strong></span> <span class='ocrx_word' id='word_1_40' title='bbox 289 674 425 742; x_wconf 82' lang='lat' dir='ltr'><strong>Verbum</strong></span> <span class='ocrx_word' id='word_1_41' title='bbox 449 689 479 742; x_wconf 90' lang='lat' dir='ltr'><strong>et</strong></span> <span class='ocrx_word' id='word_1_42' title='bbox 502 678 597 741; x_wconf 91' lang='lat' dir='ltr'><strong>humo</strong></span> <span class='ocrx_word' id='word_1_43' title='bbox 635 676 772 741; x_wconf 82' lang='lat' dir='ltr'><strong>Christus</strong></span> <span class='ocrx_word' id='word_1_44' title='bbox 809 689 880 740; x_wconf 91' lang='lat' dir='ltr'><strong>sunt</strong></span> <span class='ocrx_word' id='word_1_45' title='bbox 915 697 1013 750; x_wconf 84' lang='lat' dir='ltr'><strong>unum</strong></span> 
     </span>
    </p>
   </div>
   <div class='ocr_carea' id='block_1_2' title="bbox 92 763 1121 852">
    <p class='ocr_par' dir='ltr' id='par_1_2' title="bbox 92 763 1121 852">
     <span class='ocr_line' id='line_1_7' title="bbox 92 763 1121 852; baseline 0.004 -28"><span class='ocrx_word' id='word_1_46' title='bbox 92 763 286 846; x_wconf 81' lang='lat' dir='ltr'><strong>suppositum</strong></span> <span class='ocrx_word' id='word_1_47' title='bbox 310 776 340 828; x_wconf 73' lang='lat' dir='ltr'><strong>el</strong></span> <span class='ocrx_word' id='word_1_48' title='bbox 364 785 418 850; x_wconf 73' lang='lat' dir='ltr'><strong>pel*</strong></span> <span class='ocrx_word' id='word_1_49' title='bbox 440 785 632 852; x_wconf 73' lang='lat' dir='ltr'>consequens</span> <span class='ocrx_word' id='word_1_50' title='bbox 671 785 732 829; x_wconf 82' lang='lat' dir='ltr'><strong>una</strong></span> <span class='ocrx_word' id='word_1_51' title='bbox 756 783 902 850; x_wconf 48' lang='lat' dir='ltr'><strong>person&amp;</strong></span> <span class='ocrx_word' id='word_1_52' title='bbox 926 781 956 828; x_wconf 74' lang='lat' dir='ltr'><strong>el</strong></span> <span class='ocrx_word' id='word_1_53' title='bbox 980 785 1014 828; x_wconf 89' lang='lat'><strong>0·</strong></span> <span class='ocrx_word' id='word_1_54' title='bbox 1116 799 1121 809; x_wconf 91' lang='lat'><strong>·</strong></span> 
     </span>
    </p>
   </div>
   <div class='ocr_carea' id='block_1_3' title="bbox 87 851 1075 2447">
    <p class='ocr_par' dir='ltr' id='par_1_3' title="bbox 93 851 1016 1020">
     <span class='ocr_line' id='line_1_8' title="bbox 93 851 1016 940; baseline 0.004 -28"><span class='ocrx_word' id='word_1_55' title='bbox 93 861 194 934; x_wconf 90' lang='lat' dir='ltr'><strong>portet</strong></span> <span class='ocrx_word' id='word_1_56' title='bbox 217 851 299 936; x_wconf 85' lang='lat' dir='ltr'><strong>qtrod</strong></span> <span class='ocrx_word' id='word_1_57' title='bbox 323 854 472 940; x_wconf 87' lang='lat' dir='ltr'><strong>quidquid</strong></span> <span class='ocrx_word' id='word_1_58' title='bbox 495 855 605 918; x_wconf 85' lang='lat' dir='ltr'><strong>dieitur</strong></span> <span class='ocrx_word' id='word_1_59' title='bbox 627 853 667 917; x_wconf 92' lang='lat' dir='ltr'><strong>de</strong></span> <span class='ocrx_word' id='word_1_60' title='bbox 692 853 819 918; x_wconf 91' lang='lat' dir='ltr'><strong>homine</strong></span> <span class='ocrx_word' id='word_1_61' title='bbox 856 853 908 918; x_wconf 92' lang='lat' dir='ltr'><strong>illo</strong></span> <span class='ocrx_word' id='word_1_62' title='bbox 932 854 1016 917; x_wconf 87' lang='lat' dir='ltr'><strong>dica·</strong></span> 
     </span>
     <span class='ocr_line' id='line_1_9' title="bbox 94 937 687 1020; baseline 0.008 -20"><span class='ocrx_word' id='word_1_63' title='bbox 94 949 146 1000; x_wconf 91' lang='lat' dir='ltr'><strong>tur</strong></span> <span class='ocrx_word' id='word_1_64' title='bbox 168 937 207 1002; x_wconf 88' lang='lat' dir='ltr'><strong>de</strong></span> <span class='ocrx_word' id='word_1_65' title='bbox 224 938 324 1004; x_wconf 89' lang='lat' dir='ltr'><strong>Verbo</strong></span> <span class='ocrx_word' id='word_1_66' title='bbox 347 942 414 1020; x_wconf 89' lang='lat' dir='ltr'><strong>Dei,</strong></span> <span class='ocrx_word' id='word_1_67' title='bbox 437 957 467 1008; x_wconf 90' lang='lat' dir='ltr'><strong>et</strong></span> <span class='ocrx_word' id='word_1_68' title='bbox 490 962 687 1007; x_wconf 79' lang='lat' dir='ltr'><strong>econverso.</strong></span> 
     </span>
    </p>

    <p class='ocr_par' dir='ltr' id='par_1_4' title="bbox 90 1025 1015 1737">
     <span class='ocr_line' id='line_1_10' title="bbox 162 1025 1015 1114; baseline 0.006 -26"><span class='ocrx_word' id='word_1_69' title='bbox 162 1025 252 1104; x_wconf 84' lang='lat' dir='ltr'><strong>Item,</strong></span> <span class='ocrx_word' id='word_1_70' title='bbox 282 1029 444 1114; x_wconf 72' lang='lat' dir='ltr'><strong>Apostolus</strong></span> <span class='ocrx_word' id='word_1_71' title='bbox 481 1030 578 1095; x_wconf 87' lang='lat' dir='ltr'><strong>dicit:</strong></span> <span class='ocrx_word' id='word_1_72' title='bbox 620 1031 704 1094; x_wconf 80' lang='lat' dir='ltr'><strong>llntrs</strong></span> <span class='ocrx_word' id='word_1_73' title='bbox 737 1030 889 1098; x_wconf 81' lang='lat' dir='ltr'><strong>Dominus</strong></span> <span class='ocrx_word' id='word_1_74' title='bbox 926 1031 1015 1094; x_wconf 77' lang='lat' dir='ltr'><strong>lesos</strong></span> 
     </span>
     <span class='ocr_line' id='line_1_11' title="bbox 97 1112 1013 1204; baseline 0.009 -30"><span class='ocrx_word' id='word_1_75' title='bbox 97 1112 248 1196; x_wconf 80' lang='lat' dir='ltr'><strong>Christus,</strong></span> <span class='ocrx_word' id='word_1_76' title='bbox 267 1137 326 1200; x_wconf 82' lang='lat' dir='ltr'><strong>per</strong></span> <span class='ocrx_word' id='word_1_77' title='bbox 348 1140 435 1204; x_wconf 83' lang='lat' dir='ltr'><strong>quem</strong></span> <span class='ocrx_word' id='word_1_78' title='bbox 458 1121 572 1194; x_wconf 83' lang='lat' dir='ltr'><strong>omnin,</strong></span> <span class='ocrx_word' id='word_1_79' title='bbox 597 1120 612 1184; x_wconf 91' lang='lat' dir='ltr'><strong>l</strong></span> <span class='ocrx_word' id='word_1_80' title='bbox 651 1119 737 1198; x_wconf 73' lang='lat' dir='ltr'><strong>Con,</strong></span> <span class='ocrx_word' id='word_1_81' title='bbox 764 1120 796 1198; x_wconf 87' lang='lat'><strong>8,</strong></span> <span class='ocrx_word' id='word_1_82' title='bbox 821 1121 851 1184; x_wconf 84' lang='grc'><strong>6.</strong></span> <span class='ocrx_word' id='word_1_83' title='bbox 885 1117 1013 1183; x_wconf 83' lang='lat' dir='ltr'><strong>limile-</strong></span> 
     </span>
     <span class='ocr_line' id='line_1_12' title="bbox 93 1208 1012 1294; baseline 0.009 -30"><span class='ocrx_word' id='word_1_84' title='bbox 93 1214 176 1266; x_wconf 84' lang='lat' dir='ltr'><strong>stum</strong></span> <span class='ocrx_word' id='word_1_85' title='bbox 198 1219 242 1269; x_wconf 91' lang='lat' dir='ltr'><strong>est</strong></span> <span class='ocrx_word' id='word_1_86' title='bbox 266 1221 367 1272; x_wconf 90' lang='lat' dir='ltr'><strong>autem</strong></span> <span class='ocrx_word' id='word_1_87' title='bbox 392 1208 475 1294; x_wconf 90' lang='lat' dir='ltr'><strong>quod</strong></span> <span class='ocrx_word' id='word_1_88' title='bbox 499 1210 589 1273; x_wconf 77' lang='lat' dir='ltr'><strong>lesos</strong></span> <span class='ocrx_word' id='word_1_89' title='bbox 615 1208 765 1281; x_wconf 82' lang='lat' dir='ltr'><strong>Christus,</strong></span> <span class='ocrx_word' id='word_1_90' title='bbox 793 1229 907 1273; x_wconf 81' lang='lat' dir='ltr'><strong>nomen</strong></span> <span class='ocrx_word' id='word_1_91' title='bbox 930 1208 1012 1272; x_wconf 84' lang='lat' dir='ltr'><strong>illins</strong></span> 
     </span>
     <span class='ocr_line' id='line_1_13' title="bbox 93 1289 1013 1380; baseline 0.008 -28"><span class='ocrx_word' id='word_1_92' title='bbox 93 1289 226 1358; x_wconf 87' lang='lat' dir='ltr'><strong>hominis</strong></span> <span class='ocrx_word' id='word_1_93' title='bbox 239 1315 293 1380; x_wconf 88' lang='lat' dir='ltr'><strong>per</strong></span> <span class='ocrx_word' id='word_1_94' title='bbox 306 1316 398 1380; x_wconf 89' lang='lat' dir='ltr'><strong>quem</strong></span> <span class='ocrx_word' id='word_1_95' title='bbox 415 1298 527 1374; x_wconf 79' lang='lat' dir='ltr'><strong>omnia,</strong></span> <span class='ocrx_word' id='word_1_96' title='bbox 540 1297 685 1361; x_wconf 77' lang='lat' dir='ltr'><strong>convenit</strong></span> <span class='ocrx_word' id='word_1_97' title='bbox 698 1297 799 1363; x_wconf 82' lang='lat' dir='ltr'><strong>Verbo</strong></span> <span class='ocrx_word' id='word_1_98' title='bbox 815 1297 879 1360; x_wconf 86' lang='lat' dir='ltr'><strong>Dei.</strong></span> <span class='ocrx_word' id='word_1_99' title='bbox 893 1295 943 1360; x_wconf 87' lang='lat' dir='ltr'><strong>Sie</strong></span> <span class='ocrx_word' id='word_1_100' title='bbox 958 1297 1013 1380; x_wconf 80' lang='lat' dir='ltr'><strong>igi·</strong></span> 
     </span>
     <span class='ocr_line' id='line_1_14' title="bbox 93 1381 1012 1462; baseline 0.009 -20"><span class='ocrx_word' id='word_1_101' title='bbox 93 1391 144 1442; x_wconf 93' lang='lat' dir='ltr'><strong>tur</strong></span> <span class='ocrx_word' id='word_1_102' title='bbox 158 1381 292 1446; x_wconf 78' lang='lat' dir='ltr'><strong>Verbum</strong></span> <span class='ocrx_word' id='word_1_103' title='bbox 315 1385 370 1449; x_wconf 88' lang='lat' dir='ltr'><strong>Dei</strong></span> <span class='ocrx_word' id='word_1_104' title='bbox 385 1400 415 1450; x_wconf 89' lang='lat' dir='ltr'><strong>et</strong></span> <span class='ocrx_word' id='word_1_105' title='bbox 427 1387 521 1450; x_wconf 90' lang='lat' dir='ltr'><strong>homo</strong></span> <span class='ocrx_word' id='word_1_106' title='bbox 535 1386 584 1450; x_wconf 88' lang='lat' dir='ltr'><strong>ille</strong></span> <span class='ocrx_word' id='word_1_107' title='bbox 600 1400 672 1449; x_wconf 86' lang='lat' dir='ltr'><strong>sum</strong></span> <span class='ocrx_word' id='word_1_108' title='bbox 687 1406 767 1455; x_wconf 91' lang='lat' dir='ltr'><strong>unus</strong></span> <span class='ocrx_word' id='word_1_109' title='bbox 779 1385 941 1462; x_wconf 80' lang='lat' dir='ltr'><strong>Dominus,</strong></span> <span class='ocrx_word' id='word_1_110' title='bbox 956 1405 1012 1450; x_wconf 87' lang='lat' dir='ltr'><strong>nee</strong></span> 
     </span>
     <span class='ocr_line' id='line_1_15' title="bbox 90 1465 1012 1553; baseline 0.009 -24"><span class='ocrx_word' id='word_1_111' title='bbox 90 1465 153 1531; x_wconf 87' lang='lat' dir='ltr'><strong>duo</strong></span> <span class='ocrx_word' id='word_1_112' title='bbox 176 1470 293 1537; x_wconf 88' lang='lat' dir='ltr'><strong>domini</strong></span> <span class='ocrx_word' id='word_1_113' title='bbox 317 1474 459 1538; x_wconf 80' lang='lat' dir='ltr'><strong>needuo</strong></span> <span class='ocrx_word' id='word_1_114' title='bbox 483 1474 546 1553; x_wconf 89' lang='lat' dir='ltr'><strong>lilii,</strong></span> <span class='ocrx_word' id='word_1_115' title='bbox 570 1486 602 1538; x_wconf 95' lang='lat' dir='ltr'><strong>ut</strong></span> <span class='ocrx_word' id='word_1_116' title='bbox 635 1472 791 1538; x_wconf 71' lang='lat' dir='ltr'><strong>Nestorius</strong></span> <span class='ocrx_word' id='word_1_117' title='bbox 817 1473 960 1550; x_wconf 52' lang='lat' dir='ltr'><strong>&#39;diceban</strong></span> <span class='ocrx_word' id='word_1_118' title='bbox 982 1489 1012 1537; x_wconf 86' lang='lat' dir='ltr'><strong>et</strong></span> 
     </span>
     <span class='ocr_line' id='line_1_16' title="bbox 90 1558 1012 1656; baseline 0.008 -38"><span class='ocrx_word' id='word_1_119' title='bbox 90 1575 127 1656; x_wconf 68' lang='lat' dir='ltr'><strong>ea</strong></span> <span class='ocrx_word' id='word_1_120' title='bbox 152 1558 210 1625; x_wconf 87' lang='lat' dir='ltr'><strong>hoo</strong></span> <span class='ocrx_word' id='word_1_121' title='bbox 233 1561 360 1627; x_wconf 88' lang='lat' dir='ltr'><strong>ulterius</strong></span> <span class='ocrx_word' id='word_1_122' title='bbox 381 1563 520 1648; x_wconf 86' lang='lat' dir='ltr'><strong>sequitur</strong></span> <span class='ocrx_word' id='word_1_123' title='bbox 542 1561 626 1649; x_wconf 90' lang='lat' dir='ltr'><strong>quod</strong></span> <span class='ocrx_word' id='word_1_124' title='bbox 650 1561 740 1627; x_wconf 87' lang='lat' dir='ltr'><strong>Verbi</strong></span> <span class='ocrx_word' id='word_1_125' title='bbox 778 1563 835 1626; x_wconf 87' lang='lat' dir='ltr'><strong>Dei</strong></span> <span class='ocrx_word' id='word_1_126' title='bbox 860 1576 890 1626; x_wconf 90' lang='lat' dir='ltr'><strong>et</strong></span> <span class='ocrx_word' id='word_1_127' title='bbox 913 1563 1012 1627; x_wconf 91' lang='lat' dir='ltr'><strong>homi·</strong></span> 
     </span>
     <span class='ocr_line' id='line_1_17' title="bbox 92 1650 452 1737; baseline 0.028 -32"><span class='ocrx_word' id='word_1_128' title='bbox 92 1663 141 1707; x_wconf 87' lang='lat' dir='ltr'><strong>urs</strong></span> <span class='ocrx_word' id='word_1_129' title='bbox 165 1650 202 1713; x_wconf 81' lang='lat' dir='ltr'><strong>sit</strong></span> <span class='ocrx_word' id='word_1_130' title='bbox 225 1669 285 1713; x_wconf 90' lang='lat' dir='ltr'><strong>una</strong></span> <span class='ocrx_word' id='word_1_131' title='bbox 310 1671 452 1737; x_wconf 91' lang='lat' dir='ltr'><strong>persona.</strong></span> 
     </span>
    </p>

    <p class='ocr_par' dir='ltr' id='par_1_5' title="bbox 87 1735 1075 2447">
     <span class='ocr_line' id='line_1_18' title="bbox 161 1735 1012 1824; baseline 0.004 -25"><span class='ocrx_word' id='word_1_132' title='bbox 161 1735 192 1800; x_wconf 89' lang='lat' dir='ltr'><strong>Si</strong></span> <span class='ocrx_word' id='word_1_133' title='bbox 216 1739 285 1823; x_wconf 89' lang='lat' dir='ltr'><strong>quis</strong></span> <span class='ocrx_word' id='word_1_134' title='bbox 308 1754 411 1806; x_wconf 90' lang='lat' dir='ltr'><strong>autem</strong></span> <span class='ocrx_word' id='word_1_135' title='bbox 435 1738 598 1824; x_wconf 77' lang='lat' dir='ltr'><strong>diligenter</strong></span> <span class='ocrx_word' id='word_1_136' title='bbox 634 1739 819 1818; x_wconf 82' lang='lat' dir='ltr'><strong>consideret,</strong></span> <span class='ocrx_word' id='word_1_137' title='bbox 844 1739 920 1804; x_wconf 84' lang='lat' dir='ltr'><strong>haee</strong></span> <span class='ocrx_word' id='word_1_138' title='bbox 953 1738 1012 1802; x_wconf 89' lang='lat' dir='ltr'><strong>Ne·</strong></span> 
     </span>
     <span class='ocr_line' id='line_1_19' title="bbox 91 1826 1012 1914; baseline -0.003 -20"><span class='ocrx_word' id='word_1_139' title='bbox 91 1826 176 1894; x_wconf 90' lang='lat' dir='ltr'><strong>storii</strong></span> <span class='ocrx_word' id='word_1_140' title='bbox 201 1828 304 1912; x_wconf 87' lang='lat' dir='ltr'><strong>opinio</strong></span> <span class='ocrx_word' id='word_1_141' title='bbox 327 1839 478 1914; x_wconf 84' lang='lat' dir='ltr'><strong>quantum</strong></span> <span class='ocrx_word' id='word_1_142' title='bbox 502 1827 541 1892; x_wconf 89' lang='lat' dir='ltr'><strong>ad</strong></span> <span class='ocrx_word' id='word_1_143' title='bbox 576 1829 792 1893; x_wconf 85' lang='lat' dir='ltr'><strong>incarnationis</strong></span> <span class='ocrx_word' id='word_1_144' title='bbox 831 1829 1012 1914; x_wconf 81' lang='lat' dir='ltr'><strong>mysterium</strong></span> 
     </span>
     <span class='ocr_line' id='line_1_20' title="bbox 90 1915 1011 2004; baseline 0 -24"><span class='ocrx_word' id='word_1_145' title='bbox 90 1935 201 2003; x_wconf 89' lang='lat' dir='ltr'><strong>parum</strong></span> <span class='ocrx_word' id='word_1_146' title='bbox 225 1915 327 1981; x_wconf 81' lang='lat' dir='ltr'><strong>diflert</strong></span> <span class='ocrx_word' id='word_1_147' title='bbox 349 1917 388 1981; x_wconf 88' lang='lat' dir='ltr'><strong>ab</strong></span> <span class='ocrx_word' id='word_1_148' title='bbox 423 1916 567 2004; x_wconf 89' lang='lat' dir='ltr'><strong>opinione</strong></span> <span class='ocrx_word' id='word_1_149' title='bbox 603 1917 737 1997; x_wconf 79' lang='lat' dir='ltr'><strong>Photini3</strong></span> <span class='ocrx_word' id='word_1_150' title='bbox 774 1917 845 2003; x_wconf 88' lang='lat' dir='ltr'><strong>quia</strong></span> <span class='ocrx_word' id='word_1_151' title='bbox 881 1930 1011 2001; x_wconf 83' lang='lat' dir='ltr'><strong>uterque</strong></span> 
     </span>
     <span class='ocr_line' id='line_1_21' title="bbox 88 2006 1011 2093; baseline -0.003 -21"><span class='ocrx_word' id='word_1_152' title='bbox 88 2006 249 2072; x_wconf 91' lang='lat' dir='ltr'><strong>hominem</strong></span> <span class='ocrx_word' id='word_1_153' title='bbox 288 2006 374 2071; x_wconf 91' lang='lat' dir='ltr'><strong>illum</strong></span> <span class='ocrx_word' id='word_1_154' title='bbox 412 2007 513 2071; x_wconf 90' lang='lat' dir='ltr'><strong>Deum</strong></span> <span class='ocrx_word' id='word_1_155' title='bbox 552 2008 707 2071; x_wconf 77' lang='lat' dir='ltr'><strong>asserebat</strong></span> <span class='ocrx_word' id='word_1_156' title='bbox 745 2006 845 2070; x_wconf 89' lang='lat' dir='ltr'><strong>solum</strong></span> <span class='ocrx_word' id='word_1_157' title='bbox 884 2022 1011 2093; x_wconf 84' lang='lat' dir='ltr'><strong>propter</strong></span> 
     </span>
     <span class='ocr_line' id='line_1_22' title="bbox 87 2094 1011 2180; baseline -0.002 -21"><span class='ocrx_word' id='word_1_158' title='bbox 87 2094 344 2159; x_wconf 78' lang='lat' dir='ltr'><strong>inhabitationem</strong></span> <span class='ocrx_word' id='word_1_159' title='bbox 379 2096 506 2180; x_wconf 80' lang='lat' dir='ltr'><strong>gratiae3</strong></span> <span class='ocrx_word' id='word_1_160' title='bbox 542 2096 683 2179; x_wconf 84' lang='lat' dir='ltr'><strong>quamvis</strong></span> <span class='ocrx_word' id='word_1_161' title='bbox 715 2094 864 2160; x_wconf 81' lang='lat' dir='ltr'><strong>Photinus</strong></span> <span class='ocrx_word' id='word_1_162' title='bbox 900 2095 1011 2158; x_wconf 82' lang='lat' dir='ltr'><strong>dixerit</strong></span> 
     </span>
     <span class='ocr_line' id='line_1_23' title="bbox 87 2181 1012 2269; baseline -0.002 -22"><span class='ocrx_word' id='word_1_163' title='bbox 87 2183 172 2269; x_wconf 89' lang='lat' dir='ltr'><strong>quod</strong></span> <span class='ocrx_word' id='word_1_164' title='bbox 197 2181 246 2247; x_wconf 89' lang='lat' dir='ltr'><strong>ille</strong></span> <span class='ocrx_word' id='word_1_165' title='bbox 271 2184 365 2248; x_wconf 91' lang='lat' dir='ltr'><strong>homo</strong></span> <span class='ocrx_word' id='word_1_166' title='bbox 388 2203 503 2248; x_wconf 90' lang='lat' dir='ltr'><strong>nomen</strong></span> <span class='ocrx_word' id='word_1_167' title='bbox 535 2183 700 2249; x_wconf 86' lang='lat' dir='ltr'><strong>divinitatis</strong></span> <span class='ocrx_word' id='word_1_168' title='bbox 721 2195 753 2246; x_wconf 90' lang='lat' dir='ltr'><strong>et</strong></span> <span class='ocrx_word' id='word_1_169' title='bbox 789 2184 919 2267; x_wconf 79' lang='lat' dir='ltr'><strong>gloriam</strong></span> <span class='ocrx_word' id='word_1_170' title='bbox 957 2202 1012 2267; x_wconf 87' lang='lat' dir='ltr'><strong>per</strong></span> 
     </span>
     <span class='ocr_line' id='line_1_24' title="bbox 88 2271 1042 2359; baseline -0.003 -23"><span class='ocrx_word' id='word_1_171' title='bbox 88 2272 267 2357; x_wconf 84' lang='lat' dir='ltr'><strong>passionem</strong></span> <span class='ocrx_word' id='word_1_172' title='bbox 290 2286 321 2336; x_wconf 93' lang='lat' dir='ltr'><strong>et</strong></span> <span class='ocrx_word' id='word_1_173' title='bbox 344 2273 424 2338; x_wconf 88' lang='lat' dir='ltr'><strong>bona</strong></span> <span class='ocrx_word' id='word_1_174' title='bbox 446 2292 539 2359; x_wconf 91' lang='lat' dir='ltr'><strong>opera</strong></span> <span class='ocrx_word' id='word_1_175' title='bbox 570 2274 692 2350; x_wconf 84' lang='lat' dir='ltr'><strong>meruit,</strong></span> <span class='ocrx_word' id='word_1_176' title='bbox 726 2271 883 2338; x_wconf 87' lang='lat' dir='ltr'><strong>Nestorius</strong></span> <span class='ocrx_word' id='word_1_177' title='bbox 908 2286 1010 2335; x_wconf 81' lang='lat' dir='ltr'><strong>etitem</strong></span> <span class='ocrx_word' id='word_1_178' title='bbox 1038 2317 1042 2326; x_wconf 25' lang='lat' dir='ltr'><strong>a</strong></span> 
     </span>
     <span class='ocr_line' id='line_1_25' title="bbox 87 2358 1075 2447; baseline -0.002 -23"><span class='ocrx_word' id='word_1_179' title='bbox 87 2358 248 2424; x_wconf 77' lang='lat' dir='ltr'><strong>consessus</strong></span> <span class='ocrx_word' id='word_1_180' title='bbox 271 2375 317 2424; x_wconf 92' lang='lat' dir='ltr'><strong>est</strong></span> <span class='ocrx_word' id='word_1_181' title='bbox 346 2361 469 2447; x_wconf 88' lang='lat' dir='ltr'><strong>quoda</strong></span> <span class='ocrx_word' id='word_1_182' title='bbox 505 2360 656 2447; x_wconf 89' lang='lat' dir='ltr'><strong>principio</strong></span> <span class='ocrx_word' id='word_1_183' title='bbox 690 2381 764 2426; x_wconf 90' lang='lat' dir='ltr'><strong>suae</strong></span> <span class='ocrx_word' id='word_1_184' title='bbox 800 2360 1010 2445; x_wconf 81' lang='lat' dir='ltr'><strong>conceptionis</strong></span> <span class='ocrx_word' id='word_1_185' title='bbox 1072 2437 1075 2442; x_wconf 20' lang='grc' dir='ltr'><strong><em>Ι</em></strong></span> 
     </span>
    </p>
   </div>
   <div class='ocr_carea' id='block_1_4' title="bbox 88 2448 1107 2535">
    <p class='ocr_par' dir='ltr' id='par_1_6' title="bbox 88 2448 1107 2535">
     <span class='ocr_line' id='line_1_26' title="bbox 88 2448 1107 2535; baseline -0.004 -22"><span class='ocrx_word' id='word_1_186' title='bbox 88 2448 271 2534; x_wconf 84' lang='lat' dir='ltr'><strong>hujusmodi</strong></span> <span class='ocrx_word' id='word_1_187' title='bbox 295 2470 409 2514; x_wconf 89' lang='lat' dir='ltr'><strong>nomen</strong></span> <span class='ocrx_word' id='word_1_188' title='bbox 433 2462 463 2513; x_wconf 91' lang='lat' dir='ltr'><strong>et</strong></span> <span class='ocrx_word' id='word_1_189' title='bbox 486 2449 615 2533; x_wconf 79' lang='lat' dir='ltr'><strong>gloriam</strong></span> <span class='ocrx_word' id='word_1_190' title='bbox 653 2449 760 2514; x_wconf 89' lang='lat' dir='ltr'><strong>habuit</strong></span> <span class='ocrx_word' id='word_1_191' title='bbox 785 2463 910 2535; x_wconf 91' lang='lat' dir='ltr'><strong>propter</strong></span> <span class='ocrx_word' id='word_1_192' title='bbox 948 2451 1048 2534; x_wconf 87' lang='lat' dir='ltr'><strong>ple·-</strong></span> <span class='ocrx_word' id='word_1_193' title='bbox 1104 2520 1107 2524; x_wconf 15' lang='lat' dir='ltr'>y</span> 
     </span>
    </p>
   </div>
   <div class='ocr_carea' id='block_1_5' title="bbox 85 2537 1012 2887">
    <p class='ocr_par' dir='ltr' id='par_1_7' title="bbox 85 2537 1012 2887">
     <span class='ocr_line' id='line_1_27' title="bbox 89 2537 1012 2623; baseline -0.002 -23"><span class='ocrx_word' id='word_1_194' title='bbox 89 2537 252 2601; x_wconf 85' lang='lat' dir='ltr'><strong>nissimam</strong></span> <span class='ocrx_word' id='word_1_195' title='bbox 276 2537 496 2603; x_wconf 87' lang='lat' dir='ltr'><strong>habitationem</strong></span> <span class='ocrx_word' id='word_1_196' title='bbox 520 2537 577 2601; x_wconf 86' lang='lat' dir='ltr'><strong>Dei</strong></span> <span class='ocrx_word' id='word_1_197' title='bbox 600 2538 630 2600; x_wconf 93' lang='lat' dir='ltr'><strong>in</strong></span> <span class='ocrx_word' id='word_1_198' title='bbox 656 2537 732 2623; x_wconf 90' lang='lat' dir='ltr'><strong>ipso.</strong></span> <span class='ocrx_word' id='word_1_199' title='bbox 771 2537 856 2602; x_wconf 81' lang='lat' dir='ltr'><strong>Circa</strong></span> <span class='ocrx_word' id='word_1_200' title='bbox 885 2558 1012 2620; x_wconf 73' lang='lat' dir='ltr'><strong>genera-</strong></span> 
     </span>
     <span class='ocr_line' id='line_1_28' title="bbox 88 2624 1010 2700; baseline -0.001 -12"><span class='ocrx_word' id='word_1_201' title='bbox 88 2626 207 2691; x_wconf 89' lang='lat' dir='ltr'><strong>tionem</strong></span> <span class='ocrx_word' id='word_1_202' title='bbox 232 2638 334 2691; x_wconf 88' lang='lat' dir='ltr'><strong>autem</strong></span> <span class='ocrx_word' id='word_1_203' title='bbox 358 2640 515 2691; x_wconf 87' lang='lat' dir='ltr'><strong>aeternam</strong></span> <span class='ocrx_word' id='word_1_204' title='bbox 538 2625 631 2693; x_wconf 90' lang='lat' dir='ltr'><strong>Verbi</strong></span> <span class='ocrx_word' id='word_1_205' title='bbox 653 2625 786 2690; x_wconf 91' lang='lat' dir='ltr'><strong>multum</strong></span> <span class='ocrx_word' id='word_1_206' title='bbox 818 2624 1010 2700; x_wconf 83' lang='lat' dir='ltr'><strong>uillerebant3</strong></span> 
     </span>
     <span class='ocr_line' id='line_1_29' title="bbox 85 2712 1011 2867; baseline -0.003 -88"><span class='ocrx_word' id='word_1_207' title='bbox 85 2734 161 2867; x_wconf 71' lang='lat' dir='ltr'><strong>napi</strong></span> <span class='ocrx_word' id='word_1_208' title='bbox 185 2713 342 2816; x_wconf 82' lang='lat' dir='ltr'><strong>Nestorius</strong></span> <span class='ocrx_word' id='word_1_209' title='bbox 365 2734 433 2779; x_wconf 86' lang='lat' dir='ltr'><strong>eam</strong></span> <span class='ocrx_word' id='word_1_210' title='bbox 458 2712 676 2792; x_wconf 83' lang='lat' dir='ltr'><strong>confitebatur,</strong></span> <span class='ocrx_word' id='word_1_211' title='bbox 700 2714 850 2779; x_wconf 86' lang='lat' dir='ltr'><strong>Photinus</strong></span> <span class='ocrx_word' id='word_1_212' title='bbox 873 2734 1011 2779; x_wconf 81' lang='lat' dir='ltr'><strong>terune-</strong></span> 
     </span>
     <span class='ocr_line' id='line_1_30' title="bbox 90 2815 342 2887; baseline 0.004 -21"><span class='ocrx_word' id='word_1_213' title='bbox 90 2821 130 2887; x_wconf 77' lang='lat' dir='ltr'><strong>ga</strong></span> <span class='ocrx_word' id='word_1_214' title='bbox 154 2815 184 2867; x_wconf 91' lang='lat' dir='ltr'><strong>at</strong></span> <span class='ocrx_word' id='word_1_215' title='bbox 207 2823 342 2869; x_wconf 90' lang='lat' dir='ltr'><strong>omnmo.</strong></span> 
     </span>
    </p>
   </div>
   <div class='ocr_carea' id='block_1_6' title="bbox 314 2976 789 3243">
    <p class='ocr_par' dir='ltr' id='par_1_8' title="bbox 314 2976 789 3243">
     <span class='ocr_line' id='line_1_31' title="bbox 373 2976 722 3048; baseline -0.011 0"><span class='ocrx_word' id='word_1_216' title='bbox 373 2979 558 3048; x_wconf 78' lang='lat' dir='ltr'>CAPUT</span> <span class='ocrx_word' id='word_1_217' title='bbox 596 2976 722 3046; x_wconf 85' lang='lat' dir='ltr'><strong>XXXV.</strong></span> 
     </span>
     <span class='ocr_line' id='line_1_32' title="bbox 314 3156 789 3243; baseline 0 -20"><span class='ocrx_word' id='word_1_218' title='bbox 314 3159 429 3224; x_wconf 82' lang='lat' dir='ltr'><strong>Contra</strong></span> <span class='ocrx_word' id='word_1_219' title='bbox 450 3176 587 3223; x_wconf 83' lang='lat' dir='ltr'><strong>errorem</strong></span> <span class='ocrx_word' id='word_1_220' title='bbox 603 3156 789 3243; x_wconf 66' lang='lat' dir='ltr'><strong>torpetem.</strong></span> 
     </span>
    </p>
   </div>
   <div class='ocr_carea' id='block_1_7' title="bbox 84 3333 1009 3515">
    <p class='ocr_par' dir='ltr' id='par_1_9' title="bbox 84 3333 1009 3515">
     <span class='ocr_line' id='line_1_33' title="bbox 164 3333 1009 3421; baseline -0.001 -21"><span class='ocrx_word' id='word_1_221' title='bbox 164 3335 244 3416; x_wconf 83' lang='lat' dir='ltr'><strong>Quia</strong></span> <span class='ocrx_word' id='word_1_222' title='bbox 267 3355 353 3421; x_wconf 79' lang='lat' dir='ltr'><strong>ergo,</strong></span> <span class='ocrx_word' id='word_1_223' title='bbox 376 3334 454 3401; x_wconf 87' lang='lat' dir='ltr'><strong>sieut</strong></span> <span class='ocrx_word' id='word_1_224' title='bbox 477 3333 684 3421; x_wconf 85' lang='lat' dir='ltr'><strong>multipliciter</strong></span> <span class='ocrx_word' id='word_1_225' title='bbox 707 3347 865 3401; x_wconf 87' lang='lat' dir='ltr'><strong>ostensum</strong></span> <span class='ocrx_word' id='word_1_226' title='bbox 893 3349 948 3412; x_wconf 86' lang='lat' dir='ltr'><strong>est,</strong></span> <span class='ocrx_word' id='word_1_227' title='bbox 972 3338 1009 3399; x_wconf 81' lang='lat' dir='ltr'><strong>ita</strong></span> 
     </span>
     <span class='ocr_line' id='line_1_34' title="bbox 84 3423 1009 3515; baseline -0.005 -21"><span class='ocrx_word' id='word_1_228' title='bbox 84 3439 210 3515; x_wconf 89' lang='lat' dir='ltr'><strong>oportet</strong></span> <span class='ocrx_word' id='word_1_229' title='bbox 235 3426 415 3510; x_wconf 59' lang='lat' dir='ltr'><strong>misterium</strong></span> <span class='ocrx_word' id='word_1_230' title='bbox 439 3423 658 3487; x_wconf 84' lang='lat' dir='ltr'><strong>iucarnationis</strong></span> <span class='ocrx_word' id='word_1_231' title='bbox 670 3425 796 3509; x_wconf 81' lang='lat' dir='ltr'><strong>intelligi</strong></span> <span class='ocrx_word' id='word_1_232' title='bbox 820 3424 902 3511; x_wconf 84' lang='lat' dir='ltr'><strong>quod</strong></span> <span class='ocrx_word' id='word_1_233' title='bbox 921 3425 1009 3489; x_wconf 85' lang='lat' dir='ltr'><strong>Verbi</strong></span> 
     </span>
    </p>
   </div>
   <div class='ocr_carea' id='block_1_8' title="bbox 85 3512 1125 3601">
    <p class='ocr_par' dir='ltr' id='par_1_10' title="bbox 85 3512 1125 3601">
     <span class='ocr_line' id='line_1_35' title="bbox 85 3512 1125 3601; baseline -0.009 -17"><span class='ocrx_word' id='word_1_234' title='bbox 85 3517 145 3584; x_wconf 88' lang='lat' dir='ltr'><strong>Dei</strong></span> <span class='ocrx_word' id='word_1_235' title='bbox 170 3526 200 3580; x_wconf 87' lang='lat' dir='ltr'><strong>et</strong></span> <span class='ocrx_word' id='word_1_236' title='bbox 222 3513 355 3580; x_wconf 89' lang='lat' dir='ltr'><strong>hominis</strong></span> <span class='ocrx_word' id='word_1_237' title='bbox 378 3514 416 3579; x_wconf 89' lang='lat' dir='ltr'><strong>sit</strong></span> <span class='ocrx_word' id='word_1_238' title='bbox 440 3534 499 3578; x_wconf 85' lang='lat' dir='ltr'><strong>uua</strong></span> <span class='ocrx_word' id='word_1_239' title='bbox 516 3513 842 3601; x_wconf 80' lang='lat' dir='ltr'><strong>eademquepersona‚</strong></span> <span class='ocrx_word' id='word_1_240' title='bbox 866 3512 1012 3601; x_wconf 87' lang='lat' dir='ltr'><strong>relinqui·</strong></span> <span class='ocrx_word' id='word_1_241' title='bbox 1120 3520 1125 3530; x_wconf 92' lang='grc'><strong>’</strong></span> 
     </span>
    </p>
   </div>
   <div class='ocr_carea' id='block_1_9' title="bbox 0 0 1246 3975">
    <p class='ocr_par' dir='ltr' id='par_1_11' title="bbox 0 0 1246 3975">
     <span class='ocr_line' id='line_1_36' title="bbox 0 0 1246 3975; baseline 0 3"><span class='ocrx_word' id='word_1_242' title='bbox 0 0 1246 3975; x_wconf 95' lang='lat' dir='ltr'><strong> </strong></span> 
     </span>
    </p>
   </div>
  </div>
 </body>
</html>
