2484 3975
211 220 276 285 ιιι
355 226 364 249 ’
412 239 468 285 ιιι.
492 239 531 287 rr.
557 240 620 287 car.
645 238 908 289 astrumenta.

212 310 290 391 ignis
315 306 458 375 virtutem
482 309 575 375 habet
600 324 632 375 ut
657 309 789 373 lormam
818 329 905 375 suam
944 306 1140 375 transfundat

211 398 242 463 in
265 398 396 463 alterum
420 412 451 463 et
473 412 507 463 ut
530 398 690 465 materiam
715 398 859 483 disponat
881 397 920 461 ad
945 395 1063 461 lormae
1085 420 1139 465 aa·

210 488 411 573 aceptionem.
434 486 512 555 Cum
537 487 630 571 igitur
654 500 787 573 potestas
813 487 930 551 ordinis
955 486 994 549 ad
1020 487 1079 551 hoc
1103 508 1139 552 se

209 575 353 647 extendat
377 591 410 641 ut
432 590 661 641 sacramentum
686 584 826 661 eorporis
850 575 961 641 Christi
993 574 1140 641 conficiat

210 678 241 730 et
264 664 406 730 lidelibus
433 664 542 743 tradat,
559 679 682 750 oportet
704 665 787 750 quod
804 667 915 731 eadem
940 678 1074 748 potestas
1097 666 1138 729 ad

210 752 271 819 lroc
293 772 326 819 ae
349 752 493 819 extendat
517 754 601 839 quod
627 753 736 819 fideles
759 769 847 840 aptos
872 752 980 817 reddat
1010 766 1041 817 et
1064 773 1139 818 con-

210 862 304 928 gruos
328 842 366 907 ad
391 842 483 927 hujus
506 843 689 907 sacramenti
722 845 963 928 perceptionem.
987 840 1140 907 Redditur

209 946 314 997 autem
338 945 427 1017 aptus
452 945 479 995 et
499 950 657 1015 congruus
680 931 778 997 fidelis
791 934 830 995 ad
846 932 937 1016 hujus
949 932 1138 995 sacramenti

208 1022 438 1106 perceptionem
463 1040 518 1099 per
543 1020 602 1085 lroc
625 1021 709 1105 qnod
734 1035 780 1085 est
803 1033 961 1107 apeccato
978 1021 1139 1096 immunia

208 1129 269 1173 aron
293 1110 376 1175 enim
401 1123 501 1194 potest
513 1108 600 1173 aliter
614 1109 736 1174 Christo
760 1108 960 1195 spiritualiter
977 1108 1069 1187 uniri,
1085 1111 1137 1174 cui

206 1198 470 1263 sacramentaliter
493 1197 703 1281 conjungitur,
729 1199 789 1263 ltoc
812 1211 1041 1263 sacramentum
1068 1219 1137 1283 per·

206 1286 360 1372 cipiendo.
386 1285 515 1375 Oportet
538 1287 631 1370 igitur
667 1287 750 1373 quod
775 1300 908 1372 potestas
947 1285 1066 1349 ordinis
1101 1308 1138 1351 se

206 1375 352 1439 extendat
374 1376 412 1439 ad
438 1376 653 1441 remissionem
679 1390 888 1461 peccatorum,
917 1396 972 1460 per
1008 1374 1135 1459 dispen-

207 1464 360 1529 sationem
384 1465 507 1529 illorum
532 1479 797 1529 sacramentorum
833 1485 913 1550 quae
950 1463 1137 1529 ordinantur

207 1551 246 1620 ad
271 1555 387 1639 pcccati
414 1554 641 1630 remissionem3
664 1553 839 1639 cujusmodi
863 1567 934 1617 sunt
962 1553 1138 1637 baptismus

206 1653 237 1717 et
260 1642 461 1728 poenitentia,
484 1656 516 1707 ut
540 1663 576 1706 ex
600 1643 688 1707 dictis
712 1656 803 1727 patet.
831 1641 927 1718 Unde,
959 1655 991 1703 ut
1015 1640 1136 1707 dictum

205 1744 261 1807 est,
286 1731 439 1797 Dominus
462 1731 634 1815 discipulis,
667 1734 780 1817 quibus
803 1730 959 1795 commisit
980 1731 1027 1793 sui
1065 1750 1136 1795 cor·

207 1822 289 1905 poris
313 1821 590 1896 consecrationem,
614 1820 701 1885 dedit
734 1821 827 1883 etianr
864 1831 1046 1904 potestatem
1083 1838 1135 1885 re·

206 1909 346 1973 mittendi
383 1922 518 1997 peecata,
541 1930 620 1996 quaa
645 1909 771 1995 quidem
797 1923 930 1994 potestas
954 1906 1137 1993 perclareat

206 1999 398 2082 intelligitur,
421 1999 461 2064 de
484 1999 597 2084 quibus
633 1999 788 2064 Dominus
811 1999 901 2062 Petro
933 1997 1022 2060 dixit:
1064 1997 1137 2062 Tibi

205 2086 286 2154 dato
311 2089 412 2152 clocca
436 2088 523 2173 requi
546 2089 714 2166 coelorum,
731 2087 846 2163 llattlr„
872 2086 924 2162 tu,
942 2084 992 2158 ¹93
1008 2084 1134 2152 caelum

206 2179 289 2240 enim
314 2178 481 2262 unicuique
505 2155 659 2242 clauditur
682 2192 712 2239 et
737 2177 873 2262 operitur
897 2195 952 2261 per
971 2175 1134 2258 hocquod

206 2264 491 2350 peccato'sulrjacet
516 2265 603 2330 vela
640 2279 764 2350 peccato
799 2279 959 2350 purgatum
994 2263 1133 2328 undeet

207 2373 279 2418 usus
304 2355 413 2420 ltarum
438 2354 571 2418 clavium
593 2353 705 2419 dicitur
727 2373 794 2417 esse
818 2351 915 2436 ligare
945 2352 1133 2430 accoluere,

205 2443 320 2508 scilieet
343 2463 360 2508 a
385 2443 526 2527 peccatis:
550 2442 589 2507 de
612 2445 725 2529 quibus
739 2442 865 2528 quidem
888 2441 1134 2528 claribussupra

205 2530 322 2598 clintum
337 2527 405 2596 est.

510 2705 682 2774 cauus
715 2685 873 2786 ιιιιιιιζ,

443 2884 490 2950 De
514 2885 711 2950 distinctione
734 2885 891 2952 ordinant.

271 3059 538 3128 Considerandum
562 3075 608 3128 est
632 3076 735 3127 autem
760 3064 844 3147 quod
879 3074 1012 3146 potestas
1048 3082 1132 3147 quae

204 3149 365 3226 ordinatur
388 3149 426 3215 ad
450 3149 586 3236 aliquem
609 3152 811 3238 principalem
835 3150 982 3216 ellectum
998 3165 1071 3214 trata
1084 3164 1133 3216 est

204 3239 320 3302 lrabere
344 3239 401 3302 sub
425 3259 457 3302 se
482 3239 643 3304 inferiores
659 3254 824 3327 potestates
839 3239 1132 3314 sibidescrtieutes;

204 3326 287 3408 quod
312 3325 473 3390 ntanileste
496 3330 526 3392 in
552 3329 670 3392 artibus
692 3329 911 3415 appare13ar·ti
939 3330 1025 3392 euim
1049 3347 1132 3412 quae

203 3412 335 3478 sormam
360 3414 553 3480 artilicialem
578 3417 695 3480 inducit
731 3418 909 3483 deserviunt
942 3432 1025 3480 artes
1048 3435 1131 3500 quae

206 3502 375 3589 disponunt
399 3503 572 3582 materiam,
595 3517 627 3568 et
649 3505 700 3572 illa
723 3527 805 3593 quac
839 3505 972 3570 lormarn
1010 3506 1133 3571 inducit
