2484 3975
196 187 260 252 lilll
573 203 745 252 oroscotutt

195 277 274 342 actio
296 275 334 341 sit
357 279 414 340 sua
435 272 614 353 substantiae
637 276 732 342 solius
758 274 841 341 enim
864 273 923 341 Dei
957 274 1037 342 actio
1072 286 1119 338 εει

197 365 263 451 ejus
286 363 465 442 substantia,
488 374 519 428 et
543 363 613 430 idco
636 364 804 430 substantia
827 376 857 430 ει
883 364 961 430 εειίο
983 363 1051 449 ejus
1073 375 1120 428 εει

198 467 333 519 aeterna.
357 451 434 518 Cum
457 467 561 518 autem
577 454 711 539 Angelus
723 454 785 538 agit
801 453 914 540 aliquid
932 467 1026 531 extra,
1043 453 1121 518 siout

196 542 321 630 quando
345 541 460 628 aliquid
484 543 547 627 agit
569 542 648 608 circa
672 544 728 608 ista
749 563 877 629 corpora
895 541 1051 620 inferiora,
1069 540 1118 604 illa

196 631 440 709 transmutando,
463 631 542 696 sicut
565 629 679 696 lactum
703 645 747 697 est
776 633 806 696 iu
841 631 959 716 angelo
992 630 1118 709 Tobiae,

196 736 269 785 tuno
291 719 370 784 actio
393 739 448 784 sua
472 734 668 786 mensuratur
684 733 823 807 tempore
836 735 951 785 nostro.
968 718 1000 784 Si
1016 734 1119 784 antem

197 809 276 874 actio
299 829 354 874 sua
378 829 440 873 non
464 803 555 874 luerit
578 809 616 874 ad
651 822 746 885 extra,
769 808 943 894 cujusmodi
965 823 1011 873 est
1033 806 1121 872 intel·

196 898 303 983 ligere,
326 910 408 976 tuno,
431 896 455 961 si
481 897 621 982 intelligit
645 899 675 963 in
704 897 814 974 Verbo,
852 898 931 962 actio
954 918 1009 962 sua
1032 917 1120 961 men·

196 1001 320 1051 suratur
342 986 521 1052 aeternitate
544 986 763 1073 participativis
785 989 829 1052 sio
851 987 933 1050 enim
957 987 1036 1050 actio
1062 1005 1117 1050 sua

198 1090 339 1140 naturam
361 1094 449 1139 suam
474 1076 672 1154 transcendit,
694 1077 766 1160 quia
788 1095 844 1162 per
865 1089 1008 1140 naturam
1029 1095 1117 1140 suem
1212 1109 1217 1114 ·

198 1185 260 1230 non
284 1162 401 1228 videret
423 1182 474 1228 res
495 1164 527 1228 in
551 1164 663 1230 Verbo.
698 1164 730 1230 st
768 1184 842 1230 vero
876 1163 1025 1248 intelligat
1063 1183 1117 1249 per

198 1254 316 1339 species
337 1271 417 1330 suas,
443 1264 515 1318 tunc
542 1255 620 1319 aetio
652 1273 720 1332 sua,
757 1273 828 1318 oum
862 1254 901 1318 sit
937 1255 1118 1330 successiva,

199 1340 426 1406 mensurabitur
448 1355 587 1428 tempore
609 1343 692 1429 quod
715 1361 779 1407 non
792 1354 840 1407 εει
853 1362 925 1407 cum
940 1355 1047 1407 nostro
1063 1361 1118 1406 nec

198 1431 290 1494 ctiam
314 1449 386 1494 cum
411 1450 449 1495 eo
483 1430 566 1517 quod
596 1429 727 1497 formale
750 1445 797 1496 est
820 1431 851 1495 in
873 1431 951 1517 ipso;
974 1443 1005 1492 et
1028 1429 1120 1514 hujus

129 1547 133 1554 ¹
199 1519 345 1606 temporis
369 1538 430 1584 una
465 1519 611 1606 particula
635 1541 706 1586 cum
730 1519 827 1585 multo
851 1532 991 1604 ternpore
1014 1534 1119 1583 nostro

198 1627 265 1673 csse
290 1621 398 1687 potest,
421 1607 505 1673 nullo
540 1609 644 1674 medio
679 1609 889 1683 intercidente,
912 1609 1053 1694 quamvis
1090 1609 1119 1670 in

199 1711 339 1783 tempore
362 1709 467 1761 nostro
490 1697 585 1762 multa
612 1699 713 1762 media
748 1698 859 1762 cadant
896 1711 1020 1784 propter
1055 1695 1122 1781 ejus

199 1784 440 1852 continuitatem.
464 1783 541 1851 Cum
554 1806 627 1851 vero
651 1785 922 1869 intelligibiliasibi
939 1784 1121 1860 succedunt,

199 1877 256 1938 erit
279 1874 321 1938 ibi
345 1889 465 1960 tempus
489 1874 658 1962 perlectum
681 1896 718 1939 et
742 1873 846 1938 multis
869 1872 1023 1960 particulis
1039 1873 1121 1938 indi-

200 1961 368 2031 visibilibus
393 1965 423 2028 iu
446 1963 564 2053 scipsis3
580 1965 682 2030 ethoe
706 1963 872 2051 particulae
894 1981 956 2028 non
979 1977 1052 2028 sunt
1074 1963 1122 2028 in·

200 2054 321 2129 stantia,
343 2052 415 2138 quia
439 2054 521 2120 nulla
545 2055 672 2120 istarum
694 2067 740 2119 est
771 2054 880 2118 eadem
904 2054 935 2116 in
970 2066 1034 2117 toto
1067 2052 1120 2117 tali

200 2158 339 2229 tempore
362 2143 439 2207 sicut
462 2156 508 2209 εει
530 2142 645 2209 instans
669 2143 815 2230 temporis
839 2143 869 2207 in
893 2157 1043 2229 tempore,
1063 2162 1122 2207 nec

200 2230 301 2317 aliqua
324 2230 451 2297 istarum
474 2244 521 2297 est
553 2233 743 2297 continuatio
766 2231 924 2319 temporis,
948 2230 1002 2295 scd
1026 2249 1124 2317 quae·

200 2318 275 2384 libet
297 2331 343 2383 εει
366 2340 436 2405 pars
456 2320 534 2385 sicut
557 2321 657 2387 unitae
688 2321 818 2386 numeri.

268 2407 379 2473 Eritis
403 2408 598 2475 manifestum
626 2423 670 2475 est
706 2410 789 2495 quod
826 2422 947 2494 tempus
979 2419 1124 2471 nostrum

199 2516 263 2561 non
287 2510 429 2561 causatur
463 2497 579 2564 abillo
603 2495 893 2585 tempore,sedab
927 2515 1003 2559 aero
1037 2497 1123 2579 quod

200 2599 246 2650 est
269 2585 351 2649 idem
376 2585 407 2649 in
431 2600 495 2653 toto
519 2601 669 2675 tempore3
691 2606 767 2651 aevo
790 2598 893 2650 autem
921 2584 1006 2649 nulla
1040 2582 1123 2648 actio

201 2686 408 2754 mensuratur,
431 2676 486 2741 sed
509 2694 576 2741 esse
599 2679 736 2763 ipsorum
759 2676 985 2739 aeriternorum
1010 2684 1040 2737 ει
1055 2672 1123 2759 ipsa

201 2764 364 2829 aeviterna.
389 2766 506 2831 Aeuom
541 2778 645 2850 autern
668 2783 730 2827 non
753 2783 787 2828 se
810 2762 903 2827 habet
925 2760 965 2827 ad
999 2776 1124 2848 tempus

201 2854 279 2917 sicut
302 2853 416 2938 aliquid
440 2852 579 2942 ejusdem
601 2852 726 2941 speciei,
748 2850 803 2917 sed
837 2865 995 2937 tamquam
1029 2864 1123 2916 eausa

202 2941 342 3027 analoga.
360 2941 419 3009 Per
443 2942 789 3031 priuseniminvenitur
811 2942 889 3006 ratio
910 2938 1124 3005 mensuraria

202 3048 277 3095 aeto
301 3050 394 3116 quam
418 3032 449 3097 in
473 3043 623 3119 tempore3
645 3029 740 3109 unde,
767 3049 784 3094 a
818 3044 904 3116 parte
938 3028 1006 3094 aevi
1038 3027 1124 3114 quod

202 3121 256 3183 toti
281 3121 412 3207 tempori
435 3134 540 3185 nostro
563 3118 701 3185 coexistit
723 3130 755 3184 ει
765 3118 890 3205 cuilibet
906 3116 973 3203 ejus
990 3117 1123 3194 instanti,

202 3205 308 3272 inserti
332 3222 431 3294 potest
453 3209 588 3296 primum
610 3207 762 3294 Angelum
786 3208 839 3273 toti
863 3205 993 3295 tempori
1017 3218 1122 3270 nostro

202 3298 381 3379 coexistere,
402 3299 457 3363 sed
479 3317 543 3362 non
566 3296 650 3384 quod
666 3311 861 3364 mensuretur
883 3316 968 3361 aeto.
984 3293 1123 3380 Tempus

203 3386 288 3449 enim
311 3401 450 3453 nostrum
473 3388 715 3453 concomitanter
737 3406 771 3451 εε
793 3386 887 3452 habet
908 3383 947 3451 ad
971 3382 1123 3468 Angelum

204 3473 322 3539 ratione
344 3477 422 3556 aevi,
443 3476 492 3559 oui
523 3488 645 3564 tempus
679 3488 820 3542 nostrum
853 3486 899 3540 est
931 3471 1124 3560 adjunctum
