2484 3975
227 223 292 294 l0l
548 247 604 292 tre.
629 247 668 296 ιι.
691 248 756 296 uir.
779 248 849 296 ιιιι.

222 315 254 394 9,
277 314 329 380 dt.
352 313 388 381 lit
410 313 479 382 ideo
502 315 655 382 Dominus
676 316 823 405 Spiritum
839 314 987 382 Sanetum
1009 317 1152 404 paracli-

222 416 299 478 tum,
322 404 353 469 id
369 416 415 470 est
427 405 665 486 consolatorem,
680 406 829 474 nominat:
847 405 1021 472 Poroelitne
1035 418 1151 473 ouum

220 491 360 579 Spiritus
384 491 514 562 Sanetus
537 506 604 572 eto,
626 496 749 572 loson„
773 495 826 574 ll,
848 495 901 561 ιδ.

285 581 431 648 Similiter
453 597 557 650 autem
581 597 611 648 et
633 584 786 650 amicitiae
813 583 973 670 proprium
995 595 1042 649 est
1063 601 1149 648 eou-

219 670 333 738 sentire
356 671 456 738 amieo
479 671 510 738 in
534 673 581 738 luis
603 693 685 758 quse
707 673 781 740 ruti.
798 671 945 740 Voluntas
960 685 1065 738 summ
1081 671 1148 737 Dei

219 758 308 826 nobis
331 779 386 840 per
408 773 570 847 praesepta
587 761 682 848 ipsius
698 762 876 846 explicatur.
896 761 1030 828 Pertinet
1046 760 1149 846 igitur

220 847 259 914 ad
282 869 422 916 amorem
444 869 508 935 quo
541 848 643 916 Deum
665 850 822 936 diligimus
844 864 876 916 ut
902 849 970 935 eius
992 849 1146 916 mundata

218 936 413 1022 impleamus,
436 935 608 1004 seeundum
632 938 717 1005 illud:
748 937 784 1008 Si
816 939 948 1022 dilipitis
969 960 1028 1018 me,
1050 959 1148 1004 men·

219 1025 297 1092 doto
318 1045 388 1092 meo
409 1038 541 1105 ennete,
561 1028 684 1107 lunum,
709 1029 761 1107 ll,
786 1029 838 1096 to.
862 1027 961 1104 Unde,
987 1048 1061 1095 eum
1085 1046 1148 1114 per

219 1113 367 1202 Spiritum
391 1114 537 1182 Senetunr
560 1116 618 1184 Dei
641 1130 794 1183 amatores
827 1117 1061 1195 constituamur,
1084 1135 1148 1202 per

219 1203 320 1288 ipsum
354 1204 446 1270 etiam
487 1205 720 1291 quodammodo
754 1206 876 1290 agimur
909 1218 944 1272 ut
977 1217 1145 1291 praerepto

219 1291 277 1358 Dei
301 1292 495 1380 impleamus,
511 1293 683 1360 seeundum
698 1293 774 1360 illud
790 1295 936 1378 Apostoli:
953 1294 1148 1376 Quicumque

220 1380 343 1466 Spiritu
363 1382 425 1447 Dei
446 1393 589 1468 moretur,
610 1383 636 1448 ii
649 1383 791 1470 surripui
811 1367 987 1461 Des‘JRom.
1013 1382 1065 1461 l8‚
1090 1381 1147 1446 ll.

287 1468 553 1538 Considerandum
577 1485 681 1538 tameo
699 1471 845 1558 estquod
860 1493 878 1537 a
901 1471 1016 1558 Spiritu
1027 1470 1145 1536 Sonoto

220 1556 274 1624 lilii
297 1558 353 1626 Dei
366 1573 509 1644 aprntur,
521 1581 583 1626 non
595 1560 674 1627 sieut
684 1561 775 1637 servi,
788 1559 845 1626 sed
860 1560 938 1626 sieut
951 1560 1050 1628 liberi.
1063 1559 1146 1626 Cum

219 1647 303 1714 enirn
338 1647 416 1714 liber
438 1648 477 1714 sit
499 1650 552 1734 qui
574 1649 623 1714 sui
643 1669 736 1714 eausa
759 1662 815 1726 est,
838 1647 914 1716 illud
944 1649 1041 1715 libere
1076 1647 1145 1733 agi·

219 1755 290 1802 mus
312 1735 395 1822 quod
424 1755 463 1804 ex
498 1736 588 1804 nobis
622 1737 695 1823 ipsis
729 1738 861 1822 agimus
894 1739 954 1806 hoe
988 1757 1063 1804 vero
1096 1749 1146 1806 est

220 1825 304 1912 quod
315 1845 353 1890 ex
369 1824 525 1890 voluntate
537 1827 668 1909 agimus
690 1825 774 1912 quod
786 1840 890 1892 eutem
902 1826 1022 1911 egimus
1034 1838 1145 1893 eontra

219 1913 420 1992 voluntatem,
443 1933 506 1978 noo
538 1914 645 1994 libere,
671 1915 727 1981 sed
749 1915 898 1982 semiliter
922 1915 1055 2002 egimus
1076 1915 1145 1980 sive

219 2004 259 2069 sit
282 2002 426 2069 violentia
450 2003 600 2083 absoluta,
631 2017 665 2070 ut
685 2004 811 2092 quando
834 2018 932 2071 totum
956 2004 1146 2093 principium

219 2105 267 2161 est
288 2105 385 2171 extra,
408 2091 495 2163 nillil¹
512 2092 690 2159 conserente
728 2095 792 2159 vim
826 2114 929 2180 passo,
963 2107 1036 2181 puta
1069 2112 1146 2160 eum

220 2181 328 2267 aliquis
352 2182 381 2247 vi
405 2180 572 2269 impellitur
600 2181 639 2247 ad
678 2196 807 2260 mutuom
840 2182 905 2249 sire
926 2182 966 2249 sit
998 2182 1145 2249 violentia

219 2269 393 2337 voluntario
416 2270 521 2349 mixte,
555 2282 588 2335 ut
621 2291 693 2337 eum
723 2271 835 2358 uliquis
872 2270 936 2337 vult
969 2270 1072 2337 faeere
1093 2271 1145 2337 vel
1187 2270 1190 2274 ’

218 2361 280 2447 pati
303 2358 387 2446 quod
410 2358 512 2425 minus
536 2372 582 2425 est
604 2361 793 2427 eontrarium
806 2360 965 2434 voluntsti,
984 2372 1019 2427 ut
1032 2358 1146 2426 evadat

217 2449 301 2534 quod
324 2448 423 2533 magis
450 2448 598 2515 voluntati
631 2450 847 2516 contrariatur.
883 2448 1014 2536 Spiritus
1036 2462 1143 2515 autem

219 2537 348 2605 Sanetus
371 2538 415 2603 sie
436 2557 494 2603 nos
516 2535 555 2603 ud
579 2540 735 2621 agendum
760 2538 887 2603 ioelioat
909 2550 942 2603 ut
956 2558 1014 2603 nos
1031 2538 1142 2610 voun-

219 2626 295 2691 tarie
328 2646 421 2710 agere
451 2625 552 2704 leniat,
585 2627 769 2709 inquantum
803 2648 860 2693 nos
894 2640 1048 2693 amatores
1082 2626 1143 2695 Dei

219 2714 383 2783 constituit.
406 2714 473 2783 Filii
496 2715 589 2801 igitur
622 2715 681 2781 Dei
704 2715 842 2781 liberes
876 2714 990 2802 Spiritu
1024 2715 1142 2783 Saneto

219 2817 352 2888 aguntur
374 2822 411 2869 ex
434 2824 551 2881 amore,
578 2824 641 2869 non
675 2804 828 2869 serviliter
850 2824 888 2869 ex
912 2805 1035 2883 timore3
1057 2806 1142 2869 unde

218 2892 380 2978 Apostolus
403 2890 484 2958 dieit:
507 2892 578 2960 Nou
611 2893 774 2976 accepistis
805 2892 950 2977 spiritum
982 2892 1142 2959 seruitutis

218 2983 331 3047 iterum
350 2981 383 3046 iu
407 2981 525 3058 timore,
546 2982 785 3066 eed'aeeepiutis
806 2981 949 3067 spiritum
964 2981 1142 3067 adoptione
1222 3051 1223 3078 ¹

218 3071 363 3152 illiorum,
386 3069 486 3148 Rom„
508 3069 541 3146 8,
566 3070 635 3137 tlt*

284 3158 362 3225 Cum
385 3171 489 3225 autem
513 3158 655 3227 voluntas
685 3157 844 3226 ordinetur
865 3157 898 3223 in
919 3157 952 3225 id
985 3156 1070 3245 quod
1092 3169 1140 3223 est

219 3269 291 3316 vere
313 3249 442 3325 bonum,
464 3247 599 3333 quando,
621 3247 687 3313 sire
719 3260 846 3333 propter
865 3249 1040 3331 passionem
1073 3244 1139 3311 sire

218 3351 345 3425 propter
366 3336 484 3402 malum
508 3336 648 3401 hobitum
669 3348 724 3399 out
758 3334 1005 3421 dispositionem,
1043 3334 1138 3401 homo

219 3426 258 3491 ub
281 3447 318 3493 eo
341 3424 424 3511 quod
444 3436 580 3490 estsere
596 3424 713 3489 hortum
729 3428 886 3498 avertitur,
901 3423 1051 3490 serviliter
1065 3423 1139 3507 ogit,

220 3514 402 3601 inquantum
424 3532 442 3578 a
465 3510 601 3598 quodam
623 3525 772 3581 extraneo
794 3512 968 3594 inelioetun
988 3512 1015 3583 si
1035 3510 1137 3581 eonsi-
