2484 3975
220 208 287 274 tto
599 221 774 269 unuscunun

283 296 410 372 Rursus,
434 291 514 375 Quia
549 311 658 356 omues
698 294 777 357 aliae
813 292 935 379 speeies
970 293 1161 380 participant

215 407 291 464 uno,
314 387 353 449 ita
377 383 470 448 etiarn
493 394 614 467 oportet
637 382 721 467 quod
736 381 918 458 intellectus,
938 383 977 449 ad
994 382 1160 469 bocquod

215 474 376 558 intelligat,
415 472 573 556 participet
607 471 725 535 entium
748 472 920 556 speciebus.
949 472 1032 548 ideo,
1074 473 1161 536 sicut

215 566 275 631 sub
299 581 422 627 summo
446 560 522 637 Deo,
545 558 596 643 qui
622 573 668 623 est
693 560 792 624 unitas
816 561 913 645 prima
955 561 1085 647 simplex
1123 573 1160 624 et

216 652 406 741 participata,
429 662 501 713 sunt
523 646 602 711 aliae
626 668 731 713 rerum
755 651 886 733 species,
908 652 996 736 quasi
1021 651 1160 714 unitates

217 740 373 807 secundae
394 752 424 802 et
447 736 490 801 dii
512 735 651 809 secundi,
676 737 715 801 ita
740 738 798 801 sub
823 738 932 802 ordine
957 740 1066 803 barum
1080 758 1157 824 spe-

217 833 336 896 cierum
360 848 416 892 seu
440 826 592 889 unitatum
617 826 752 911 ponebat
780 826 921 891 ordinem
939 826 1158 892 intellectuum

216 932 431 1005 separatorum
455 915 507 999 qui
530 914 715 999 participant
739 916 930 999 supradictas
970 919 1092 999 species
1114 916 1158 979 nd

217 1008 279 1073 boe
301 1004 385 1092 quod
407 1006 468 1068 sint
491 1002 694 1086 intelligentes
718 1003 748 1067 in
772 1018 852 1079 aotu;
876 1005 956 1068 inter
972 1025 1049 1091 quos
1066 1016 1155 1069 tanto

218 1096 431 1181 unusquisque
454 1106 500 1156 est
535 1092 676 1176 superior
711 1106 827 1177 quanto
855 1093 1070 1178 ‘propinquior
1106 1106 1155 1159 est

217 1186 320 1273 prirno
343 1180 521 1257 intellectui,
544 1180 597 1265 qui
621 1180 746 1265 plenam
772 1180 867 1245 babet
884 1182 1154 1267 participationem

218 1273 406 1359 specierun13
441 1271 520 1334 sieut
543 1281 574 1332 et
610 1269 642 1332 in
679 1269 737 1334 diis
772 1289 827 1333 seu
866 1270 1032 1335 unitatibus
1068 1284 1156 1335 tanto

218 1360 432 1445 unusquisque
455 1373 502 1422 est
525 1358 667 1443 superior
691 1372 808 1443 quanto
832 1358 994 1444 perfectius
1030 1360 1155 1443 partici-

219 1465 273 1538 pat
297 1450 448 1513 unitatem
472 1446 614 1532 primam.
639 1445 818 1531 Separando
843 1461 944 1513 autem
962 1447 1155 1512 intellectum

220 1561 238 1603 a
263 1538 332 1624 diis,
356 1557 418 1601 uon
442 1534 626 1601 excludebat
649 1535 723 1620 quin
748 1534 790 1598 dii
818 1552 922 1601 essent
937 1537 1157 1620 intelligentes

219 1627 277 1693 sed
300 1626 422 1692 volebat
444 1624 528 1710 quod
564 1623 906 1709 superintellectualiter
935 1626 1157 1709 intelligerent,

218 1737 284 1783 uon
308 1714 435 1802 quidem
458 1712 544 1799 quasi
570 1712 787 1797 participantes
811 1713 929 1799 aliquas
945 1716 1076 1799 species,
1099 1714 1156 1779 sed
1232 1766 1233 1777 ,

220 1826 278 1891 per
300 1807 429 1889 seipsos,
453 1804 493 1866 ira
529 1813 641 1865 tannen
671 1802 754 1886 quod
790 1801 892 1867 nullus
926 1822 1034 1867 eorum
1074 1816 1159 1868 esset

221 1895 323 1959 bonus
346 1907 376 1957 et
399 1912 480 1956 unus
502 1889 561 1954 uisi
585 1909 642 1975 per
665 1890 929 1976 participationem
953 1890 1045 1976 primi
1063 1891 1157 1956 unius

225 1998 257 2048 et
281 1981 364 2046 boni.

295 2071 422 2147 Rursus,
445 2067 525 2151 Quia
548 2067 668 2132 animas
691 2067 841 2152 quasdam
876 2067 1081 2152 intelligentes
1116 2070 1158 2133 vi-

224 2159 335 2225 demus
358 2163 437 2246 (non
462 2170 566 2221 autern
591 2156 651 2222 boc
682 2157 1058 2223 convenitcniuaaeexeo
1072 2158 1159 2243 quod

222 2264 269 2314 est
292 2248 406 2322 anirna;
429 2245 569 2331 alioquin
591 2259 775 2330 sequeretur
797 2246 881 2332 quod
917 2249 1017 2310 omnis
1053 2247 1160 2312 anima
1230 2317 1231 2328 ἶ

223 2351 304 2404 esset
328 2336 502 2421 intelligens
524 2346 554 2398 et
577 2333 662 2419 qnod
690 2335 806 2412 anima,
843 2333 1016 2400 secundum
1056 2349 1159 2400 totum

223 2426 254 2490 id
278 2426 363 2513 quod
387 2439 444 2502 est,
466 2435 549 2488 esset
560 2421 734 2487 intellectus
747 2424 771 2506 ),
785 2422 919 2509 ponebat
932 2423 1058 2490 ulterius
1071 2424 1160 2510 quod

222 2514 282 2579 sub
320 2513 430 2580 ordine
460 2511 671 2577 intellectuum
706 2525 920 2597 separatorum
959 2526 1040 2578 esset
1077 2512 1160 2578 ordo
1229 2573 1230 2584 ι

166 2631 172 2644 ·
222 2604 409 2680 animarum,
431 2620 564 2687 quarum
588 2598 755 2684 quaedam,
786 2602 964 2754 superiores
1002 2600 1159 2678 videlieet,

222 2691 406 2778 participant
430 2688 626 2754 intellectuali
651 2690 771 2768 virtute,
785 2690 815 2754 in
843 2709 911 2754 mae
936 2709 1008 2754 tero
1032 2689 1072 2754 ab
1096 2689 1158 2756 bac

226 2782 338 2846 virtute
362 2778 518 2844 deliciunt.

288 2869 415 2945 Rursus,
439 2867 518 2949 Quia
542 2884 673 2950 corpora
697 2864 840 2930 videntur
862 2886 925 2931 non
950 2886 1005 2952 per
1028 2886 1062 2930 se
1085 2884 1159 2932 ruo-

226 2958 291 3022 veri
315 2958 371 3022 nisi
395 2958 455 3021 sint
478 2955 624 3030 animata,
647 2955 706 3020 hoc
729 2955 831 3041 ipsum
856 2955 939 3041 quod
962 2969 1009 3020 est
1044 2975 1099 3041 per
1124 2977 1162 3022 se
1228 2969 1229 3012 l

224 3047 342 3110 moveri
367 3045 501 3132 ponebat
525 3042 708 3129 corporibus
735 3043 1162 3130 accidereinquanturupar·

226 3136 393 3221 ticipabant
417 3134 565 3198 animam:
588 3151 661 3196 iram
677 3131 728 3198 illa
740 3152 870 3218 corpora
887 3146 967 3218 quae
979 3133 1019 3198 ab
1033 3131 1160 3200 animae

225 3225 458 3310 participatione
481 3219 631 3286 deliciunt
654 3240 716 3285 non
740 3234 904 3286 moventur
928 3222 985 3288 uisi
1021 3222 1060 3289 ab
1083 3220 1160 3287 alio.

226 3311 314 3375 Unde
337 3311 472 3397 ponebat
493 3307 657 3374 animabus
680 3311 842 3396 proprium
857 3329 925 3376 esse
941 3309 1161 3397 quodseipsae

229 3411 391 3464 moverent
414 3396 585 3464 secundum
608 3396 736 3482 seipsas.

295 3486 345 3551 Sic
367 3485 461 3569 igitur
483 3485 542 3552 sub
564 3482 675 3550 ordine
698 3485 873 3553 animarum
903 3485 1039 3575 ponebat
1071 3484 1161 3553 ordi·
1225 3569 1226 3582 ἵ
