2484 3975
405 238 460 283 tin.
485 239 522 282 rr.
546 237 609 284 cta.
632 238 712 283 rxrr.
961 218 1024 286 trs

98 305 338 395 oppositionem
361 326 441 392 quae
463 309 547 372 enim
571 307 688 372 nnllam
716 306 941 393 oppositionem
965 309 1022 374 lra-

98 396 174 461 bent
197 396 235 461 ad
260 397 389 461 invicem
414 396 506 460 simul
529 415 597 460 esse
621 411 750 480 possunt
772 397 803 460 in
828 395 950 473 eodem,
964 417 1023 462 un·

99 485 141 550 de
164 505 219 571 per
241 505 276 549 ea
300 485 453 548 distinctio
476 485 594 548 causari
618 504 682 548 non
696 485 1020 569 patest;albumenim

98 587 131 639 et
155 574 351 658 triangulare,
373 573 445 636 licet
469 573 588 637 diversa
610 575 683 650 sint,
721 574 792 661 quia
817 586 921 637 tamen
957 594 1020 638 non

98 676 309 748 opponuntur,
332 662 363 725 iu
386 661 497 726 endem
520 680 589 726 esse
610 661 770 746 contingit.
804 659 933 747 Oportet
964 681 1020 728 au·

98 763 164 816 tem
186 769 373 837 supponere,
411 750 581 814 secuudum
620 749 691 814 fidei
725 751 895 815 catholicae
922 749 1019 816 docu-

98 853 215 918 menta,
238 839 322 924 quod
344 839 474 924 Spiritus
496 839 626 903 Sanctus
650 859 666 902 a
703 839 779 905 Filio
804 840 1020 922 distinguatur;

98 928 189 993 aliter
203 930 287 992 enim
310 947 373 991 non
397 941 475 994 esset
498 929 625 1004 trinitas,
649 928 703 992 sed
728 928 859 993 dualitas
882 930 913 992 in
952 949 1021 1015 per·

98 1018 194 1081 sonis.
218 1014 348 1102 Oportet
371 1016 462 1100 igitur
484 1015 661 1100 hujusmodi
697 1017 925 1083 distinctionem
964 1037 1021 1103 per

99 1105 235 1190 aliquam
259 1105 481 1190 oppositionem
506 1106 584 1170 lieri.
605 1103 673 1168 Non
698 1120 801 1170 autem
825 1106 1019 1191 oppositione

99 1192 314 1259 affirmationis
336 1206 366 1257 et
385 1195 570 1277 negationis,
608 1196 680 1277 quia
707 1196 752 1260 sic
789 1193 1019 1279 distinguuntur

97 1283 180 1348 entia
203 1304 220 1346 a
244 1301 306 1346 non
329 1282 461 1356 entibus
479 1301 535 1346 nec
559 1284 653 1360 etiarn
687 1285 882 1368 oppositione
918 1283 1019 1369 prita-

99 1371 189 1436 tionis
204 1383 235 1435 et
258 1369 391 1446 habitus,
414 1372 485 1455 quia
509 1371 796 1454 sicdistinguuntur
818 1371 952 1458 perlecta
979 1372 1020 1438 ab

95 1458 295 1545 imperfectis
318 1478 420 1544 neque
444 1462 536 1524 etiarn
560 1461 754 1542 oppositione
785 1462 1021 1542 contrarietatis,

94 1552 165 1634 quia
190 1550 234 1614 sic
257 1548 488 1631 distinguuntur
511 1568 590 1632 quae
613 1562 684 1611 sunt
700 1547 1019 1615 secundumlormam

93 1640 226 1714 diversa;
250 1658 321 1702 nam
345 1640 553 1713 contrarietas,
578 1649 609 1699 ut
633 1636 807 1723 philosophi
829 1637 951 1717 docent,
973 1649 1020 1705 est

93 1726 267 1792 dillerentia
279 1724 451 1791 secundam
474 1725 616 1802 sormam,
632 1745 712 1809 quae
727 1727 853 1813 quidem
869 1725 1017 1792 dilieren·

94 1816 135 1880 tia
158 1816 267 1880 divinis
292 1813 431 1900 personis
455 1835 516 1878 non
540 1815 694 1890 convenit,
730 1836 801 1880 cum
828 1836 938 1881 earum
974 1818 1015 1881 sit

93 1923 155 1968 una
177 1903 287 1979 forma,
311 1905 388 1967 sicut
412 1922 472 1968 uua
495 1906 640 1981 essentia,
670 1904 842 1969 secuudum
865 1904 941 1970 illud
976 1904 1013 1970 A·

93 1994 214 2080 postoli,
238 1994 277 2059 dc
300 1992 376 2057 Filio
401 1992 539 2057 dicentis:
566 1993 627 2072 Qui
649 2014 718 2059 cuin
754 1994 788 2057 in
809 1995 912 2077 formo
954 1994 1014 2060 Dei

92 2095 181 2161 esset,
203 2081 345 2167 Philipp,
369 2081 399 2169 2,
424 2081 454 2155 6,
477 2080 591 2146 scilicet
627 2082 734 2147 Petris.
769 2083 963 2169 Relinquitur
986 2084 1012 2148 i·

92 2172 176 2257 gitur
198 2192 290 2236 unam
315 2190 479 2256 personam
503 2171 639 2235 divinam
662 2172 701 2235 ab
714 2172 772 2237 alia
787 2192 852 2237 nnn
866 2173 1013 2255 distingui

92 2262 148 2326 nisi
172 2260 365 2345 oppositione
389 2258 555 2332 relationis
578 2262 621 2323 sic
643 2261 728 2325 enim
763 2261 858 2325 Filius
881 2281 899 2325 a
923 2262 1013 2326 Patre

91 2350 287 2433 distinguitur
310 2348 481 2411 secundum
501 2348 729 2432 oppositionem
745 2349 903 2414 relativam
920 2350 1013 2434 patris

93 2454 124 2504 et
146 2438 209 2503 lilii.
233 2436 300 2501 Non
324 2434 461 2499 enimin
487 2435 596 2499 divinis
620 2437 759 2522 personis
793 2437 853 2503 alia
888 2438 1015 2503 relativa

92 2526 244 2613 oppositio
267 2543 334 2589 esse
357 2536 466 2609 potest,
488 2524 546 2587 nisi
569 2524 740 2590 secundum
756 2526 918 2611 originem.
933 2525 1013 2591 Nam

91 2616 216 2681 relative
239 2613 378 2700 opposita
403 2611 450 2676 tel
464 2632 558 2696 super
592 2615 795 2699 quantitatem
831 2614 1012 2690 fundantur,

92 2717 125 2769 ut
146 2704 275 2791 duplum
298 2716 327 2767 et
350 2699 524 2778 dimidium,
536 2701 583 2767 tel
595 2721 689 2788 super
712 2704 875 2782 actionem,
899 2718 932 2769 ut
953 2704 1011 2769 do·

90 2794 192 2859 minus
215 2806 246 2857 et
267 2810 384 2869 servus,
408 2810 534 2855 movens
557 2805 588 2856 et
612 2806 742 2870 motum,
765 2806 851 2878 pater
872 2806 903 2857 et
919 2792 1009 2860 lilius.

90 2882 216 2959 Rursus,
239 2880 435 2946 relativorum
459 2899 538 2966 quae
550 2901 643 2967 super
653 2883 854 2966 quantitatem
878 2880 1011 2947 lundan-

90 2971 312 3057 tnr,quaedanr
325 2968 491 3033 fundantur
508 2988 601 3055 snper
619 2969 772 3035 diversam
797 2974 1012 3057 quantitatem,

90 3074 123 3124 ut
134 3059 274 3145 duplum,
286 3071 317 3122 et
328 3055 501 3135 dimidium,
515 3058 613 3140 majus
625 3071 656 3121 et
668 3059 782 3132 minum
793 3060 1012 3146 quaedamsu·

89 3150 256 3235 peripsam
269 3147 428 3224 unitatem,
446 3162 478 3210 ut
490 3148 584 3225 idem,
595 3146 680 3232 quod
695 3149 847 3231 significat
860 3167 958 3212 unum
981 3148 1014 3212 in

90 3237 267 3314 substantia,
282 3248 312 3299 et
324 3234 463 3319 aequale,
476 3234 559 3320 quod
576 3234 726 3318 significat
739 3256 837 3301 unum
851 3236 882 3300 iu
894 3236 1015 3321 quanti·

91 3338 162 3403 tate,
178 3338 208 3389 et
220 3324 329 3398 simile,
342 3323 426 3409 quod
439 3322 590 3407 significat
604 3343 701 3387 uuum
714 3325 745 3387 in
758 3326 913 3411 qualitate.
929 3324 1015 3390 Diri·

91 3434 150 3479 uae
165 3414 257 3498 igitur
274 3433 422 3501 personae
436 3412 581 3495 distingui
599 3433 661 3477 non
675 3427 803 3498 possunt
814 3413 1016 3480 relationibus

92 3502 225 3569 laudatis
247 3522 339 3589 super
361 3502 570 3569 diversitatem
592 3504 867 3591 quantitatisque
889 3504 934 3570 sic
957 3502 1013 3570 tol·

466 3780 472 3809 l
