2484 3975
362 256 399 301 nr
423 255 543 302 onerare
560 254 751 301 tnrenuecrns
951 230 1014 323 lii?

98 327 133 392 lit
156 341 223 415 post
247 344 341 411 pauca
365 325 446 390 elicit:
475 349 489 384 r
512 324 553 390 Ex
575 323 685 388 cadent
707 323 805 390 littera
828 323 887 390 hoc
901 345 1014 394 concc-

97 420 140 482 nit
163 417 347 482 conlirmare
370 413 451 499 quod
474 428 560 499 putat
582 412 726 500 (scilicet
739 413 913 481 Aristoteles
932 415 944 502 )
960 433 1014 483 aut

96 505 192 572 nostri
215 502 330 589 aliquid
352 521 421 568 esse
443 504 575 568 nctirurn
613 501 799 566 intellectum
828 517 880 567 aut
903 523 1012 572 ttos‘».

97 594 182 659 Patet
204 594 310 678 igione·
327 611 363 656 ex
388 591 561 677 praemissis
595 591 696 655 uerbis
734 589 906 671 Themistii,
927 597 1011 682 quod

94 699 158 749 uon
180 681 281 747 solnm
304 679 491 745 intellectum
514 679 701 766 possibilem,
724 679 779 743 eed
804 680 896 746 etiam
919 695 1013 768 agen·

94 785 156 837 tem
179 785 297 859 purtem
321 770 441 834 animae
463 768 618 834 humanae
640 788 707 832 esse
729 767 811 843 dicit,
833 781 863 834 et
900 773 1013 838 hristu-

93 861 188 926 telem
211 856 433 933 hoctensisse;
456 857 619 922 etiterum
650 856 733 941 quoti
771 859 865 923 horno
901 872 948 925 est
981 861 1014 926 id
1041 910 1047 928 ,

92 947 178 1034 quod
201 961 257 1025 eat,
278 961 341 1010 nnn
364 963 401 1011 ex
424 947 525 1012 anima
548 945 700 1024 sensitiva,
722 959 756 1010 nt
781 946 906 1032 quitiam
923 968 1012 1014 men·

92 1039 220 1112 huntur,
241 1035 295 1101 sed
319 1053 356 1099 ex
379 1047 464 1122 purte
487 1033 669 1098 intellectiva
691 1047 723 1099 et
749 1035 964 1122 principaliori.
988 1041 992 1061 ·’

95 1141 98 1150 ’
160 1125 195 1190 Et
216 1123 420 1208 Theophrasti
441 1121 567 1208 quidem
591 1119 685 1188 libros
707 1142 771 1188 non
792 1123 864 1201 ridi,
878 1125 1012 1211 sedejus

92 1215 188 1281 verhn
211 1212 377 1278 introduxit
399 1211 586 1276 Themistios
609 1211 641 1276 in
656 1211 889 1279 Commentode
902 1216 1011 1282 hnimn

92 1317 267 1388 quaerunt
290 1299 370 1377 talia,
392 1301 436 1366 sic
458 1300 563 1365 dicens
584 1300 647 1385 (l):
676 1327 691 1359 ι
714 1300 820 1365 hlelins
841 1316 887 1369 est
908 1320 1013 1371 antem

92 1391 298 1479 Theophrasti
322 1407 495 1476 proponere
516 1388 596 1453 dieta
619 1387 659 1454 tle
685 1388 840 1454 intellectu
876 1394 1012 1477 potentia

91 1494 124 1546 et
146 1480 186 1546 de
206 1499 245 1546 en
267 1479 319 1564 qui
342 1493 421 1544 netu.
445 1477 492 1542 De
513 1497 551 1542 eo
575 1479 667 1561 igitur
688 1478 741 1564 qui
762 1480 897 1563 potentia
936 1481 1012 1547 haee

90 1570 143 1634 ait:
174 1567 385 1634 «intellectus
415 1580 519 1631 autent
556 1565 687 1652 qualiter
723 1585 742 1629 a
774 1564 847 1631 ioris
879 1569 1012 1636 existens

89 1685 105 1715 ι
136 1671 167 1724 et
188 1670 344 1744 tentquarn
366 1655 587 1742 superpositus,
609 1665 639 1718 et
663 1669 766 1718 tamen
788 1659 1011 1723 connaturalis?

88 1773 110 1804 ι·
134 1746 169 1812 Et
190 1749 260 1832 quia
284 1757 391 1809 natura
415 1743 510 1830 ipsius
539 1743 632 1808 hahet
667 1743 793 1828 quidem
831 1746 1010 1812 naturuliter

88 1864 102 1894 ι
134 1856 213 1913 ense,
235 1834 351 1900 seilicet
373 1845 475 1897 return
498 1845 529 1896 et
551 1831 685 1918 potentia
712 1835 825 1910 omnia,
850 1834 929 1898 hene
941 1835 1009 1900 linit

87 1953 101 1981 ι·
133 1938 164 1992 ct
185 1924 334 2011 superius.
359 1919 425 1986 Non
448 1921 531 1986 enirn
565 1921 607 1986 sic
642 1920 857 2009 accipiendum
891 1937 938 1988 est
974 1937 1011 1990 ut

87 2040 102 2072 s
133 2034 236 2101 neque
257 2015 295 2078 sit
317 2013 383 2100 ipse
406 2011 490 2100 (hon
512 2009 678 2096 litigiosum
712 2022 758 2075 cst
795 2012 915 2097 enirn),
952 2015 1007 2079 ced

87 2131 103 2161 2
122 2118 167 2170 -ut
187 2100 354 2191 quamdam
375 2098 552 2187 potentiam,
574 2100 653 2165 sieut
674 2099 767 2165 etiam
800 2100 831 2166 ia
865 2104 1010 2167 materia·-

139 2260 179 2325 (tt
196 2260 343 2315 Secundum
361 2256 490 2311 Her-moini
508 2256 617 2311 Barbari
636 2256 887 2326 interpretationem:
906 2259 1012 2315 nPlane

85 2333 220 2386 lucturum
239 2331 286 2386 hec
305 2332 359 2382 loco
379 2331 418 2380 nie
437 2328 654 2399 operaepretium
666 2328 819 2395 arhitror‚si
831 2331 911 2382 verba
925 2330 1014 2384 Theo.

87 2404 189 2473 phrasti
208 2404 240 2454 tle
257 2402 389 2455 intellectu
407 2399 542 2468 potestatis
560 2406 586 2451 et
613 2406 705 2467 ugente
736 2408 896 2471 praetenero.
915 2401 954 2453 De
973 2404 1011 2455 in·

89 2476 197 2527 tettoetu
213 2474 302 2543 itaque
319 2471 455 2543 potestatis
471 2469 536 2523 haee
552 2468 623 2524 dicit:
644 2489 659 2519 u
676 2469 744 2522 Cum
759 2468 906 2525 intellectus
923 2473 1010 2541 inquit

91 2546 191 2599 hnurini
209 2545 368 2597 extrinsecus
396 2542 510 2609 amedat,
531 2554 645 2610 cumque
666 2547 799 2610 umquam
817 2544 952 2613 appositus
968 2545 1009 2596 in·

91 2623 234 2685 vectusque
251 2616 294 2681 sit,
312 2616 447 2684 quaeritur
465 2613 685 2682 quemadmodum
702 2613 854 2680 congenitus
877 2614 950 2667 nohis
968 2614 1010 2667 dit

91 2694 176 2753 eatur,
193 2688 297 2739 demum
316 2700 444 2755 quaenam
462 2682 631 2737 conformatio
649 2689 776 2735 naturave
792 2687 848 2752 q'us
871 2686 913 2737 sit.
931 2684 1008 2740 Certe

90 2759 118 2811 id
136 2758 206 2829 quod
223 2757 327 2817 dicitur,
345 2756 409 2808 nihil
434 2763 496 2825 actu
524 2769 579 2808 esse
607 2754 779 2820 intellectum,
807 2755 851 2808 sed
879 2762 1008 2825 potestate

90 2830 187 2895 omnia,
204 2835 273 2881 reete
291 2827 416 2880 hactenus
433 2826 538 2893 dieitur,
554 2834 685 2894 quatenus
702 2825 772 2878 etin
790 2840 876 2896 seusu3
896 2842 950 2880 non
967 2835 1008 2881 ta·

91 2915 151 2954 men
169 2914 252 2971 usque
269 2914 300 2952 eo
317 2897 443 2951 adenem
462 2896 662 2951 rescandum
681 2903 731 2963 est,
760 2912 845 2968 neque
871 2904 925 2952 tam
943 2898 1010 2951 nihil

92 2979 152 3025 actu
172 2970 330 3041 probandus,
349 2974 379 3020 ut
397 2983 481 3037 nequa
498 2969 606 3039 ipsemet
625 2968 667 3035 sit,
688 2969 817 3022 calumnia
848 2968 912 3023 haee
940 2978 1008 3023 meet

92 3050 118 3094 et
137 3042 220 3095 oratio
237 3038 394 3094 contentioni
411 3039 554 3109 carilioque
571 3040 699 3107 proximu
711 3039 756 3091 sed
768 3040 805 3096 ita
814 3040 1008 3109 intelligendum

93 3120 123 3166 nt
141 3114 168 3167 in
186 3112 273 3166 animo
290 3112 349 3164 talia
367 3110 494 3179 quaedam
511 3110 552 3163 sui
570 3111 671 3179 generis
724 3111 805 3163 tentia
822 3114 857 3164 sit
879 3128 928 3182 pro
945 3105 1016 3164 suh·x

89 3186 159 3251 ieeto
176 3182 320 3238 turmarum
339 3196 369 3234 ac
386 3183 494 3249 premio,
512 3182 596 3251 qualia
614 3182 642 3233 in
659 3126 738 3234 reiis
767 3178 945 3236 materialibus
973 3183 1011 3235 ln·
1088 3184 1094 3195 '

92 3257 176 3309 cultae
194 3255 241 3309 nte
255 3261 296 3307 eat
312 3266 380 3324 quae
397 3252 575 3307 constitutioni
585 3266 675 3305 earum
690 3258 717 3304 et
727 3254 885 3306 coneretimi
895 3254 1010 3306 subsur-

93 3328 173 3384 nitur.
189 3325 272 3379 Porro
289 3324 360 3395 quod
377 3322 473 3377 dicitur
490 3328 602 3377 mentam
621 3322 782 3378 extrinsecus
811 3325 940 3394 secedere,
959 3340 1012 3377 non

93 3400 129 3451 ite
146 3398 314 3453 statuendum
332 3400 371 3449 est
389 3400 419 3447 ut
436 3394 482 3467 qui
499 3409 560 3449 rere
578 3394 702 3465 appositio
729 3396 898 3465 invectusque
915 3394 1011 3451 hahea-

94 3477 149 3536 tur‚
166 3468 212 3522 sed
229 3474 261 3525 ut
278 3468 323 3538 qui
347 3465 435 3519 statim
465 3464 499 3519 ab
527 3472 588 3518 ortu
614 3463 689 3535 quari
716 3464 934 3537 comprehendere
965 3466 1016 3517 nos'

94 3538 420 3612 complectique-solent·
448 3554 463 3571 .‚
488 3566 491 3571 ·
556 3538 560 3551 ’
890 3562 894 3571 ·
921 3564 925 3571 -
