2484 3975
434 253 489 297 aas.
514 252 551 297 tt.
576 252 640 299 aaa.
664 252 702 299 tx.
982 232 1024 297 t7

170 318 319 389 Similiter
341 320 444 399 etiam,
460 321 544 407 quod
560 321 644 385 idem
661 319 826 407 Apostolus
841 318 926 400 diuit,
936 318 1022 407 quod

101 413 184 478 Deus
208 411 362 477 Christum
386 425 511 497 propter
534 410 685 496 passionis
710 408 854 473 meritum
869 409 1025 491 exaltpvit,

100 500 247 587 Philipp,
264 500 297 578 d,
312 498 383 577 8-9,
406 497 444 563 ad
468 498 639 563 humanum
664 512 807 563 naturam
824 496 1024 563 referendum

101 603 157 666 est,
180 591 211 654 in
235 608 295 674 qua
319 585 420 653 luerat
442 586 600 651 humilitas
624 586 784 672 passionis:
796 584 881 651 unde
897 600 927 651 et
938 586 1023 672 quod

100 677 252 744 subditur:
276 676 410 753 Douuut‘t
431 674 481 738 itta·
502 696 614 741 nomeu
637 677 720 760 quod
742 685 788 739 eat
820 687 914 759 tttper
936 694 1025 741 omne

99 766 283 845 numerand
308 762 578 830 hooreierendum
603 763 758 851 estquod
799 784 914 829 nomen
949 784 1024 829 oon-

101 856 229 921 venieus
252 853 329 919 Filio
352 872 389 918 ert
413 853 569 919 nativitate
608 867 734 919 aeterna
762 850 1025 917 manifestandum

101 957 194 1020 esset,
216 944 247 1008 in
271 941 332 1007 fide
355 941 554 1027 populorum,
576 943 741 1008 contenire
758 941 835 1004 Filio
855 941 1026 1007 incarnato.

167 1032 228 1097 Per
250 1029 333 1117 quod
357 1042 387 1095 et
409 1030 607 1096 manifestum
630 1030 785 1116 estquod
809 1029 840 1094 id
869 1029 953 1115 quod
977 1029 1024 1095 di·

101 1122 142 1187 uit
166 1120 284 1197 Petrus,
307 1119 390 1204 quod
415 1119 617 1185 Deuslesum
636 1120 790 1186 Christum
805 1131 837 1183 et
852 1118 1024 1185 Dominum

101 1209 183 1288 lecit,
206 1208 245 1273 ed
279 1208 390 1273 Filium
413 1206 611 1275 referendum
636 1224 682 1275 est
717 1207 890 1274 seeundum
914 1209 1024 1273 huma

101 1320 174 1365 nam
199 1312 350 1376 naturam,
373 1298 404 1361 iu
428 1318 488 1383 qua
513 1299 625 1385 incepit
649 1299 678 1364 id
693 1298 808 1363 hahere
824 1318 861 1362 ex
885 1311 1026 1385 tempore

102 1386 187 1477 quod
210 1387 242 1453 in
264 1399 373 1452 natura
397 1385 564 1453 divinitatis
587 1387 695 1451 habuit
718 1385 758 1451 ab
782 1400 921 1451 aeterno.

167 1475 258 1559 Quod
281 1476 375 1540 etiam
399 1473 733 1541 Sabelliusintroduoit
756 1473 796 1539 de
819 1476 936 1539 unitate
958 1473 1025 1540 del-

101 1567 179 1631 tatis:
202 1564 295 1641 Audi,
318 1563 428 1629 darual:
453 1563 605 1629 Dominus
630 1564 714 1630 Deua
735 1574 850 1642 noster,
874 1563 1026 1629 Dominus

98 1674 181 1719 uuus
204 1662 259 1731 est,
283 1652 421 1730 Dantem,
444 1651 475 1729 l,
499 1656 534 1731 l,
556 1667 596 1717 et:
628 1653 732 1717 Videte
754 1652 837 1737 quod
875 1672 928 1737 epo
966 1654 1026 1717 sim

99 1744 331 1817 seinamma
354 1741 499 1807 titoliua
525 1741 610 1808 Deus
633 1752 761 1826 praeter
794 1761 854 1819 me,
888 1741 1026 1820 Demea,
1074 1738 1077 1742 ’

102 1832 157 1906 32,
181 1830 234 1907 59,
257 1830 427 1895 sententiae
461 1830 632 1896 oatholieae
664 1830 737 1895 hdei
761 1849 825 1895 non
863 1846 1026 1917 repugnat,

102 1939 183 2004 quae
207 1919 329 1983 Patrem
353 1934 383 1981 et
407 1918 518 1983 Filium
543 1940 606 1985 non
630 1919 709 1985 duos
732 1917 818 1999 deos,
848 1919 904 1985 sed
928 1940 1025 1985 unum

102 2009 205 2075 Deum
229 2027 296 2074 esse
320 2006 494 2087 confitetur,
518 2024 551 2074 ut
574 2008 690 2076 diorum
713 2021 769 2073 est.

170 2096 317 2162 Similiter
339 2098 444 2172 etiam,
466 2098 550 2183 quod
574 2098 695 2164 dieitur:
719 2096 814 2162 Putet
835 2097 867 2162 itt
890 2118 940 2164 me
962 2118 1026 2164 mu·

101 2207 178 2252 near
199 2187 266 2271 ipse
286 2185 364 2270 [uuit
385 2205 491 2270 opero,
514 2198 543 2252 et
559 2186 622 2273 Epo
644 2189 677 2252 in
702 2185 805 2264 Putre,
827 2187 972 2266 etPuter,
994 2190 1028 2252 itt

101 2295 152 2340 me
174 2287 229 2354 est,
251 2275 351 2352 ioan,
375 2274 428 2352 tt,
453 2276 504 2354 lu,
528 2296 591 2341 nou
614 2275 748 2342 ostendit
785 2276 935 2340 unitatem
957 2295 1027 2363 per·

101 2383 208 2442 sonae,
231 2377 264 2428 ut
287 2362 410 2428 volebat
432 2363 595 2440 Sabadius,
618 2365 673 2430 sed
697 2364 847 2429 unitatem
864 2365 1027 2443 esseutiae,
1139 2396 1143 2404 =

101 2473 197 2538 quam
219 2452 308 2518 Arius
331 2453 473 2535 negabat.
497 2451 528 2517 st
553 2453 638 2518 enim
672 2467 752 2518 esset
792 2472 870 2520 una.
894 2472 1027 2540 persona

101 2541 201 2608 Putris
223 2553 255 2606 et
277 2539 355 2613 Filii,
378 2560 441 2608 non
464 2560 601 2625 congrue
639 2540 795 2606 diceretur
834 2541 926 2606 Pater
959 2561 1027 2607 osse

76 2668 77 2671 =
103 2633 135 2696 in
160 2631 239 2696 Filio
260 2641 292 2694 et
314 2627 408 2693 Filius
431 2629 462 2693 in
486 2627 586 2708 Putre,
602 2648 674 2694 oum
688 2648 752 2694 non
768 2628 888 2696 ditatur
903 2629 1028 2717 proprie

102 2719 185 2785 idem
208 2718 402 2804 suppositum
426 2717 457 2782 in
480 2718 582 2805 seipso
606 2738 685 2797 esso,
711 2715 768 2782 sed
782 2717 884 2782 solum
907 2719 1027 2785 ratione

102 2808 247 2895 partium.
270 2806 349 2888 Quia
373 2805 456 2870 onitu
481 2822 583 2894 partes
605 2807 638 2872 iu
662 2819 727 2873 toto
764 2821 836 2873 sunt
873 2819 905 2872 et
941 2806 1027 2893 quod

102 2896 247 2962 contenit
269 2893 407 2982 partibus
429 2895 508 2962 solet
529 2897 654 2962 attribui
677 2895 744 2975 toti,
771 2895 958 2981 qtraudoque
981 2898 1026 2961 di·

102 2987 182 3051 oitur
203 2983 329 3069 aliquod
352 2997 449 3049 totum
473 3005 540 3050 esse
564 2986 595 3049 in
618 2985 731 3072 seipso.
754 2983 810 3050 Hie
836 2998 941 3051 autern
958 3005 1026 3051 mo·

100 3073 159 3140 dus
181 3072 328 3161 loquendi
351 3091 415 3138 noa
438 3073 584 3159 competit
616 3074 647 3138 in
682 3073 809 3153 diuinis,
844 3075 877 3139 in
911 3074 1027 3158 quibus

101 3176 203 3250 partes
225 3182 292 3228 esse
314 3180 379 3226 nou
401 3176 538 3248 possunt,
563 3175 597 3227 ut
619 3176 778 3228 ostensum
816 3176 863 3227 est
885 3161 920 3246 (l.
946 3166 976 3242 t,
999 3185 1027 3229 c.

101 3251 170 3338 ⁰20).
194 3249 387 3336 Relinquitur
409 3252 606 3334 irritum-oum
629 3250 775 3317 Pateria
807 3250 884 3316 Filio
923 3266 954 3314 et
975 3251 1027 3316 Fi·

102 3340 161 3406 lius
184 3340 214 3404 in
238 3338 329 3404 Patre
351 3358 419 3405 esse
458 3338 587 3418 dicatur,
620 3339 705 3425 quod
740 3338 831 3406 Pater
864 3352 896 3404 et
930 3338 1026 3406 Filius

103 3449 166 3495 non
189 3429 249 3494 sint
272 3426 355 3494 idem
377 3429 548 3515 supposito.
586 3427 648 3493 Sed
682 3446 720 3493 ex
756 3427 815 3494 hou
853 3429 1027 3496 ostenditur

105 3516 190 3603 quod
212 3516 310 3588 Patris
333 3528 363 3585 et
385 3517 453 3586 Filii
491 3517 529 3586 sit
567 3515 701 3588 essentia
735 3534 809 3586 uua.
841 3516 907 3587 lloo
940 3519 1025 3587 enim
