2484 3975
206 194 272 259 not
578 211 769 259 nissenrnrro

202 304 292 349 num.
326 279 379 357 67,
413 278 495 367 apud
532 278 673 347 bollandi
713 279 1022 359 connumerasse
1052 280 1141 347 diem*

202 392 243 436 vn
268 372 381 435 mensis
406 370 515 434 martii:
547 369 691 435 «Frater
726 371 849 450 Antoni,
882 391 944 455 ego
981 368 1025 435 lui
1062 391 1135 435 cum

201 488 216 519 s
247 462 353 525 Fratre
377 458 498 523 Thema
523 457 662 535 Parisiis,
685 473 716 523 et
741 480 847 524 eoram
870 460 939 525 Deo
962 458 1033 523 dieo
1050 458 1134 545 quod

201 576 216 608 s
247 569 408 633 nunquam
433 547 494 611 ridi
520 547 683 613 hominem
708 563 811 613 tentae
836 549 976 633 puritatis
998 562 1029 614 et
1060 568 1137 634 pau·

202 665 217 697 »
249 637 374 725 portatis
399 651 585 714 amatorem
609 638 673 723 qui,
699 656 770 701 eum
793 638 942 703 scriberet
965 648 1136 723 etcompo·

203 754 217 785 ι
250 740 338 791 neret
355 724 482 789 Librum
505 735 612 789 contro
629 725 776 803 Gentiles,
789 746 850 789 non
864 721 997 790 habebat
1013 726 1137 789 chartas

203 843 217 874 s
248 814 302 879 sed
328 816 357 877 in
382 812 537 879 schedulis
560 814 681 899 scripsit
705 814 808 896 ipsum
832 841 864 878 ».
890 814 1023 879 Parisios
1053 812 1135 878 Tho·

202 924 270 967 mas
295 902 508 989 proficiscitur,
531 922 614 966 anno
641 902 739 979 illd,
764 902 868 986 ibique
889 902 1022 986 degitad
1040 902 1135 966 [inem

203 993 275 1057 anni
303 991 399 1067 tatu,
423 1010 527 1055 sacrae
552 989 744 1075 Theolcgiae
769 992 890 1055 auditor
917 992 978 1055 sub
1016 991 1133 1056 Alberti

203 1082 304 1165 Magni
330 1080 498 1165 disciplina.
523 1078 557 1143 ln
581 1080 806 1166 amplissimam
829 1080 1009 1164 remigravit
1022 1081 1133 1145 urbem

205 1191 288 1233 anno
315 1169 410 1246 tabe,
434 1188 495 1253 quc
511 1188 628 1252 agones
640 1168 842 1233 scholasticos
856 1190 911 1253 pro
928 1167 1133 1255 adsequenda

204 1259 371 1342 magisterii
395 1257 494 1341 gradu
517 1258 670 1322 sustinere
685 1258 797 1343 caepit.
810 1256 947 1321 Dissidio
959 1257 1132 1343 composito

108 1421 112 1426 ,
204 1346 289 1432 qnod
315 1345 498 1431 parisienses
523 1345 697 1411 Academici
720 1358 881 1410 moverant
914 1360 1021 1411 contra
1057 1346 1133 1411 Fra·

206 1450 266 1499 tres
290 1434 508 1512 Mendicautes,
532 1436 653 1499 nonnisi
677 1455 759 1499 anno
785 1434 935 1499 luccam
951 1434 1134 1519 insequente

206 1524 291 1588 1257
330 1522 454 1587 allectus
493 1524 748 1607 renuntiatusque
788 1524 955 1608 magister,
991 1522 1132 1588 scholam

206 1612 396 1697 Theologiae
420 1615 546 1676 nomino
569 1632 627 1675 suo
652 1612 740 1676 rexit.
757 1611 829 1678 Post
860 1612 1030 1688 biennium,
1054 1612 1134 1694 regi-

204 1720 279 1767 men
302 1700 438 1778 sehclae,
462 1720 517 1787 pro
542 1720 640 1777 more,
678 1702 770 1767 cessit
807 1701 873 1765 aliis
887 1722 896 1777 ;
910 1701 1051 1769 discedit
1074 1700 1133 1767 Pa-

204 1791 294 1867 risiis,
319 1789 484 1874 Religionis
508 1802 538 1853 et
560 1786 686 1853 Ordinis
723 1790 848 1873 negotia
882 1790 954 1855 alibi
979 1802 1130 1874 petracta-

207 1893 304 1955 turus,
327 1900 363 1943 ae
387 1879 514 1943 demum
538 1879 567 1941 in
598 1877 718 1943 ltaliam
752 1878 927 1956 revertitur,
960 1878 1042 1943 Petri
1081 1898 1134 1943 ca-

206 1967 349 2033 thedram
388 1980 511 2032 tenente
550 1965 676 2032 Urbano
716 1966 764 2033 tv.
788 1968 832 2032 bd
857 1968 958 2053 ipsum
984 1968 1134 2054 parisien·

205 2077 240 2122 se
264 2057 471 2142 gymnasium,
494 2056 631 2122 secunda
655 2057 721 2120 rice
744 2056 928 2139 regendum,
946 2077 1030 2121 anno
1047 2056 1134 2122 {269

204 2147 318 2210 missus
341 2160 396 2221 est;
425 2144 609 2230 expletoque
648 2165 790 2222 munere,
828 2145 859 2211 in
896 2144 1013 2209 ltaliam
1049 2166 1133 2212 anno

206 2235 305 2313 1271,
343 2235 521 2300 revertitur.
561 2233 646 2298 llanc
683 2254 742 2318 ego
776 2234 1061 2320 chronographiam
1098 2234 1133 2300 in

206 2324 273 2388 aliis
296 2323 570 2400 dissertationibus,
603 2335 749 2388 ,veterum
774 2322 1063 2406 probatissimorum
1086 2338 1133 2388 te·

205 2415 299 2478 stium
340 2409 411 2490 lide,
447 2411 542 2477 voluti
562 2413 727 2476 certiorem
753 2410 875 2494 digessi.
913 2410 982 2492 Qua
1019 2408 1131 2498 posita,

206 2500 320 2568 laudati
344 2501 515 2582 Scriptores
538 2500 611 2579 duo,
636 2500 833 2565 Ptolomaeus
856 2499 989 2566 lucensis
1012 2513 1043 2567 et
1078 2499 1132 2564 Ni·

205 2591 311 2656 colaus
335 2589 374 2654 de
397 2588 579 2667 llarsiliaec,
601 2592 654 2675 qui
678 2589 801 2655 tradere
824 2591 1029 2673 repugnantia
1045 2589 1130 2654 vide·

206 2694 267 2752 tur,
290 2678 435 2744 facillimo
461 2680 584 2763 negotio
610 2681 747 2744 revocari
771 2677 811 2742 ad
833 2678 1035 2744 concordiam
1060 2699 1131 2764 pos-

205 2781 286 2833 sunt.
312 2768 435 2833 Parisiis
458 2787 581 2854 nempe,
605 2781 673 2853 post
696 2786 813 2830 annum
839 2765 926 2830 taus
951 2767 999 2831 rel
1037 2769 1132 2832 etiarn

208 2857 306 2934 tneo,
329 2876 407 2942 opus
431 2871 536 2922 eontra
560 2855 699 2920 Gentiles
723 2855 828 2921 artiore
852 2854 1038 2920 moliebatur
1049 2855 1134 2920 Tho·

207 2966 275 3034 mas
300 2947 464 3031 ipsumque
487 2945 650 3010 delineare
675 2946 842 3031 inceperat,
866 2959 900 3006 ut
926 2943 1068 3008 Nicolaus
1094 2942 1135 3006 de

205 3032 375 3098 Marsihaoo
393 3038 536 3108 'testatum
559 3033 644 3120 quod
678 3034 717 3098 ab
752 3035 819 3118 ipsc
853 3030 981 3115 demum
1019 3032 1135 3097 reduce

205 3125 239 3186 in
263 3122 391 3200 ltaliam,
415 3137 482 3207 post
505 3141 621 3186 annum
647 3119 956 3207 l261,completum
979 3135 1025 3186 est
1063 3140 1135 3207 per-

209 3210 401 3297 fectumque,
424 3224 500 3275 teste
524 3209 714 3275 Ptolomaeo.

274 3299 378 3365 Refert
401 3297 573 3363 bodonicus
612 3296 839 3364 Valleoletanus
876 3317 915 3362 eo
949 3298 1135 3382 Aquinatem

207 3399 347 3474 tempore
370 3389 401 3452 in
426 3387 517 3471 hujus
540 3386 643 3472 operis
666 3387 932 3452 elucubrationem
946 3386 1137 3466 incubuisse,

204 3496 278 3550 cum
301 3477 341 3540 ad
364 3495 504 3542 mensam
528 3475 559 3540 S.
599 3475 757 3556 budcvici,
793 3476 982 3542 Francorum
1021 3475 1138 3560 Regis,
