2484 3975
414 257 450 300 ns
474 255 671 301 rnrsnntrtrn
694 257 784 301 nunni
816 317 819 323 Ι
993 239 1059 305 619

202 326 375 404 Praeterea,
398 329 597 412 supponatur
620 325 704 413 quod
727 324 805 390 ordo
840 325 878 390 ad
915 324 991 392 nibil
1026 330 1057 394 in

137 415 344 502 propositione
367 417 547 500 importatus
570 427 730 480 remaneat
752 411 931 492 affirmatus,
964 429 998 482 ut
1020 419 1059 483 sit

136 523 254 570 sensus:
277 503 423 571 Creatura
445 503 523 570 laeta
546 515 592 568 est
615 523 653 568 ex
676 503 782 583 nihilo,
805 502 883 571 iden
910 503 989 570 laeta
1012 521 1059 572 est

135 607 204 676 pust
226 593 311 670 nibil,
336 594 412 659 haee
434 592 526 658 dictio
545 603 618 678 post
640 593 782 657 ordinem
809 594 954 680 importat
969 595 1058 660 abso·

133 680 206 747 lute.
230 680 290 746 Sed
315 681 392 747 ordo
416 681 576 769 multiplex
599 695 656 760 est,
679 681 796 747 seilioet
833 682 1058 775 durationiset

132 777 270 835 naturae.
294 770 325 836 Si
350 771 441 856 igitur
464 791 504 836 ex
526 772 686 838 communi
721 782 752 835 et
792 772 958 838 universali
993 794 1055 840 nou

132 860 269 945 sequitur
291 859 450 947 proprium
475 873 505 925 et
528 858 723 947 particulare,
747 880 809 925 non
833 861 891 925 erit
914 881 1055 928 neeessa-

134 947 213 1013 rium
237 962 281 1025 ut,
304 962 429 1037 propter
452 949 512 1015 boe
535 949 617 1036 quod
641 962 781 1015 ereatura
804 969 872 1015 esse
899 964 967 1036 post
980 952 1055 1017 nibil

132 1036 253 1112 dieitur,
276 1039 361 1125 prius
384 1038 547 1104 duratione
569 1037 663 1103 luerit
685 1037 762 1103 nibil
784 1051 814 1104 et
826 1052 932 1124 postea
964 1038 1056 1106 luerit

132 1123 258 1210 aliquid3
281 1125 337 1192 sed
359 1125 469 1192 suffieit
491 1127 516 1192 si
540 1129 625 1216 prius
649 1139 759 1192 natura
782 1127 821 1192 sit
848 1127 925 1192 nibil
961 1148 1054 1215 quarn

132 1233 198 1280 ens.
222 1215 311 1280 Prius
333 1216 417 1282 enim
440 1217 518 1282 inest
552 1216 719 1302 unicuique
756 1215 937 1282 naturaliter
970 1220 1055 1303 quod

131 1305 274 1370 convenit
308 1303 365 1370 sibi
389 1305 419 1371 in
443 1325 476 1371 se
499 1327 591 1392 quam
614 1303 698 1392 quod
713 1305 814 1370 solum
828 1305 937 1371 exalio
952 1305 1055 1372 babet.

130 1391 203 1458 Esse
225 1405 328 1458 autem
353 1413 415 1460 non
439 1394 532 1460 babet
555 1407 697 1461 ereatura
732 1393 790 1459 nisi
815 1394 854 1460 ab
890 1395 962 1472 alio;
997 1397 1055 1462 sibi

130 1495 233 1547 autem
258 1481 372 1559 relicta,
395 1483 426 1548 iu
450 1504 484 1550 se
522 1481 724 1560 considerata,
761 1483 838 1549 nihil
877 1496 931 1549 est.
968 1483 1056 1551 Unde

129 1570 214 1654 prius
239 1570 419 1638 naturaliter
442 1573 520 1637 inest
542 1572 600 1638 sibi
631 1570 708 1637 nibil
745 1591 839 1656 quam
880 1592 957 1638 esse.
992 1573 1056 1640 Nee

128 1671 248 1744 oportet
271 1658 354 1746 quod
377 1677 501 1750 propter
524 1660 584 1726 boe
607 1659 646 1725 sit
681 1659 774 1725 simul
814 1660 889 1726 nibil
923 1674 956 1727 et
989 1684 1054 1743 ens,

127 1748 198 1832 quia
222 1747 384 1840 duratione
407 1771 469 1814 non
493 1749 670 1836 praesessio
696 1767 760 1812 non
797 1751 881 1814 enim
919 1751 1055 1838 ponitur,

126 1836 150 1900 si
174 1850 313 1902 ereatura
336 1857 460 1925 semper
483 1837 549 1918 luit,
574 1850 607 1904 ut
629 1837 661 1902 in
677 1836 780 1924 aliquo
806 1851 947 1925 tempore
977 1841 1054 1907 nibil

126 1925 175 2007 sit,
198 1925 253 1992 sed
277 1927 401 2014 ponitur
422 1926 506 2013 quod
541 1939 650 1994 natura
682 1925 753 2012 ejus
786 1940 832 1995 est
868 1927 935 1995 talis
971 1932 1054 2017 quod

126 2030 208 2081 esset
231 2016 318 2096 nibil,
349 2019 373 2082 si
412 2016 469 2083 sibi
508 2018 742 2104 relinqueretur,
776 2030 820 2093 ut,
854 2017 880 2083 si
914 2018 1054 2087 dieamus
1146 2053 1148 2056 ·

127 2124 230 2170 aerem
253 2126 377 2195 semper
398 2106 491 2173 luisse
514 2107 720 2177 illuminatum
743 2126 759 2171 a
783 2106 859 2183 sole,
900 2108 1053 2193 oportebit

127 2194 229 2259 dicere
252 2196 335 2281 quod
359 2216 413 2261 aer
436 2210 481 2261 est
504 2195 600 2261 laetus
624 2193 744 2260 lucidus
767 2216 784 2261 a
810 2195 886 2273 sole;
909 2210 950 2270 et,
982 2198 1052 2283 quia

126 2304 220 2349 omne
241 2285 326 2370 quod
350 2284 383 2350 fit
406 2305 443 2350 ex
468 2284 692 2369 incontingenti
716 2283 898 2359 baldeae!
915 2286 1051 2370 eoquod

127 2393 189 2437 non
215 2374 362 2457 contingit
387 2373 478 2438 simul
503 2393 573 2439 esse
595 2392 667 2436 cum
692 2392 729 2437 eo
753 2371 836 2457 quod
851 2373 1052 2452 dieiturfieri‚

125 2462 278 2547 oportebit
301 2461 404 2527 dicere
427 2462 511 2548 quod
534 2464 572 2527 sit
593 2460 690 2527 laetus
714 2461 833 2550 lucidus
857 2482 894 2526 ex
919 2483 980 2527 non
1006 2463 1052 2528 lu·

124 2549 193 2615 cido
218 2552 264 2617 vel
287 2551 463 2628 tenebroso,
486 2572 548 2617 non
572 2551 612 2617 ita
639 2549 722 2638 quod
760 2571 920 2637 nunquam
960 2551 1052 2618 luerit

123 2658 186 2703 non
210 2639 330 2706 lueidus
354 2640 401 2705 rel
426 2641 619 2717 tenebrosus,
642 2638 698 2704 sed
721 2640 792 2725 quia
816 2652 897 2705 esset
924 2640 1003 2719 talis,
1026 2643 1051 2707 si

122 2727 179 2791 sibi
204 2729 259 2793 soli
283 2729 520 2814 relinqueretur;
545 2742 573 2794 ει
598 2728 658 2793 boe
699 2728 872 2813 expressius
911 2743 996 2817 patet
1019 2730 1050 2796 in

121 2816 215 2882 stellis
238 2830 269 2882 et
292 2818 429 2897 orbibus,
453 2818 515 2904 qui,
530 2836 655 2904 semper
680 2815 893 2882 illuminantur
931 2839 948 2884 a
973 2819 1049 2884 sole.

189 2904 550 2993 Sicergopatetquod,in
561 2907 618 2971 boe
632 2904 714 2992 qnod
728 2904 840 2971 dieitur
855 2906 971 2992 aliquid
987 2906 1050 2973 sne·

121 3007 186 3058 turn
196 3014 262 3061 esse
274 3016 290 3061 a
304 2995 370 3060 Deo
383 3009 412 3060 et
428 3015 584 3081 nunquam
599 3015 661 3060 non
674 2992 777 3073 luisse,
794 3014 858 3059 non
873 2994 1050 3063 estintelle-

121 3098 187 3149 rtus
199 3083 300 3170 aliqua
314 3086 525 3171 repugnantia.
539 3084 569 3148 Si
584 3084 753 3148 enimesset
764 3080 865 3169 aliqua
875 3104 1049 3171 repugnan-

123 3173 174 3244 tia,
189 3174 302 3237 mirum
310 3186 355 3237 est
364 3173 522 3259 quomodo
533 3173 719 3257 Augustinus
732 3192 800 3237 eam
814 3192 876 3236 non
886 3174 1048 3260 vidit,quia

121 3259 414 3327 lraeoellicaeissima
427 3264 475 3327 via
487 3273 567 3327 esset
578 3260 617 3326 ad
630 3259 869 3346 improbandum
887 3264 1047 3327 aeternita-

121 3363 183 3415 tem
197 3349 316 3430 mundi,
328 3370 399 3416 oum
410 3364 512 3415 tamen
521 3352 586 3437 ipse
595 3349 698 3417 multis
708 3349 876 3414 rationibus
887 3350 1049 3437 impugnet

121 3438 1047 3519 aeternitatemmundi,inundecimoutduodecimodeCivi-

120 3526 255 3595 tatellei.
269 3528 353 3617 Hane
368 3542 470 3595 autern
484 3527 567 3596 unde
580 3529 708 3595 omnino
724 3528 953 3615 praetermittit?
965 3528 1047 3613 Quin
