2484 3975
249 218 316 286 tm
585 239 641 286 tro
667 239 876 288 incinunt.

251 309 379 396 conparis
407 307 552 374 Christi...
576 308 755 376 emundabit
785 309 1000 376 corescientiam
1036 320 1168 377 ttortrom

252 395 462 481 adoperitur
483 400 625 477 mortuis,
648 399 691 462 nd
724 400 919 464 serviendum
953 397 1017 463 Deo
1054 402 1168 479 nicenti,

251 484 357 563 Heba,
381 489 413 563 9,
438 486 489 550 lt.

316 575 437 653 Adiuro,
460 575 501 639 Ex
525 574 689 640 traditione
714 575 869 642 Ecclesiae
892 576 1043 642 docemur
1078 589 1167 642 totum

250 661 421 728 liumanum
445 684 544 745 penus
568 678 692 750 peccato
706 685 774 730 esse
787 663 946 731 iniectum.
960 663 1059 728 Habet
1071 680 1165 732 auten

249 751 309 816 lroc
332 752 410 816 ordo
433 753 556 816 divinae
583 754 733 837 justitiae,
757 767 789 818 ut
824 774 861 820 ex
894 753 1107 839 superioribus
1128 750 1164 832 [l.

249 839 281 919 3,
304 861 330 906 c
357 841 447 927 tot)
472 855 563 928 patet,
589 841 672 927 quod
695 854 856 928 peccatum
879 842 946 906 sine
969 841 1165 906 satisfactione

249 949 312 994 non
335 929 510 995 remittatur
532 950 549 994 a
575 930 652 994 Deo.
677 929 859 998 Satislaccre
890 945 993 996 autem
1026 951 1084 1016 pro
1106 951 1165 1017 pec·

248 1032 316 1082 cato
347 1020 439 1084 totius
478 1019 606 1084 humani
647 1021 770 1104 generis
808 1019 911 1084 nullus
947 1020 1042 1083 homo
1081 1039 1163 1120 purus

249 1120 380 1192 poterat,
402 1108 474 1192 quia
496 1108 626 1193 quilibet
654 1109 748 1172 homo
787 1128 882 1209 purus
918 1106 1034 1193 aliquid
1073 1109 1162 1172 minus

247 1209 369 1260 csttota
393 1199 515 1279 generis
539 1197 666 1267 humani
692 1198 897 1262 universitate
911 1195 1078 1282 Oportuit
1072 1198 1161 1281 igitur,

247 1283 287 1349 ad
310 1284 371 1350 hoc
392 1285 476 1371 quod
501 1285 674 1350 humanum
702 1303 801 1370 genus
824 1305 841 1349 a
865 1299 990 1372 peccato
1014 1286 1160 1350 communi

247 1372 441 1452 liberaretur,
463 1373 548 1458 quod
571 1373 681 1459 aliquis
703 1374 890 1440 satisfaceret
918 1376 969 1460 qui
1013 1387 1045 1436 et
1080 1375 1161 1438 homo

246 1475 337 1540 esset,
360 1463 408 1527 cui
434 1461 600 1528 satisfactio
627 1475 827 1548 competeret,
857 1478 887 1528 et
925 1463 1042 1549 aliquid
1079 1483 1160 1547 supra

248 1552 419 1628 nominem,
441 1565 474 1614 ut
497 1571 563 1634 epus
585 1553 730 1616 meritum
755 1549 907 1616 sufficiens
930 1569 1010 1616 esset
1022 1551 1062 1616 ad
1086 1552 1161 1616 satis

247 1638 423 1706 laciendum
459 1661 515 1726 pro
538 1651 664 1725 peccato
687 1640 780 1705 totius
803 1642 930 1706 humani
954 1643 1087 1725 generis.
1109 1639 1161 1704 lla·

244 1728 297 1814 jus
320 1746 423 1794 autem
448 1730 574 1794 hirmino
603 1743 755 1813 quantum
791 1728 829 1792 ad
865 1731 1005 1795 ordinem
1045 1729 1161 1796 heatitu-

247 1817 329 1882 diuis
351 1819 427 1883 nihil
449 1833 496 1882 cst
518 1817 575 1880 nisi
598 1817 686 1882 solus
709 1817 806 1893 Deum
837 1811 908 1882 nam
944 1817 1063 1902 Angeli,
1100 1817 1159 1882 licet

245 1907 306 1970 sint
328 1909 503 1994 superiores
526 1920 676 1993 quantum
701 1905 739 1970 ad
777 1907 987 1972 conditionem
1027 1921 1159 1982 naturae,

249 2010 439 2062 nontamen
463 2010 612 2083 quantum
637 1995 676 2060 ad
700 1994 841 2061 ordinem
866 1998 944 2075 linis,
968 1997 1039 2081 quia
1060 1996 1157 2060 codctn

247 2084 471 2150 beatificantur
497 2084 710 2151 Necessarium
745 2083 838 2169 igitur
872 2084 928 2149 luit
962 2086 1095 2163 homini,
1126 2081 1158 2146 ad

247 2173 469 2239 beatitudinem
493 2174 755 2259 consequendam,
783 2172 874 2273 quod
891 2173 974 2237 Deus
998 2174 1093 2237 homo
1114 2170 1158 2236 fic·

248 2276 295 2327 ret
316 2264 354 2326 ad
378 2277 537 2349 peccatum
561 2263 688 2327 humani
712 2262 835 2346 generis
858 2262 1039 2327 tollendum.
1058 2262 1091 2327 Et
1110 2261 1158 2324 hoc

246 2364 292 2415 cst
314 2354 397 2438 quod
419 2352 554 2417 loannes
580 2351 716 2436 Baptista
740 2350 816 2413 dixit
849 2352 888 2413 de
926 2350 1059 2416 Christo:
1095 2348 1157 2413 Ecce

245 2460 343 2524 opttus
371 2441 439 2519 Dei,
465 2440 607 2523 eccequi
630 2440 710 2503 tollit
729 2449 892 2521 peccatum
930 2440 1049 2518 mundi,
1071 2439 1157 2512 ioan..

247 2530 277 2606 l,
300 2529 353 2606 293
377 2544 407 2594 et
432 2528 599 2614 Apostolus
621 2528 703 2593 dicit:
740 2527 848 2629 Ipitur,
873 2529 951 2593 sicut
984 2550 1045 2615 per
1080 2528 1158 2593 unlus

246 2618 427 2684 delictum
414 2639 448 2683 tn
470 2637 575 2682 omnies
598 2617 770 2681 nomiaes'
757 2636 790 2679 m
818 2616 1158 2694 condemnationemsic

246 2718 277 2772 et
296 2728 355 2811 per
378 2709 467 2773 utrius
481 2705 640 2791 justitium
662 2705 695 2769 in
717 2725 821 2771 ornnes
845 2707 1021 2771 leomines
1010 2728 1042 2772 nt
1058 2704 1157 2792 justifr

245 2792 695 2874 cotionemoitoc,llom.,5‚
720 2794 771 2859 18.
1201 2804 1202 2809 ’

312 2885 424 2951 llaec
417 2888 510 2969 igitur
532 2896 603 2949 sunt
626 2896 656 2945 ct
690 2882 801 2949 similia
838 2904 875 2949 ex
912 2885 1025 2971 quibus
1063 2880 1202 3016 aliquit

243 2975 410 3075 concipere
433 2986 532 3058 potest
548 2970 750 3036 oonluisse
743 2991 950 3057 incongruum
977 2973 1100 3039 bonitati
1120 2956 1202 3033 dil

245 3062 335 3127 vinae
357 3064 459 3127 Deum
483 3060 644 3125 homiuem
671 3060 747 3141 lieri,
771 3062 827 3129 aad
863 3062 1153 3149 experientissimum

244 3150 338 3217 iecisse
361 3152 519 3217 humanae
542 3148 641 3215 saluti.
