2484 3975
412 234 465 280 cta
498 235 552 283 tto.
578 235 615 279 ιι.
640 235 735 281 artat.
981 220 1059 287 ‘985

192 300 385 369 Manifestum
409 318 455 369 est
478 306 581 369 ant'em
605 305 700 390 quod,
723 304 864 390 quamvis
888 308 993 393 populi
1009 312 1056 375 di·

125 393 321 478 tinguantur
334 413 388 480 per
400 393 536 459 diversas
551 393 709 459 dioeceses
732 408 763 458 ει
775 395 923 473 civitates,
939 412 1054 476 tamen,

125 481 203 547 sicut
226 496 272 547 eat
295 502 354 546 urta
379 483 523 559 Ecclesia,
547 482 586 547 ita
611 495 732 567 oportet
754 502 823 548 esse
860 505 957 549 unum
997 509 1052 573 po·

128 570 235 657 pulum
258 571 470 635 christianum.
494 570 578 637 Sicut
601 572 695 655 igitur
717 570 748 634 in
773 592 837 635 uno
859 574 985 658 speciali
998 595 1054 662 po·

126 661 200 746 pulo
225 661 314 725 unius
338 658 490 725 Ecclesiae
514 662 680 745 requiritur
703 680 785 724 unus
808 660 988 748 Episcopus,
999 667 1053 749 qui

125 748 162 813 sit
188 751 278 815 totius
303 749 407 836 populi
429 761 530 836 eaput,
554 750 594 813 ita
618 749 650 813 in
668 763 732 814 toto
756 751 870 835 populo
883 752 1052 819 christiano

124 838 292 923 requiritur
314 837 398 923 qnod
422 859 501 903 unus
525 838 563 902 sit
586 839 681 904 totius
705 838 858 903 Ecclesiae
880 854 983 926 caput.

191 926 278 1005 Item,
303 927 346 991 Ad
371 928 519 991 unitatem
544 926 696 992 Ecclesiae
718 929 886 1013 requiritur
908 931 992 1014 qnod
1018 952 1051 995 o·

125 1034 215 1079 mnes
239 1016 345 1081 fideles
369 1016 400 1079 in
425 1014 487 1081 fide
510 1015 896 1082 conveniantllircatcro
917 1038 1053 1105 eaquae

125 1102 198 1168 lidei
222 1119 293 1170 sunt
314 1106 463 1189 contingit
485 1107 682 1189 quaestiones
704 1106 838 1181 materh
874 1126 930 1191 per
952 1107 1052 1173 diaer-

123 1194 244 1258 sitatetn
262 1208 366 1259 autem
378 1196 601 1259 sententiarum
629 1195 818 1259 divideretur
827 1194 974 1269 Ecclesia,
991 1198 1049 1262 nisi

124 1280 155 1345 in
181 1285 327 1347 unitatem
341 1286 498 1368 peronius
520 1284 706 1347 sententiam
719 1299 965 1349 conservaretur.
981 1286 1048 1352 Eri,-

124 1371 217 1455 igitor
230 1392 304 1457 ergo
317 1372 354 1435 ad
370 1372 516 1437 unitatem
532 1370 683 1437 Ecclesiae
698 1371 954 1451 conservandam,
966 1376 1051 1459 qnod

122 1460 161 1523 sit
177 1482 256 1525 unus
271 1461 322 1547 qui
347 1461 400 1525 toti
425 1460 577 1527 Ecclesiae
593 1461 715 1547 praesit.
729 1460 925 1527 Manifestum
939 1480 985 1529 est
997 1484 1051 1528 au-

123 1561 186 1613 tern
199 1551 284 1635 qnod
297 1549 436 1615 Christus
453 1549 603 1614 Ecclesiae
615 1550 646 1613 in
663 1550 844 1613 necessariis
861 1552 1051 1625 nondeficit‚

122 1656 215 1722 quarn
230 1638 345 1716 dilexit,
358 1653 387 1703 et
401 1658 457 1723 pro
469 1659 505 1703 ea
522 1638 705 1722 sanguinem
722 1658 813 1701 suum
831 1637 920 1718 ludit,
935 1660 1007 1705 enm
1021 1656 1051 1705 et

122 1726 162 1789 de
185 1747 340 1813 synagoga
365 1728 485 1791 dicatur
506 1746 562 1813 per
585 1727 766 1792 Dominum:
793 1728 875 1806 Quid
897 1740 945 1792 est
966 1731 1049 1814 qnod

121 1814 216 1881 debui
248 1818 333 1880 ultro
355 1815 459 1899 [αεενε
480 1820 588 1881 uineae
604 1816 897 1900 rocacardensem
912 1817 957 1883 ei?
970 1818 1050 1897 lsai,

122 1900 154 1981 li,
177 1906 210 1969 ἵε.
232 1905 299 1970 Νοιι
325 1919 369 1969 εει
394 1907 486 1990 igitur
509 1904 716 1969 dubitandum
742 1904 817 1991 quin
852 1924 890 1970 ex
924 1908 1048 1972 ordina·

121 1994 206 2060 tione
229 1994 339 2061 Christi
364 2015 444 2059 unns
468 1996 521 2058 toti
546 1993 699 2060 Ecclesiae
723 1996 845 2080 praesit.

188 2083 307 2159 hdhuo,
330 2083 409 2148 Nulli
434 2083 563 2149 dubium
588 2103 657 2148 esse
679 2082 773 2148 dehet
795 2084 869 2169 quin
895 2084 1048 2151 Ecclesiae

120 2172 259 2258 regimen
284 2173 322 2238 sit
345 2173 461 2259 optime
484 2172 674 2249 ordinatum,
702 2184 807 2257 utpote
825 2194 880 2259 per
902 2193 975 2239 etun
1001 2175 1047 2239 di-

118 2262 270 2348 spositom
293 2281 348 2347 per
371 2281 464 2347 quern
488 2261 585 2346 Ilepes
607 2272 738 2346 reptent
761 2273 791 2324 ct
814 2263 916 2348 tapam
940 2264 1046 2328 eandi-

120 2361 202 2414 torea
225 2352 315 2435 justo
338 2351 516 2428 decernunt,
543 2351 702 2428 Proverh.‚
723 2349 757 2424 8,
793 2350 845 2414 tt.
885 2350 1046 2437 Optimum

119 2451 223 2504 autem
248 2440 387 2524 regimen
412 2439 618 2504 multitudinis
642 2452 689 2503 est
713 2452 746 2503 ut
780 2453 906 2523 regatur
932 2461 988 2526 per
1012 2462 1047 2505 n-

119 2547 206 2604 num;
228 2528 312 2614 qnod
336 2542 420 2615 patet
442 2547 486 2593 ex.
514 2527 575 2592 dne
599 2527 769 2610 regiminis,
802 2529 854 2612 qni
893 2542 939 2592 cst
975 2550 1047 2615 par:

119 2636 177 2703 pax
200 2621 282 2681 enim
305 2631 335 2682 et
357 2618 456 2682 unitas
479 2616 674 2682 subditorum
711 2630 757 2679 eat
794 2617 864 2681 linis
898 2622 1043 2701 regentis;

118 2705 243 2770 unitatis
267 2720 370 2770 autem
394 2706 615 2792 congruentior
648 2718 812 2770 causaest
846 2725 926 2772 unas
950 2726 1045 2791 quant

117 2793 217 2858 multi.
241 2794 435 2860 Manifestum
459 2809 504 2860 est
529 2795 623 2878 igitur
646 2793 785 2879 regimen
824 2792 978 2860 Ecclesiae
1001 2798 1045 2862 sic

117 2901 186 2948 esse
208 2883 389 2969 dispositum
415 2896 447 2947 ut
471 2899 550 2949 nnus
575 2883 627 2948 toti
651 2881 805 2947 Ecclesiae
828 2884 954 2969 praesit.

184 2973 336 3058 Amplius,
357 2971 489 3036 Ecclesia
513 2971 648 3037 militans
672 2991 710 3036 ea
745 2973 947 3059 triumphanti
988 2973 1045 3038 Ee·

116 3058 209 3124 clesia
234 3081 288 3147 per
311 3061 543 3126 similitudinem
570 3061 738 3136 derivatum
761 3062 888 3126 undeet
909 3062 1046 3128 loannes

117 3147 148 3213 in
172 3148 353 3235 Apocalypsi
364 3149 440 3215 uidit
451 3147 624 3216 ierusalem
640 3149 879 3214 descendentem
892 3150 932 3214 de
946 3152 1044 3231 eaelo,

116 3238 147 3302 e't
170 3237 265 3324 Moysi
289 3240 406 3304 dietam
430 3238 582 3322 estquod
610 3237 726 3302 laceret
742 3238 846 3301 onrrria
870 3239 1044 3306 seeundum

114 3328 274 3413 exemplar
297 3327 325 3391 ci
348 3327 379 3390 in
404 3340 510 3392 monte
533 3339 747 3390 monstratum.
771 3326 804 3390 ln
837 3326 1038 3412 triumphanti
1145 3391 1156 3402 ,

114 3429 219 3485 autctn
244 3415 376 3480 Ecclesia
401 3435 481 3480 nnus
505 3416 674 3500 praesidet,
694 3415 747 3501 qui
770 3415 864 3480 etiam
888 3418 1043 3502 praesidet

114 3503 145 3568 in
170 3518 234 3571 toto
256 3507 411 3582 universo,
434 3505 551 3572 scilieet
573 3503 669 3584 Deus3
706 3505 934 3571 diciturenim:
975 3505 1041 3591 Ipsi
