2484 3975
212 242 279 310 ‘ltu
588 263 760 311 onttscuuutt

211 335 243 400 id
266 333 349 421 quod
373 347 418 399 ost
440 333 479 399 ad
504 348 605 399 actum
630 335 759 409 dicatur,
791 353 918 398 necesse
954 343 1001 397 εει
1024 343 1058 398 ut
1081 353 1141 420 po

209 425 303 489 tentia
326 423 532 508 distinguatur
555 423 726 489 seeundum
751 422 781 489 id
812 422 894 507 quod
929 421 1065 508 potentia
1091 421 1140 486 di-

208 513 295 578 citur.
320 512 398 576 Dico
421 525 525 577 autem
550 512 588 576 ad
613 511 729 596 aliquid
752 512 853 595 primo
876 511 1044 596 potentiam
1061 510 1140 586 dici,

207 603 286 666 sicut
308 601 478 703 potentiam
503 602 629 666 visivam
652 602 692 664 ad
715 603 863 677 colorem,
887 621 948 663 non
973 613 1077 664 autem
1096 600 1139 664 ad

208 691 312 755 album
336 703 388 753 aut
409 691 543 774 arigium,
567 689 637 775 quia
661 689 770 756 eadem
796 701 841 753 εει
864 687 1035 774 susceptiva
1059 688 1139 752 utri

209 799 319 881 usqum
341 779 521 843 etsimiliter
543 778 720 864 superficies
744 791 790 844 est
823 779 995 869 susceptiva
1018 777 1139 842 albiet

209 868 289 952 nigri
312 867 486 932 secuudum
511 889 605 932 unam
629 869 809 954 potentiam,
831 885 911 952 quae
934 867 1036 952 primo
1059 865 1139 930 dici·

210 971 260 1022 tur
281 971 423 1042 respectu
445 956 567 1022 coloris.

277 1044 365 1110 Unde
387 1057 470 1130 patet
493 1044 603 1110 laisum
626 1063 694 1110 esse
719 1043 903 1146 principium
940 1041 1035 1143 quod,
1062 1063 1139 1128 sup-

210 1133 345 1235 ponebat
367 1133 549 1212 Avicebron,
572 1133 677 1198 dicam
701 1134 868 1240 potentiam
881 1131 1136 1218 etreceptioucm

208 1222 240 1287 in
263 1221 408 1288 omuibus
426 1222 540 1287 eodem
564 1222 688 1287 modo
681 1221 821 1288 inveniri.

524 1397 704 1465 untur
740 1397 803 1464 Vll.

207 1574 414 1662 tteprotatio
437 1576 590 1660 opinionis
610 1526 782 1642 Anicebraa
809 1575 849 1638 ola
886 1575 1117 1640 materialitate

426 1665 670 1732 substantiarum
681 1675 912 1750 reparatorum

273 1847 317 1908 Er
339 1842 398 1907 hac
421 1855 523 1906 autem
546 1844 666 1908 actione
689 1843 816 1908 ulterius
853 1840 996 1906 concludi
1031 1855 1134 1926 potest

209 1930 292 2016 quod
314 1931 480 2018 spiritualis
502 1946 532 1995 ει
553 1931 722 2019 corporalis
745 1930 935 1997 substantiae
945 1950 1007 1995 non
1032 1945 1135 2017 potest

208 2040 277 2085 esse
299 2042 360 2085 una
383 2022 521 2086 materia.

272 2108 361 2185 Nam,
383 2111 407 2173 si
431 2124 478 2173 est
500 2130 561 2174 una
599 2110 727 2175 materia
763 2123 793 2174 ει
832 2107 1006 2173 eommunis
1045 2121 1133 2175 utra·

208 2218 350 2283 rumque,
373 2212 493 2281 oportet
517 2199 547 2261 in
572 2198 637 2283 ipsa
662 2198 889 2264 distinctionem
924 2196 1133 2283 praeintelligi

207 2301 279 2350 aute
311 2286 514 2351 differentium
546 2285 728 2363 lormamm,
761 2286 876 2351 scilicet
910 2285 1134 2372 spiritualitatis
1229 2308 1230 2331 t

206 2388 236 2438 et
258 2376 480 2461 corporeitatis;
502 2396 582 2459 quae
606 2376 731 2461 quidem
755 2397 817 2440 non
842 2388 941 2460 potest
975 2394 1042 2437 esse
1079 2396 1132 2439 se-

205 2463 343 2529 eundum
367 2466 542 2566 quantitatis
564 2465 778 2528 divisionem'
773 2486 802 2527 m
841 2464 1016 2527 substantiis
1038 2462 1132 2549 spiri
1229 2506 1230 2511 κ

205 2552 380 2630 tualibus,
374 2553 538 2638 inquibus
561 2554 736 2637 quantitatis
759 2552 967 2617 dimensiones
995 2572 1057 2614 non
1079 2552 1130 2615 iu-

201 2642 380 2707 veniuntur.
405 2640 491 2705 Unde
514 2641 700 2740 relinquitur
723 2640 836 2727 quod
830 2654 885 2705 ista
913 2638 1067 2704 distinctio
1089 2642 1131 2706 sit

204 2730 253 2794 ael
274 2729 446 2795 secundum
471 2728 584 2794 lormas
604 2750 659 2795 seu
682 2729 895 2816 dispositiones
934 2728 982 2793 tel
1017 2747 1131 2795 seeun-

200 2818 278 2882 dum
303 2822 398 2905 ipsam
423 2820 598 2902 materiam„
618 2832 659 2895 et,
682 2838 752 2883 cum
776 2838 837 2882 non
863 2819 957 2903 possit
990 2837 1057 2881 esse
1079 2838 1129 2883 sc-

201 2907 338 2972 cundum
363 2906 477 2972 formas
501 2924 530 2970 et
554 2907 767 2992 dispositiones
791 2908 822 2971 iu
846 2906 1010 2983 infinitum,
1033 2926 1129 2991 opor·

199 3007 245 3062 tet
266 2996 391 3062 taudem
414 2995 517 3060 redire
538 2996 577 3061 ad
601 2997 660 3061 hoc
684 2995 766 3080 qued
790 2996 827 3059 sit
850 2994 1003 3059 distinctio
1016 2994 1045 3057 in
1059 3014 1128 3059 ma-

201 3086 279 3150 teria
300 3084 471 3150 secuudum
495 3086 639 3171 seipsam.
678 3084 739 3148 Erit
773 3083 865 3162 igitur
902 3081 1032 3147 nurnine
1065 3082 1127 3149 alia

199 3175 328 3239 materia
351 3172 555 3260 spiritualium
579 3187 609 3238 et
632 3172 838 3259 corporalium
874 3172 1126 3238 substantiarum.

192 3302 195 3305 -
269 3262 355 3337 lum,
378 3260 454 3326 Cum
480 3264 617 3346 recipcre
641 3264 678 3325 sit
702 3261 860 3347 proprium
898 3261 1056 3333 materiae,
1080 3262 1128 3325 iu-

201 3365 351 3435 quautum
375 3349 565 3433 hujusmodi,
589 3351 613 3416 si
638 3351 675 3414 sit
699 3350 807 3415 eadem
832 3352 959 3415 materia
982 3351 1127 3433 spiritua-

201 3438 279 3502 lium
317 3452 347 3502 et
370 3438 577 3521 corporalium
607 3440 859 3515 substantiarum,
897 3452 1017 3523 oportet
1040 3439 1128 3523 quad

201 3524 234 3588 in
259 3525 395 3611 utrisque
418 3527 457 3589 sit
494 3526 578 3591 idem
616 3528 802 3613 receptionis
839 3526 960 3592 modus.
999 3526 1130 3593 Materia
