2484 3975
210 183 276 249 ill
586 191 758 243 unusuuuuu

209 270 305 357 quod,
327 269 350 334 si
374 280 483 335 naturs
506 267 678 333 intellectus
701 264 853 349 possibilis
877 274 956 330 esset
985 265 1141 349 ignorata,
1230 256 1240 279 ¹

211 379 274 425 sinn
299 379 460 445 possemus
483 356 620 422 inuenire
644 354 872 419 multitudinem
905 354 937 419 in
958 356 1141 421 substentiis

210 448 368 535 separatis.
393 448 443 512 Est
465 466 540 529 erpo
578 444 733 509 distinctio
768 464 875 525 esrum
914 442 952 508 ad
992 441 1140 522 inuicem,

208 537 380 603 seeundum
403 534 534 619 gradum
558 534 712 620 potentiae
736 545 766 597 et
790 547 885 609 aetus,
916 533 958 596 ita
982 533 1065 619 quud
1088 534 1139 597 in-

210 626 377 711 telligentia
401 623 551 709 superior,
573 642 654 708 qnae
677 622 745 706 plus
768 622 940 708 propinqua
964 634 1010 686 est
1025 624 1139 709 primo,

212 716 307 781 babet
329 715 398 800 plus
420 712 460 777 de
482 726 552 777 autu
574 726 606 774 et
629 712 732 776 minus
756 712 794 777 de
819 712 964 796 potentia,
986 724 1017 775 et
1039 712 1082 777 sie
1098 711 1140 777 de

212 803 290 881 aliis3
312 817 343 868 et
367 804 426 868 boe
448 800 622 884 eornpletur
644 800 674 865 in
699 802 800 867 anima
826 801 971 876 bumana,
992 819 1072 885 quae
1094 813 1142 866 te·

212 907 265 958 net
288 893 430 958 ultimum
453 890 584 975 gradum
609 888 640 953 iu
664 890 921 956 intellectualibus
950 889 1139 955 substantiis.

212 980 301 1047 Unde
325 981 498 1045 intellectus
521 978 694 1065 potentialis
717 978 784 1064 eius
806 998 840 1043 se
863 977 1006 1044 babetad
1023 977 1139 1045 formas

214 1071 420 1155 intelligibiles
442 1068 521 1133 sient
546 1067 808 1152 materiamina,
847 1088 927 1154 quae
950 1080 1033 1131 tenet
1070 1068 1140 1133 ulti·

213 1180 299 1225 mum
324 1160 454 1243 gradum
479 1158 509 1223 in
532 1177 600 1221 esse
623 1157 771 1233 sensibili,
786 1156 825 1221 sd
843 1155 956 1222 lormas
968 1156 1139 1234 sensibiles,

213 1262 247 1313 ut
269 1245 578 1334 Cttmmentater(de
602 1246 722 1323 Anima,
745 1246 792 1329 3)
815 1245 898 1322 dieit3
920 1260 950 1309 et
973 1245 1043 1311 iden
1067 1246 1141 1309 Plri-

213 1338 362 1423 losnpbns
385 1347 546 1423 comparat
568 1354 641 1399 eum
664 1335 789 1400 tabulae
812 1355 910 1411 rasse,
934 1336 963 1399 in
987 1355 1047 1418 qus
1064 1334 1141 1399 nibil

213 1439 261 1490 est
284 1426 450 1512 depictum.
476 1425 510 1489 Et
534 1436 660 1510 propter
684 1425 754 1500 bne,
777 1424 860 1508 quia,
883 1424 961 1489 inter
978 1423 1052 1489 alias
1068 1423 1143 1488 sub-

213 1516 340 1579 stantias
363 1513 581 1598 intelligibiles,
605 1512 674 1598 plus
698 1514 792 1579 babet
826 1514 867 1579 de
890 1513 1036 1600 potentia,
1069 1512 1142 1577 iden

214 1602 348 1668 elficittrr
370 1605 401 1668 iu
426 1616 544 1667 tanturn
581 1604 755 1688 propinqua
793 1601 886 1667 rebus
921 1600 1142 1676 materialibus,
1237 1660 1240 1709 ,Χ

214 1707 320 1757 utres
350 1691 517 1757 materialis
540 1691 680 1756 trabatur
709 1690 748 1754 ad
788 1690 1032 1777 participandum
1071 1710 1141 1763 esse

212 1802 315 1856 suunt,
336 1783 377 1847 its
401 1781 484 1867 quod
509 1780 673 1843 exanima
698 1792 727 1843 et
750 1798 880 1865 surpere
904 1780 1141 1845 resultntunum

213 1890 282 1935 esse
305 1871 336 1934 in
361 1890 424 1935 unu
446 1871 629 1955 composito,
659 1869 798 1953 quamvis
822 1867 896 1933 illud
934 1889 1011 1945 esse,
1051 1881 1142 1954 prnut

214 1974 262 2024 est
284 1961 418 2037 animae,
443 1978 508 2024 nun
530 1959 570 2022 sit
592 1954 772 2042 dependens
796 1978 812 2022 a
838 1978 979 2044 corpure.
1002 1957 1038 2022 Et
1072 1956 1142 2023 itleo

215 2064 283 2134 pust
306 2050 394 2114 istam
418 2047 561 2118 lerinam,
589 2059 669 2132 quae
707 2059 754 2111 est
792 2048 906 2120 unitus,
943 2047 1143 2112 inveniuntur

214 2138 293 2204 aliae
316 2137 435 2204 formae
459 2137 527 2223 plus
549 2135 589 2200 tle
611 2136 749 2219 potentia
788 2137 937 2202 babentes
976 2151 1005 2202 et
1043 2136 1144 2218 tangis

215 2227 406 2313 propillquae
430 2225 589 2297 materiae,
626 2224 779 2290 intantum
811 2226 894 2312 quod
932 2246 1000 2291 esse
1034 2245 1144 2289 earum

93 2391 96 2397 ¹
214 2317 282 2380 sine
305 2316 433 2382 materia
458 2327 600 2378 nonest.
638 2314 670 2377 ln
710 2313 822 2398 quibus
858 2316 950 2378 etiarn
989 2314 1146 2378 inveuinu

213 2404 291 2469 ordo
314 2419 346 2468 et
369 2403 484 2488 gradus
506 2421 605 2485 usqne
628 2402 666 2465 ad
693 2404 809 2488 primas
834 2401 949 2468 lurntas
971 2403 1146 2468 elementu-

215 2513 295 2571 rusn,
319 2505 499 2578 quaesunt
516 2490 797 2576 propinquissimae
814 2492 970 2567 materiae
988 2491 1070 2556 unde
1087 2511 1146 2556 nee

213 2581 348 2667 unnim
372 2582 584 2669 operationem
618 2579 746 2656 habent,
778 2580 837 2646 nisi
872 2580 1043 2646 seeundum
1082 2581 1146 2645 exi·

211 2674 347 2754 gentiunt
372 2672 554 2757 qualitatum
578 2668 750 2734 estivarum
774 2682 804 2732 et
828 2670 1017 2756 passivaruus
1042 2681 1073 2734 et
1109 2690 1147 2735 a·

214 2761 327 2828 liorurn
351 2762 464 2848 quibus
488 2754 616 2824 materia
641 2757 680 2821 atl
704 2756 838 2823 formans
873 2757 1055 2845 disponitur.

551 2933 724 3000 CAPUT
766 2935 815 3002 lll.

213 3203 244 3269 d·
282 3115 333 3217 llis
357 3115 438 3192 visis,
462 3124 545 3200 patet
566 3111 728 3198 quomodo
752 3111 886 3178 essentia
920 3112 1075 3178 invenitur
1116 3112 1150 3178 in

235 3224 358 3268 aversis.

282 3292 438 3356 Invenitur
462 3302 566 3354 antem
590 3286 706 3374 triplex
730 3289 842 3355 modus
880 3289 1016 3357 habendi
1043 3310 1152 3356 essen·
1237 3299 1238 3308 ’

213 3380 289 3444 tiam
314 3382 345 3442 in
371 3378 562 3444 substantiis.

280 3467 401 3553 Aliquid
423 3467 508 3532 enim
530 3477 588 3544 est,
609 3467 689 3532 sieut
711 3463 806 3548 Deus,
827 3467 917 3554 cnjus
948 3467 1078 3534 essentia
1102 3481 1151 3534 est
1237 3552 1238 3571 χ
