2484 3975
208 192 274 258 466
582 206 752 254 onosouuuu

208 277 376 347 substantia
400 279 475 364 ipsa.
499 273 586 340 Unde
609 293 736 365 apparet
760 276 844 362 quod
867 276 975 344 similis
1005 288 1051 341 est
1074 275 1134 341 baa

208 369 316 439 bitudo
339 366 461 451 generis
484 364 523 430 ad
546 363 732 432 differentias
755 370 833 432 siout
856 365 983 452 subjecti
1002 365 1042 430 ad
1059 386 1134 452 pro·

231 459 291 523 rias
314 456 482 541 passiones,
520 466 554 516 ut
590 455 706 520 scilicet
738 457 904 522 substantia
944 455 1003 520 ltuc
1037 454 1136 520 modo

209 481 362 611 dividatur
384 564 440 630 per
463 543 652 629 spiritualem
675 559 707 608 et
728 544 921 632 corporalem
951 558 981 607 et
1019 564 1137 629 corpus

209 657 266 723 per
289 633 421 700 caeleste
445 646 475 696 et
496 630 697 709 elementare,
717 633 795 700 sicut
816 653 965 698 uumerus
991 653 1056 718 per
1078 651 1139 718 par

210 739 241 788 et
262 724 362 809 impar
383 731 436 786 aut
457 720 572 784 animal
596 741 651 806 per
672 743 782 786 sanum
805 734 1136 806 ctacgrum3quorum

210 832 359 878 numerus
381 825 428 874 est
450 808 624 893 subjectum
648 811 730 896 paris
754 825 784 876 et
807 811 933 897 imparis
965 811 1043 875 sicut
1065 828 1141 895 pro-

211 902 348 990 priarum
373 900 561 986 passionum,
583 911 614 962 et
637 899 752 964 animal
774 900 839 964 sani
864 913 894 964 et
916 899 1012 982 aegri:
1025 913 1055 962 ct
1071 913 1136 964 tam

211 989 349 1075 subjecto
373 1009 464 1074 quam
490 987 684 1073 passionibus
718 987 758 1054 de
792 988 953 1076 speciebus
990 986 1140 1052 omnibus

212 1078 394 1166 praedicatis
417 1077 479 1163 (l).
502 1075 679 1159 sicigitur,
702 1077 726 1142 si
753 1076 922 1142 substantia
946 1098 1027 1162 qnae
1049 1095 1139 1161 prae·

212 1169 331 1234 dicatur
354 1166 393 1249 de
416 1164 560 1230 omnibus
583 1180 815 1251 compararetur
837 1166 877 1230 ad
899 1165 1090 1252 spiritualem
1108 1177 1140 1230 et

213 1255 405 1343 corporalem
426 1255 505 1320 sicut
526 1255 654 1319 materia
678 1268 708 1317 et
729 1255 901 1340 subjectum
933 1274 1054 1332 corum,
1090 1274 1138 1318 se·

213 1359 360 1431 queretur
382 1343 464 1429 quod
488 1344 564 1408 baec
587 1343 650 1408 duo
675 1343 726 1430 (b)
749 1344 915 1409 adveniunt
948 1343 1139 1409 substantiae

215 1454 270 1520 per
292 1433 420 1497 modum
445 1431 678 1498 accidentalium
714 1435 901 1518 passionum:
935 1445 965 1494 et
998 1431 1140 1496 similiter

215 1525 246 1588 in
270 1521 415 1588 omnibus
437 1521 504 1585 aliis
525 1521 798 1606 consequentibus
814 1521 898 1606 quod
915 1521 980 1606 ipse
996 1539 1142 1606 expresse

214 1609 365 1676 coricedit.
390 1609 479 1674 Ponit
501 1611 584 1675 enim
607 1630 717 1674 omnes
739 1609 864 1688 lornias,
895 1611 1067 1674 secundum
1108 1630 1142 1674 sc

215 1699 434 1778 consideratas,
456 1699 623 1763 accidentia
647 1719 724 1775 essc3
748 1699 820 1762 dicit
858 1714 960 1764 tamen
998 1698 1142 1764 substan·

217 1788 303 1854 dales
326 1807 394 1854 esse
418 1807 472 1872 per
495 1788 757 1873 comparationem
783 1788 821 1852 ad
859 1787 976 1872 aliquas
1010 1807 1071 1864 res,
1109 1788 1142 1854 io

215 1897 347 1963 quorum
369 1876 600 1941 delinitionibus
623 1877 746 1953 cadunt,
770 1878 849 1942 sicut
884 1876 996 1944 albedo
1030 1889 1077 1940 est
1100 1876 1141 1942 de

217 1965 334 2031 ratione
358 1964 492 2031 bominis
515 1964 587 2030 albi.
623 2002 665 2013 -
704 1965 765 2031 Sed
802 1967 877 2031 baec
917 1965 1027 2053 positio
1061 1965 1144 2031 tollit

215 2053 341 2141 quidem
354 2054 513 2120 veritatem
528 2054 676 2120 materiae
690 2057 816 2140 primae,
829 2057 911 2140 quia,
927 2055 951 2119 si
965 2054 1004 2119 dc
1020 2056 1142 2119 ratione

215 2144 362 2209 materiae
384 2155 430 2209 est
453 2142 537 2227 quod
548 2144 585 2207 ait
598 2144 629 2210 in
643 2144 789 2229 potentia,
804 2157 926 2230 oportet
940 2142 1023 2229 quod
1039 2144 1142 2229 prima

216 2232 343 2297 materia
366 2232 405 2297 sit
427 2233 554 2297 omnino
577 2232 607 2295 in
633 2232 776 2317 potentiss
801 2231 883 2297 unde
906 2252 963 2297 nec
985 2231 1026 2295 dc
1037 2232 1145 2317 aliquo

217 2322 410 2386 existentium
434 2334 503 2385 actu
527 2319 731 2407 praedicatur,
753 2321 831 2385 sicut
854 2340 911 2385 nec
926 2340 996 2407 pars
1012 2320 1050 2385 de
1066 2332 1144 2387 toto.

215 2410 307 2475 Tollit
329 2410 421 2475 etium
444 2409 561 2494 logicae
585 2409 743 2495 principia,
779 2408 923 2474 aulercos
958 2428 1063 2473 voram
1090 2430 1145 2475 ra·

216 2500 331 2564 tionem
354 2500 519 2582 geiseriset
539 2497 654 2583 speciei
670 2512 700 2563 et
721 2496 1144 2577 substantialisdifferentiae,
1238 2569 1239 2578 χ

216 2587 290 2653 dum
314 2587 418 2651 omnia
442 2589 473 2652 in
503 2587 632 2652 modum
670 2586 867 2652 accidentalis
906 2585 1145 2673 praedicationis

216 2676 376 2741 curavertit.
399 2675 493 2740 Tollit
514 2677 607 2741 etiam
637 2676 784 2743 naturalis
819 2673 1032 2763 philosophiae
1071 2675 1146 2741 lun-

217 2764 372 2844 damenta,
394 2763 537 2831 auferens
560 2784 663 2829 veram
698 2765 929 2847 generationem
964 2778 995 2829 et
1033 2783 1148 2832 corru-

218 2852 355 2939 ptionem
378 2874 395 2918 a
419 2853 522 2930 rebus,
544 2852 620 2917 sicut
643 2865 674 2918 et
707 2852 824 2938 antiqui
858 2865 1007 2939 ponentes
1044 2873 1145 2919 unum

218 2941 376 3008 materiale
397 2941 593 3028 principium3
616 2942 814 3027 nequeenim
831 2942 1010 3028 simpliciter
1027 2940 1149 3028 aliquid

217 3031 358 3115 generari
380 3030 501 3107 dicitur,
524 3029 580 3093 nisi
603 3030 675 3114 quia
698 3028 880 3116 simpliciter
918 3029 958 3096 dc
981 3050 1044 3095 non
1073 3043 1149 3098 eote

220 3118 254 3185 lit
276 3140 343 3195 ens;
366 3119 443 3187 nibil
463 3133 567 3183 autem
591 3118 625 3183 lit
647 3117 731 3203 quod
755 3117 838 3204 prisc
877 3133 953 3196 erac
989 3119 1014 3184 si
1053 3118 1149 3203 igitur

221 3207 337 3294 aliquid
359 3207 393 3274 m
414 3207 500 3296 quod
522 3206 606 3293 prius
629 3218 695 3271 erat
717 3208 749 3273 in
773 3219 852 3276 actu.
875 3208 960 3293 quod
995 3220 1041 3273 est
1073 3206 1151 3274 sim·

271 3329 313 3399 (l)
328 3330 425 3385 Sensim
442 3337 491 3384 est:
509 3330 541 3382 Et
559 3329 609 3383 boc
625 3344 718 3382 vorum
735 3336 775 3381 est
792 3334 846 3381 tam
865 3329 898 3381 de
919 3325 1038 3405 subjecto
1067 3345 1151 3401 quam

221 3400 253 3453 de
270 3402 435 3473 passionibus
452 3417 520 3471 quae
537 3401 683 3471 praedicari
701 3406 812 3471 possunt
827 3400 860 3455 de
874 3402 1152 3473 omnibusspociebm.

273 3486 314 3560 (a)
330 3487 402 3543 am
417 3490 483 3553 aaa,
501 3490 519 3541 r.
537 3504 560 3543 a
578 3473 613 3537 τὰ
631 3490 772 3559 spissime
790 3496 817 3543 u
834 3470 867 3537 τὸ
884 3488 1026 3560 comeare.
1046 3510 1048 3513 ·
