2484 3975
178 153 244 218 296
504 170 561 216 tiu.
584 172 623 216 rr.
648 170 712 218 cir.
736 171 782 216 iv.

175 240 345 326 assumpsit
367 259 429 304 non
453 237 543 305 datur
565 241 679 305 erroris
702 240 835 318 occasio,
858 251 891 305 ut
907 237 1011 326 quinta
1026 238 1110 304 ratio

178 329 381 416 proponebat;
404 328 474 413 quia
503 331 673 414 assumptio
707 329 915 402 humanitatis,
953 342 1108 415 utsupra

175 422 232 504 (c.
257 418 294 491 dl
315 420 329 500 )
354 417 493 481 habitum
519 431 575 495 est,
599 417 675 482 lacta
701 434 745 482 est
769 419 799 482 in
825 419 971 482 unitatem
997 437 1107 502 perso-

175 527 244 584 nae,
269 526 330 570 non
356 506 386 569 in
411 506 559 576 unitatem
584 521 721 582 naturae3
755 521 787 570 ut
810 507 853 570 sie
878 527 940 571 nou
964 518 1110 592 oporteat

175 616 232 660 rios
256 594 430 659 consentire
455 593 501 658 liis
528 595 580 679 qui
616 609 787 680 posueruut
810 595 864 679 (l)
903 595 1003 659 Deum
1042 615 1108 660 non

175 705 243 748 esse
265 703 359 769 super
383 683 485 746 omnia
515 682 694 762 exaltatum,
727 685 863 748 diceutes
900 682 1001 748 Deum
1037 702 1109 748 esse

175 774 312 836 animam
336 771 444 835 mundi
469 772 517 835 vel
544 771 658 858 aliquid
692 771 881 856 hujusmodi.

242 860 325 925 Licet
349 875 452 924 autem
476 861 825 925 eircaincarnationem
851 860 908 925 Dei
934 861 993 924 sint
1011 858 1130 960 aliqui·
1231 887 1232 902 ¹

175 969 298 1014 errores
321 947 432 1023 exorti,
458 963 490 1012 ut
511 965 598 1014 serto
624 949 836 1034 objiciebatur,
868 963 972 1012 tamen
1006 949 1107 1012 mani

175 1037 288 1102 lectum
312 1052 359 1102 est
382 1036 478 1101 multo
503 1036 620 1140 plures·
630 1059 751 1104 errores
775 1053 843 1124 post
860 1036 1104 1114 incarnationem

175 1125 270 1191 luisse
293 1125 439 1191 sublatos.
463 1124 547 1191 Sicut
570 1127 656 1191 enim
689 1147 724 1191 ex
762 1129 919 1190 creatione
954 1146 1103 1191 reruma

175 1215 279 1280 divina
305 1213 440 1280 bonitate
464 1215 650 1300 procedente
685 1216 785 1300 aliqua
822 1215 902 1280 mala
936 1230 1007 1278 sunt
1030 1234 1105 1279 eon·

175 1319 293 1382 secuta,
327 1306 411 1388 quod
445 1305 641 1389 competebat
678 1305 846 1369 conditioni
880 1307 1132 1382 creaturarum·
1226 1310 1231 1329 ⁸

176 1413 256 1479 quae
280 1392 413 1456 delicere
438 1406 580 1478 possunt,
603 1397 641 1457 ita
666 1395 758 1456 etiam
791 1413 852 1456 non
877 1407 922 1457 est
938 1394 1051 1456 mirum
1068 1394 1106 1471 si,

175 1480 370 1546 maniustata
395 1480 496 1545 diviua
515 1485 651 1559 veritate,
666 1479 744 1546 'suot
761 1480 853 1566 aliqui
869 1501 992 1546 errores
1007 1483 1105 1545 exorti
1127 1488 1133 1497 “

90 1606 92 1610 -
177 1590 215 1634 ex
237 1569 359 1635 deiectu
384 1572 533 1634 mentium
558 1571 774 1634 humanarum:
792 1569 844 1654 qui
863 1582 965 1634 tamen
982 1589 1104 1634 errores

178 1662 383 1723 exercuerunt
407 1658 545 1723 fidelium
573 1659 696 1743 ingenia
721 1659 760 1723 ad
785 1658 960 1742 diligentius
985 1658 1105 1722 divino-

179 1767 249 1811 rum
266 1749 425 1812 veritatem
442 1748 662 1834 exquirendum
679 1762 708 1812 et
726 1746 967 1829 intelligendam,
981 1747 1058 1810 sicut
1074 1759 1104 1811 et

180 1835 261 1900 mala
289 1837 424 1920 quaein
455 1837 603 1900 creaturis
634 1836 777 1913 accidunt
799 1836 922 1900 ordinat
957 1837 1041 1902 Deus
1064 1835 1102 1899 ad

73 1958 79 1970 =
180 1924 304 2011 aliquod
329 1924 457 1991 bouum.

224 2015 372 2096 Quamvis
396 2027 500 2079 autem
528 2012 646 2079 bortum
682 2034 776 2079 omne
810 2028 948 2080 creatum
982 2013 1104 2078 divinae

180 2102 309 2167 bonitati
343 2116 558 2190 comparatum
589 2106 734 2188 exigtrum
768 2104 951 2179 inueniatur,
990 2117 1105 2179 tamen,

179 2190 251 2277 quia
275 2193 306 2255 iu
332 2193 425 2257 rebus
448 2192 557 2256 creatis
582 2193 658 2256 nihil
682 2206 872 2278 potestesse
896 2190 994 2277 majus
1011 2212 1104 2276 quatu

180 2280 263 2346 salus
287 2280 443 2346 rationalis
475 2294 645 2359 creaturan,
668 2301 747 2367 quae
770 2280 909 2346 consistit
933 2282 962 2345 in
987 2279 1107 2345 lruitio-

181 2390 221 2434 ne
244 2369 339 2455 ipsius
370 2368 512 2434 bonitatis
547 2368 681 2446 divinae,
715 2390 785 2434 oum
820 2390 855 2434 ex
892 2370 1106 2433 incarnatione

181 2457 285 2523 diuina
308 2470 471 2523 consecuta
495 2458 533 2521 sit
554 2458 639 2523 salus
663 2459 809 2537 humana,
832 2478 895 2523 riou
919 2478 1032 2545 parum
1048 2458 1107 2521 uti-

181 2545 272 2611 litatis
295 2546 482 2631 praedicta
474 2547 644 2611 incarnatio
668 2548 766 2612 attulit
783 2548 910 2624 mundo,
928 2561 959 2610 ut
975 2547 1106 2633 septima

181 2637 259 2699 ratio
283 2636 480 2736 procedebat.
502 2633 565 2699 Nec
598 2636 734 2722 oportuit
769 2651 894 2723 propter
928 2637 986 2700 hoc
1020 2634 1107 2721 quod

181 2744 219 2789 ex
243 2721 453 2788 incarnatione
475 2724 577 2789 diuina
601 2742 709 2788 omnes
739 2726 879 2791 homiues
903 2724 1108 2803 salvarentur,

181 2811 236 2877 sed
260 2824 378 2876 tantum
403 2812 445 2877 illi
468 2813 520 2898 qui
545 2811 720 2897 praedictae
756 2814 956 2878 incarnationi
991 2813 1107 2877 aditae·

182 2914 286 2965 rerent
309 2920 364 2987 per
387 2900 481 2965 iidem
504 2914 536 2965 et
558 2901 629 2965 lidei
653 2918 856 2965 sacramenta.
882 2901 931 2965 Est
952 2899 1107 2985 siquidem

182 2990 401 3054 incarnationis
423 2989 544 3055 divinae
579 2991 674 3055 virtus
709 2988 863 3055 sufficiens
891 2990 930 3056 ad
965 2990 1107 3055 omnium

184 3077 348 3143 homiuum
369 3077 514 3155 salutem;
547 3079 601 3144 sed
628 3078 710 3164 quod
735 3100 797 3143 nou
833 3099 941 3143 ornnes
976 3098 1013 3143 err
1048 3079 1110 3143 hoc

182 3167 339 3231 salvantur
362 3187 399 3231 ert
426 3186 535 3231 eorum
575 3166 808 3268 indispositioue
830 3168 993 3251 contingit,
1024 3166 1123 3253 quod*

183 3256 401 3320 iracarnatiouis
425 3254 594 3321 fructura
586 3276 617 3319 rn
641 3275 675 3319 se
688 3276 845 3341 suscipere
869 3256 1013 3328 uolunt,'
1007 3275 1107 3321 incar·

185 3358 256 3408 nato
280 3343 346 3407 lleo
362 3343 523 3429 perfidem
540 3358 570 3409 et
586 3364 725 3409 amorem
738 3366 799 3410 non
814 3346 1015 3410 inhaerendo·
1038 3342 1121 3409 Non-

235 3448 276 3519 (l)
294 3448 378 3502 Varro
396 3456 424 3501 et
441 3450 493 3517 alii,
513 3456 577 3510 teate
587 3449 614 3502 S.
629 3448 751 3519 tinguet.²
762 3452 794 3503 de
808 3450 884 3505 ctatr.
899 3452 959 3514 Dei,
978 3451 995 3503 l.
1007 3448 1034 3521 t,
1046 3466 1070 3503 c.
1081 3448 1111 3505 d.-
