2484 3975
197 208 261 289 ³06
498 226 555 273 tn.
579 228 617 272 rr.
640 226 704 273 aar.
728 224 834 273 txxxrt.

214 321 216 325 ’
264 296 381 374 Adbuc,
405 292 513 361 anima
537 310 569 361 et
590 317 702 383 carpus
725 296 848 361 diverso
869 293 1118 380 ordiaecotnpa·

195 387 257 453 rari
281 385 434 463 ridentur,
457 384 628 451 seeundum
654 386 787 471 primam
822 384 957 450 bominis
989 402 1121 467 genera·

198 477 312 543 tionem
336 486 366 539 et
390 472 648 539 resurrectionem
671 472 822 558 ejusdem.
847 472 924 537 Nam
946 470 1120 537 seeundum

196 565 426 650 generationem
450 563 591 648 primam,
613 564 728 627 creatio
751 562 873 627 animae
894 563 1033 646 sequitur
1066 579 1121 643 ge·
1236 563 1237 604 l

195 652 390 718 perationem
413 651 563 737 eorporie3
586 663 770 738 praeparata
793 650 878 715 enim
902 648 1031 722 materia
1053 668 1122 713 cor·
1236 715 1237 720 ,

199 740 293 828 parali
317 759 372 826 per
394 743 536 803 virtutem
565 739 659 805 acciat
695 738 834 817 seminis,
867 738 952 803 Deus
985 736 1122 802 animatu
1236 767 1237 786 .

198 829 333 895 creando
368 826 512 905 inluodit;
543 825 575 891 in
612 827 838 893 resurrectione
872 839 976 891 antem
1010 846 1124 911 corpus

199 920 325 984 atrimae
347 916 559 1003 praeexistenti
582 915 785 1001 coaptabitur.
808 914 911 980 Prima
934 928 1038 979 autem
1062 914 1124 978 rita

199 1026 293 1093 quam
317 1005 412 1069 homo
435 1024 491 1091 per
514 1005 749 1088 generationem
772 1003 951 1091 adipiscitur
982 1001 1123 1085 sequitur

200 1094 409 1161 conditionem
433 1091 643 1178 corruptibilis
665 1093 813 1179 eorporis,
837 1092 868 1158 in
890 1093 952 1157 hoc
966 1090 1051 1176 quod
1067 1110 1123 1177 per

200 1197 332 1253 nrortem
356 1182 491 1267 privetur
516 1181 586 1246 uita.
610 1180 677 1248 Vita
699 1181 793 1264 igitur
815 1200 909 1267 quam
942 1182 1040 1244 bomo
1074 1199 1123 1244 re·

200 1269 357 1355 aurgende
379 1268 557 1356 adipiscitur
579 1271 638 1335 erit
661 1283 820 1355 perpetua,
854 1269 1026 1335 meandum
1050 1288 1124 1333 con·
1236 1253 1237 1310 ³

201 1361 349 1433 ditionem
375 1358 613 1441 incorruptibilis
637 1358 769 1422 animae.

269 1446 355 1525 ltem,
376 1446 407 1513 st
425 1447 454 1511 in
466 1444 620 1511 inlinitum
633 1445 797 1511 secretana
812 1444 870 1513 sibi
886 1446 917 1511 ia
940 1444 1052 1510 eodem
1064 1444 1125 1510 rita

123 1539 125 1543 ’
203 1548 236 1601 et
257 1552 351 1613 mors,
372 1536 438 1622 ipsa
462 1534 623 1600 alternatio
647 1537 727 1599 uitae
749 1548 780 1614 et
796 1536 902 1601 mortis
915 1533 1041 1599 babebit
1056 1554 1126 1619 spe·

203 1626 283 1696 ciem
311 1623 517 1689 cirettlationis
531 1622 705 1708 eujusdam.
720 1620 831 1690 Omnis
847 1637 952 1688 autem
966 1622 1128 1687 circulatio

205 1712 353 1781 itt-rebus
375 1710 603 1798 generabilibns
626 1725 657 1778 et
690 1711 941 1799 corruptibilibus
973 1732 992 1776 a
1025 1710 1125 1797 prima

205 1802 401 1868 circulatione
415 1799 693 1887 incorruptibilium
708 1821 873 1886 corporum
885 1813 1037 1875 caueatur,
1050 1820 1125 1865 nam

206 1892 304 1977 prima
326 1888 484 1956 circulatio
507 1888 540 1953 in
564 1902 651 1953 motu
672 1889 764 1954 locali
787 1888 992 1968 invenitur‚et
1014 1908 1125 1953 seeun-

207 1979 282 2058 dum
303 1976 371 2064 ,ejus
395 1976 625 2044 similitudinem
649 1977 688 2043 ad
711 1990 813 2044 motus
846 1976 924 2044 alius
957 1976 1125 2045 derivatur.

163 2133 166 2140 .
206 2066 387 2147 densabitur
406 2067 501 2152 igitur
524 2067 685 2132 alternatio
708 2067 816 2134 mortis
839 2082 871 2132 et
892 2066 972 2132 uitae
1013 2087 1032 2131 a
1055 2087 1126 2132 cor·

206 2166 281 2243 pore
304 2155 437 2239 caelesti
459 2154 543 2240 quod
565 2175 634 2221 esse
656 2176 721 2220 non
743 2167 855 2242 puteat,
876 2157 948 2242 quia
971 2155 1125 2242 reparatio

205 2245 349 2332 eorporis
366 2243 478 2308 mortui
503 2243 542 2308 ad
559 2245 652 2308 vitam
665 2243 840 2310 laenitatem
857 2244 984 2309 aetionis
996 2257 1127 2310 naturae

169 2358 171 2362 ·
206 2333 334 2400 excedit.
359 2332 426 2398 Non
449 2332 540 2417 igitur
563 2348 609 2398 est
642 2333 786 2420 ponenda
822 2331 1000 2417 hujusmodi
1033 2331 1127 2398 alter·

207 2423 291 2503 natip
315 2423 420 2489 mortis
444 2434 486 2485 et*
507 2420 596 2500 ritae,
631 2441 688 2486 nee
725 2441 781 2507 per
813 2440 1008 2506 consequens
1040 2421 1126 2509 quod

208 2511 397 2596 resurgentia
421 2528 584 2596 corporum
609 2511 767 2588 oriantur.

275 2598 424 2686 Amplius,
446 2596 668 2683 Quaecumque
689 2595 857 2663 succedunt
877 2597 935 2664 eibi
958 2597 989 2662 in
1012 2596 1125 2664 eodem

210 2687 348 2774 subiecto
372 2687 486 2760 habeut
508 2685 744 2751 determinatam
767 2705 946 2752 mensuram
972 2705 1047 2751 suae
1069 2685 1128 2751 du·

212 2777 337 2846 rationis
358 2773 530 2842 secundum
552 2787 685 2862 tempus3
708 2774 930 2840 omniaautem
947 2773 1127 2859 hujusmodi
1236 2808 1237 2827 .

212 2864 347 2951 subjecte
370 2877 441 2930 aunt
463 2863 559 2928 motui
571 2864 659 2941 caeli,
673 2869 765 2949 quern
778 2875 899 2950 tempus
918 2863 1127 2948 consequitur.
1236 2866 1237 2889 ¹

212 2953 321 3030 noiaoa
344 2965 448 3030 autem
469 2965 608 3038 separata
631 2973 694 3017 non
717 2965 763 3017 est
782 2951 922 3036 subjecta
938 2953 1035 3016 motui
1049 2950 1128 3018 caeli
1236 2948 1237 2999 3

119 3090 121 3101 .
213 3043 285 3130 rpuia
308 3041 426 3108 excedit
449 3053 542 3106 totam
558 3054 702 3106 naturam
728 3039 932 3127 corporalem.
961 3039 1129 3106 alternatio
1236 3040 1237 3087 ἶ

212 3133 306 3217 igitur
326 3129 527 3218 separationis
550 3127 616 3215 ejus
639 3141 671 3195 et
696 3129 817 3194 unionis
847 3124 898 3194 ad}
918 3147 1031 3216 corpus
1064 3148 1130 3194 raon

213 3219 351 3305 subjacet
373 3220 469 3285 metui
492 3217 579 3284 caeli.
600 3217 668 3284 Non
691 3219 783 3303 igitur
804 3230 851 3284 ert
872 3219 942 3284 talis
969 3215 1130 3283 circulatio
1236 3246 1237 3301 p

216 3309 247 3372 in
271 3307 469 3372 alternatione
492 3307 599 3372 mortis
636 3321 666 3373 et
699 3307 779 3373 uitae
810 3306 910 3394 qualia
942 3305 1080 3393 requitur
1101 3306 1131 3371 ai
1236 3310 1237 3355 i

216 3410 410 3480 resurgentes
432 3397 543 3497 iterum
567 3398 747 3498 moriantur.
770 3394 942 3490 Resurgent
974 3395 1066 3481 igitur
1088 3392 1138 3460 de·

215 3497 335 3548 eaeterc
359 3504 421 3548 non
443 3497 591 3552 moratura.
