2484 3975
234 223 298 289 l6·2
536 244 592 288 uro.
616 243 653 288 rr.
679 243 743 288 cro.
767 242 854 289 xxxv.

231 313 266 398 (l.
292 314 322 390 l,
344 332 369 378 o.
396 312 436 377 l7
460 325 491 378 et
513 311 571 399 17)
594 313 679 398 quod
702 313 787 378 Deus
809 333 912 399 neque
944 311 1073 377 materia
1109 325 1160 377 est
1215 388 1216 395 χ

233 421 334 488 neque
358 400 488 486 alicujus
511 401 610 468 forma
635 421 704 466 esse
727 417 837 488 potest.
861 403 892 465 Si
910 404 1001 487 igitur
1016 399 1161 466 Christus
1215 400 1216 483 i

232 505 281 555 est
304 510 395 555 verus
417 490 502 556 Deus
525 504 556 554 et
579 510 670 555 verus
694 489 802 567 homo,
837 503 869 555 ut
903 505 1061 556 ostensum
1102 503 1161 562 est,
1215 490 1216 515 l

235 579 426 666 impossibile
449 593 495 644 est
518 579 601 664 quod
625 579 655 642 in
679 580 779 665 eopsit
802 601 862 645 una
886 595 993 644 natura
1027 590 1161 645 tantum.

299 668 418 745 hdhuo,
442 668 617 736 subtractio
641 666 690 731 vel
713 667 828 732 additio
851 667 979 753 alicujus
1009 668 1160 732 essentia-

232 757 269 821 lis
293 757 434 842 principii
460 757 555 820 variat
581 757 715 842 speeiem
741 756 796 832 rei,
819 768 851 820 et
874 777 928 842 per
962 775 1160 841 consequens

233 859 331 910 mutat
355 859 508 920 naturam,
532 863 611 928 quae
636 844 714 908 nihil
736 860 782 908 est
805 845 888 910 aliud
911 865 1005 930 quarn
1026 847 1161 909 essentia

234 953 327 1020 quam
358 933 508 1017 signifieat
532 932 683 1010 delinitio,
705 947 736 996 et
759 933 876 998 dietum
901 948 946 998 est
972 936 1054 1021 (rap.
1079 935 1162 1018 55.);

235 1037 266 1086 ει
290 1037 415 1108 propter
439 1023 498 1086 hoo
522 1021 663 1085 videmus
687 1022 771 1106 quod
811 1021 980 1090 dillereotia
1015 1023 1161 1108 speeilioa

235 1111 339 1174 addita
357 1111 404 1174 vel
428 1110 584 1175 subtracta
607 1110 779 1174 definitioni
802 1109 874 1175 lauit
897 1111 1020 1176 dillerre
1046 1131 1162 1176 secun·

237 1199 312 1264 dum
337 1199 484 1284 speeiem,
507 1199 585 1263 sieut
607 1199 722 1263 animal
746 1199 894 1264 rationale
917 1215 947 1263 ει
970 1199 1090 1264 ratione
1114 1219 1164 1264 oa-

235 1308 306 1352 reos
330 1289 434 1373 speeie
469 1287 626 1365 differunt,
648 1302 680 1351 et
701 1287 781 1352 siout
816 1288 847 1351 in
886 1289 1023 1353 numeris
1059 1289 1164 1354 unitas

236 1377 338 1442 addita
364 1377 411 1441 vel
435 1376 590 1441 subtraota
615 1375 685 1440 lauit
708 1375 800 1440 aliam
824 1389 855 1441 et
897 1377 988 1441 aliam
1023 1379 1163 1462 speeiem

236 1464 369 1530 numeri.
394 1465 505 1530 Forma
545 1478 649 1528 autem
685 1479 732 1528 εει
765 1464 927 1530 essentiale
964 1465 1163 1552 principium.

239 1551 349 1619 Omnis
373 1553 465 1638 igitur
488 1553 607 1618 lormae
638 1553 753 1616 additio
790 1553 860 1618 lacit
897 1553 990 1618 aliam
1023 1558 1165 1640 speeiem

238 1657 268 1707 et
291 1642 383 1706 aliam
409 1654 562 1718 naturam,
586 1642 665 1706 siout
688 1661 770 1706 nuno
793 1641 949 1727 loquimur
971 1642 1010 1706 de
1042 1658 1164 1708 natura.

238 1731 270 1796 Si
294 1731 386 1816 igitur
409 1731 550 1796 diviuitas
574 1728 667 1796 Verbi
690 1730 821 1794 addatur
845 1733 999 1796 humanae
1033 1746 1164 1797 naturae

238 1822 317 1885 sieut
340 1819 450 1898 lorma,
474 1819 564 1884 laoiet
588 1819 680 1884 aliam
704 1833 858 1896 naturam3
889 1823 985 1884 etsie
1022 1818 1165 1886 Christus

239 1929 302 1974 uon
327 1910 385 1973 erit
410 1910 564 1973 humanae
588 1923 727 1984 naturae,
748 1907 803 1971 sed
826 1907 986 1993 eujusdam
1024 1907 1165 1989 alterius,

239 1998 316 2063 siout
340 2018 451 2083 eorpus
474 2000 646 2063 auimatum
670 2010 718 2061 est
741 1996 869 2063 alterius
900 2013 1029 2063 naturae
1066 2020 1166 2085 quam

238 2088 268 2151 id
293 2087 377 2173 quod
401 2103 447 2151 est
468 2106 581 2172 eorpus
604 2097 737 2150 tantum.

304 2174 422 2253 Adhuc,
447 2174 590 2259 linquae
614 2194 676 2238 non
700 2174 888 2239 oonroniunt
910 2175 941 2239 in
966 2187 1076 2239 natura
1099 2197 1166 2241 non

238 2276 310 2329 suut
332 2264 442 2329 similia
465 2262 636 2328 seeundum
659 2264 806 2349 speeiem,
830 2276 863 2328 ut
887 2265 982 2329 homo
1005 2277 1036 2329 et
1048 2283 1164 2349 equ.

238 2353 270 2418 Si
294 2366 397 2417 autem
420 2364 529 2417 natura
553 2350 662 2416 Christi
685 2352 724 2417 sit
747 2352 919 2437 composita
942 2373 980 2420 ert
1002 2352 1109 2418 divina
1134 2368 1166 2419 ει

240 2443 387 2511 humana.
413 2440 608 2505 manifestum
618 2453 664 2504 est
675 2438 760 2525 quod
772 2460 835 2504 oon
847 2442 906 2506 erit
929 2453 1036 2505 natura
1050 2440 1167 2508 Christi

240 2533 270 2595 io
294 2530 360 2595 aliis
385 2530 570 2595 hominibus.
596 2528 675 2613 Ergo
697 2548 762 2595 non
784 2530 844 2594 erit
865 2531 974 2595 similis
998 2530 1089 2595 nohis
1111 2551 1166 2596 se-

239 2619 377 2685 eundum
400 2618 545 2705 speciem
568 2617 653 2703 quod
675 2629 722 2681 est
743 2630 850 2682 eontra
866 2619 1044 2704 Apostolum
1057 2617 1168 2684 dioen-

241 2721 302 2773 tem
326 2708 410 2794 quod
432 2706 538 2773 debuit
558 2726 615 2791 per
649 2706 755 2771 omnio
793 2706 946 2790 frutribus
978 2707 1168 2788 assimilari,

240 2796 345 2874 llehr„
369 2797 400 2874 2,
427 2797 477 2861 17.

307 2885 481 2963 Praeterea,
503 2884 544 2949 lix
568 2883 668 2949 lorma
691 2895 723 2948 ει
746 2883 873 2947 materia
897 2904 1020 2971 semper
1048 2888 1168 2951 eonsti-

241 2972 335 3038 tuitur
359 2994 419 3038 una
442 2974 570 3059 speeies,
594 2992 676 3059 quae
700 2985 746 3038 est
773 2971 987 3057 praedicabilis
1021 2974 1061 3039 de
1097 2974 1168 3061 plu·

241 3062 336 3140 ribus,
359 3075 428 3126 autu
453 3061 500 3126 rel
525 3062 671 3147 potentia,
710 3074 861 3148 quantum
898 3075 945 3126 est
978 3062 1017 3127 de
1043 3064 1170 3130 ratione

240 3152 365 3237 speciei.
389 3150 421 3215 Si
444 3150 537 3236 igitur
561 3151 718 3217 humanae
749 3163 879 3214 naturae
912 3151 1015 3217 diviua
1053 3170 1171 3219 natura

241 3239 327 3325 quasi
351 3238 449 3305 forma
473 3238 627 3314 adveniat,
650 3239 805 3327 oportebit
827 3239 912 3323 quod
937 3259 975 3305 ex
1013 3241 1171 3307 commix-

243 3330 327 3393 tione
350 3330 509 3411 utriusque
532 3328 685 3412 quaedam
708 3326 883 3392 eommunis
897 3329 1016 3414 species
1027 3330 1172 3411 resultet,

242 3436 322 3501 quae
346 3418 384 3481 sit
406 3438 423 3481 a
448 3414 553 3480 multis
584 3416 811 3503 participabilis.
850 3415 941 3496 Quod
979 3430 1063 3503 patet
1096 3438 1173 3485 esse

242 3503 365 3587 lalsum3
388 3524 451 3570 uon
475 3502 558 3568 enim
581 3518 628 3570 est
646 3506 703 3571 nisi
717 3524 797 3572 unus
818 3502 1173 3587 resuschrtsrusffleua
