2484 3975
410 247 597 293 nrssturarro
901 224 965 291 575

83 316 84 319 ’
121 316 204 381 Hisce
231 314 396 402 praecipue
434 316 624 401 argumentis
664 313 769 380 nobile
805 314 964 403 ingenium

86 408 188 470 homae
210 404 320 489 agebat
353 416 385 468 ut
408 404 519 470 diuinis
542 406 695 471 attributis
718 422 887 469 consonam
911 424 966 468 uo-

82 496 160 580 isque
182 494 314 559 maxime
336 492 443 558 utilem
467 494 612 558 suaderet
646 492 866 557 revelationem
905 512 965 577 qua

81 602 236 685 upremqm
261 580 382 647 Numen
407 584 552 647 ueritates
590 582 823 666 divinaequae
852 600 966 645 nexum

81 673 255 737 ecessarium
280 684 332 735 aut
354 668 554 737 sufficientem
579 692 641 736 non
673 669 788 735 habent
821 689 892 734 curn
931 669 967 733 iis

81 781 134 825 uae
155 759 229 824 lacta
253 772 325 824 sunt
349 780 450 844 neque
473 780 530 845 per
552 780 588 825 ea
612 780 692 845 quac
716 758 796 823 lacta
820 771 891 822 sunt
922 757 967 821 in-

81 864 210 914 otescere
222 860 360 934 potsunt,
374 849 515 925 uoluerit,
529 848 617 914 sicuti
635 859 765 935 poterat,
793 866 967 932 proponere

81 960 91 1003 ι
114 936 314 1001 manifestare.
338 936 464 1001 Praesto
483 950 555 1001 sunt
577 938 670 1002 etiarn
693 949 724 1001 et
747 935 906 999 decentiae
937 948 967 998 et

81 1028 189 1091 tilitatis
211 1026 354 1102 rationes,
378 1039 411 1089 ut
433 1025 543 1090 eadem
568 1024 671 1090 diuina
694 1024 839 1089 revelatio
862 1023 966 1089 adeas

81 1136 176 1201 uoque
198 1112 434 1201 protenderetur
456 1115 598 1179 veritates
619 1134 700 1200 quae
724 1114 878 1177 humanae
916 1133 965 1177 ra-

81 1206 146 1268 onis
167 1202 354 1289 inquisitioni
377 1204 501 1288 perviae
517 1204 670 1268 dicuntur.
694 1202 811 1283 Quarto
825 1201 965 1285 ejusdem

81 1294 123 1358 bri
147 1292 236 1377 primi
261 1291 464 1378 praecedente
486 1293 585 1378 capite
618 1312 685 1357 retu
722 1292 801 1355 hanc
839 1290 968 1355 illustrat

81 1382 268 1448 auctistimus
291 1381 414 1445 Ductor.
438 1380 470 1445 Si
495 1400 630 1467 uanaque
653 1380 794 1444 veritates
818 1378 848 1443 id
871 1398 969 1463 genus

81 1470 185 1535 aturali
209 1470 355 1534 duntaxat
377 1470 487 1533 rationi
511 1469 733 1555 inquirendae
745 1468 972 1553 relinquuntur,

81 1571 236 1645 queretur
257 1558 341 1642 quod
372 1559 514 1644 «paucis
538 1558 717 1623 hominibus
743 1556 799 1619 Dei
838 1556 973 1638 cognitio

81 1662 219 1712 resset».
244 1646 382 1724 Plurimi,
414 1675 427 1707 ι
465 1661 591 1748 propter
627 1644 849 1731 complexionis
884 1645 976 1710 indis·

81 1737 236 1801 tuitionem
260 1763 273 1794 »
304 1736 406 1800 minus
430 1737 490 1820 apti
514 1749 584 1801 sunt
608 1735 647 1798 ad
670 1731 843 1798 sciendum
875 1733 976 1820 lmpe·

80 1830 179 1890 iuntur
202 1824 264 1903 alii,
294 1852 309 1883 a
332 1824 513 1889 necessitate
537 1824 583 1889 rei
606 1822 768 1887 familiaris
791 1849 823 1898 ι,
856 1822 976 1908 quomi

80 1936 112 1978 us
126 1943 142 1972 ι
154 1914 217 1978 οιὶο
230 1875 507 2000 cdntemplatiuae
501 1913 731 1998 inquisitionis»
752 1910 840 2014 potiri
855 1924 978 1997 queant,

103 2019 135 2068 ut
158 2003 197 2068 ad
220 2023 378 2067 summurn
401 2001 557 2104 fastigium
581 2003 737 2066 humanae
774 2001 977 2086 inquisitionis

80 2095 241 2177 ertingant,
263 2092 320 2156 Dei
345 2091 494 2156 scilicet»
525 2091 654 2193 ejusque
678 2089 897 2154 attributorum
921 2111 977 2155 no·

80 2184 163 2246 tiam.
203 2181 357 2246 laborant
391 2181 439 2244 alii
484 2209 499 2238 ‹
533 2181 652 2264 pigritia
693 2206 706 2237 ι
747 2199 806 2282 qua
841 2191 976 2243 renuunt

80 2291 185 2355 ragnos
209 2297 222 2328 ι
252 2269 415 2334 adsumere
445 2296 459 2327 ι
481 2269 603 2333 labores
626 2268 761 2345 studii»,
779 2269 845 2332 sine
859 2266 974 2374 quibus

98 2360 137 2423 ad
161 2358 337 2444 praedictae
349 2359 482 2423 ueritatis
496 2357 726 2442 inquisitionem
740 2357 892 2456 perueniri
910 2375 972 2419 nou

80 2462 211 2513 otest.
235 2447 288 2513 Vel
319 2448 398 2511 «illl
421 2475 435 2504 »
464 2460 624 2532 praeterea
658 2443 747 2530 «qui
782 2444 820 2508 ad
855 2443 975 2546 praedi·
1064 2443 1067 2453 ’

80 2559 123 2602 ac
147 2537 283 2602 veritatis
306 2537 512 2619 coguitionem
544 2547 596 2599 aut
619 2533 828 2598 inventionem
864 2533 977 2618 pertin-

80 2640 176 2704 erent,
188 2630 237 2690 uix
254 2637 323 2709 post
337 2625 465 2709 longum
482 2639 604 2724 tempus
627 2651 640 2680 ι
671 2622 701 2686 id
719 2621 973 2706 adsequerentur,

97 2729 166 2780 tuur
191 2727 317 2800 propter
340 2713 517 2798 hujusmodi
541 2711 674 2776 veritatis
691 2708 975 2796 profunditatem»,

80 2825 121 2867 un
148 2816 276 2906 propter
298 2803 504 2867 necessarium
528 2799 733 2883 multiplicum
766 2799 979 2882 cognitionum

80 2893 220 2956 raeuium
259 2905 452 2993 apparatum,
482 2903 547 2954 tum
583 2901 708 2976 propter
751 2914 765 2946 «
804 2887 981 2973 passionum

80 2995 162 3047 totus
186 3009 200 3038 ι
232 2979 345 3064 quihus
368 2980 471 3044 anima
485 2991 650 3042 commota
681 3004 695 3036 «
728 2996 790 3040 nou
829 2990 876 3040 est
914 2990 983 3062 apta

80 3070 92 3133 l
118 3081 185 3133 tam
213 3071 292 3132 altae
317 3070 451 3132 veritatis
478 3066 736 3169 cognitionem
723 3063 860 3168 »unid
895 3063 986 3150 ergo?

92 3158 285 3223 Remaneret
299 3157 471 3222 humanum
494 3174 626 3239 genus,
643 3156 672 3218 in
689 3153 830 3220 martinus
847 3154 990 3237 ignoran-

80 3267 116 3312 ae
158 3246 318 3320 tenebris,
353 3265 424 3310 curn
463 3244 522 3308 Dei
545 3243 691 3328 cognitio,
729 3261 830 3343 quae
846 3243 988 3306 lromiues

80 3336 196 3402 ianime
220 3333 371 3421 perlectos
409 3346 440 3398 et
475 3332 575 3397 bonos
599 3333 679 3410 lacit,
710 3330 830 3396 nonnisi
863 3330 987 3433 quibus·

80 3446 129 3490 ant
156 3423 274 3510 paucis,
298 3438 328 3488 et
344 3423 390 3486 lris
406 3427 510 3507 paucis
526 3420 618 3486 etiarn
644 3433 712 3508 post
741 3420 886 3506 temporis
919 3419 986 3485 lon·
1075 3489 1076 3494 γ

80 3513 245 3594 tudinem,
267 3511 496 3601 proueniret».
