<?xml version="1.0" encoding="UTF-8"?>
<!DOCTYPE html PUBLIC "-//W3C//DTD XHTML 1.0 Transitional//EN"
    "http://www.w3.org/TR/xhtml1/DTD/xhtml1-transitional.dtd">
<html xmlns="http://www.w3.org/1999/xhtml" xml:lang="en" lang="en">
 <head>
  <title>
</title>
<meta http-equiv="Content-Type" content="text/html;charset=utf-8" />
  <meta name='ocr-system' content='tesseract 3.04.00' />
  <meta name='ocr-capabilities' content='ocr_page ocr_carea ocr_par ocr_line ocrx_word'/>
</head>
<body>
  <div class='ocr_page' id='page_1' title='image "./sanctithomaeaqu01thomgoog_0363.png"; bbox 0 0 2484 3975; ppageno 0'>
   <div class='ocr_carea' id='block_1_1' title="bbox 79 233 1020 3515">
    <p class='ocr_par' dir='ltr' id='par_1_1' title="bbox 79 233 1020 2163">
     <span class='ocr_line' id='line_1_1' title="bbox 461 233 1018 298; baseline 0 0"><span class='ocrx_word' id='word_1_1' title='bbox 461 251 648 298; x_wconf 81' lang='lat' dir='ltr'>nrssnmtrto</span> <span class='ocrx_word' id='word_1_2' title='bbox 954 233 1018 298; x_wconf 74' lang='lat'>559</span> 
     </span>
     <span class='ocr_line' id='line_1_2' title="bbox 93 320 1019 407; baseline 0.005 -25"><span class='ocrx_word' id='word_1_3' title='bbox 93 345 110 374; x_wconf 72' lang='lat' dir='ltr'>a</span> <span class='ocrx_word' id='word_1_4' title='bbox 139 329 168 383; x_wconf 83' lang='lat' dir='ltr'>et</span> <span class='ocrx_word' id='word_1_5' title='bbox 186 320 415 401; x_wconf 81' lang='lat' dir='ltr'>possessiouem</span> <span class='ocrx_word' id='word_1_6' title='bbox 439 333 524 386; x_wconf 86' lang='lat' dir='ltr'>tuum</span> <span class='ocrx_word' id='word_1_7' title='bbox 541 323 687 386; x_wconf 81' lang='lat' dir='ltr'>terminos</span> <span class='ocrx_word' id='word_1_8' title='bbox 710 331 822 398; x_wconf 64' lang='lat' dir='ltr'>terroe</span> <span class='ocrx_word' id='word_1_9' title='bbox 845 340 916 386; x_wconf 88' lang='lat' dir='ltr'>eum</span> <span class='ocrx_word' id='word_1_10' title='bbox 951 323 1019 407; x_wconf 87' lang='lat' dir='ltr'>ejus</span> 
     </span>
     <span class='ocr_line' id='line_1_3' title="bbox 91 407 1020 496; baseline 0.003 -23"><span class='ocrx_word' id='word_1_11' title='bbox 91 434 108 463; x_wconf 75' lang='grc' dir='ltr'>ι</span> <span class='ocrx_word' id='word_1_12' title='bbox 137 425 268 492; x_wconf 90' lang='lat' dir='ltr'>regnum</span> <span class='ocrx_word' id='word_1_13' title='bbox 294 430 356 475; x_wconf 93' lang='lat' dir='ltr'>non</span> <span class='ocrx_word' id='word_1_14' title='bbox 381 410 541 496; x_wconf 91' lang='lat' dir='ltr'>usquead</span> <span class='ocrx_word' id='word_1_15' title='bbox 566 411 715 475; x_wconf 89' lang='lat' dir='ltr'>terminos</span> <span class='ocrx_word' id='word_1_16' title='bbox 739 423 841 474; x_wconf 87' lang='lat' dir='ltr'>terrae</span> <span class='ocrx_word' id='word_1_17' title='bbox 865 407 956 475; x_wconf 75' lang='lat' dir='ltr'>scierit</span> <span class='ocrx_word' id='word_1_18' title='bbox 974 411 1020 476; x_wconf 91' lang='lat' dir='ltr'>di-</span> 
     </span>
     <span class='ocr_line' id='line_1_4' title="bbox 92 497 1017 585; baseline 0.001 -23"><span class='ocrx_word' id='word_1_19' title='bbox 92 523 108 554; x_wconf 77' lang='lat'><strong>»</strong></span> <span class='ocrx_word' id='word_1_20' title='bbox 138 497 276 568; x_wconf 85' lang='lat' dir='ltr'>latntum</span> <span class='ocrx_word' id='word_1_21' title='bbox 294 513 326 562; x_wconf 95' lang='lat' dir='ltr'>ut</span> <span class='ocrx_word' id='word_1_22' title='bbox 349 498 480 564; x_wconf 76' lang='lat' dir='ltr'><strong>Historia</strong></span> <span class='ocrx_word' id='word_1_23' title='bbox 503 499 573 564; x_wconf 81' lang='lat' dir='ltr'>libri</span> <span class='ocrx_word' id='word_1_24' title='bbox 598 499 718 583; x_wconf 82' lang='lat' dir='ltr'>liegum</span> <span class='ocrx_word' id='word_1_25' title='bbox 742 498 886 564; x_wconf 88' lang='lat' dir='ltr'>declarat.</span> <span class='ocrx_word' id='word_1_26' title='bbox 910 498 1017 585; x_wconf 85' lang='lat' dir='ltr'><strong>Neque</strong></span> 
     </span>
     <span class='ocr_line' id='line_1_5' title="bbox 89 585 1017 691; baseline 0.003 -41"><span class='ocrx_word' id='word_1_27' title='bbox 89 613 107 642; x_wconf 75' lang='grc' dir='ltr'><strong>ι</strong></span> <span class='ocrx_word' id='word_1_28' title='bbox 136 587 227 650; x_wconf 88' lang='lat' dir='ltr'>etiam</span> <span class='ocrx_word' id='word_1_29' title='bbox 253 585 412 652; x_wconf 80' lang='lat' dir='ltr'>Salomoni</span> <span class='ocrx_word' id='word_1_30' title='bbox 436 602 535 691; x_wconf 79' lang='lat' dir='ltr'>potest</span> <span class='ocrx_word' id='word_1_31' title='bbox 559 589 687 652; x_wconf 91' lang='lat' dir='ltr'>omnino</span> <span class='ocrx_word' id='word_1_32' title='bbox 722 600 898 673; x_wconf 78' lang='lat' dir='ltr'><strong>competere</strong></span> <span class='ocrx_word' id='word_1_33' title='bbox 933 589 1017 674; x_wconf 88' lang='lat' dir='ltr'>quod</span> 
     </span>
     <span class='ocr_line' id='line_1_6' title="bbox 88 673 1016 758; baseline 0.002 -18"><span class='ocrx_word' id='word_1_34' title='bbox 88 702 103 731; x_wconf 76' lang='grc' dir='ltr'><strong><em>ι</em></strong></span> <span class='ocrx_word' id='word_1_35' title='bbox 137 673 257 742; x_wconf 85' lang='lat' dir='ltr'>dicitur:</span> <span class='ocrx_word' id='word_1_36' title='bbox 272 675 342 758; x_wconf 79' lang='lat' dir='ltr'>Ipse</span> <span class='ocrx_word' id='word_1_37' title='bbox 364 677 517 742; x_wconf 83' lang='lat' dir='ltr'>inuocauit</span> <span class='ocrx_word' id='word_1_38' title='bbox 539 697 597 753; x_wconf 85' lang='lat' dir='ltr'>me,</span> <span class='ocrx_word' id='word_1_39' title='bbox 621 675 718 741; x_wconf 82' lang='lat' dir='ltr'>Putet·</span> <span class='ocrx_word' id='word_1_40' title='bbox 740 697 869 740; x_wconf 81' lang='lat' dir='ltr'>meuses</span> <span class='ocrx_word' id='word_1_41' title='bbox 884 687 927 753; x_wconf 82' lang='lat' dir='ltr'>tu3</span> <span class='ocrx_word' id='word_1_42' title='bbox 943 697 1016 742; x_wconf 88' lang='lat' dir='ltr'>cum</span> 
     </span>
     <span class='ocr_line' id='line_1_7' title="bbox 87 763 1018 848; baseline 0.001 -19"><span class='ocrx_word' id='word_1_43' title='bbox 87 791 103 820; x_wconf 76' lang='grc' dir='ltr'><strong><em>ι</em></strong></span> <span class='ocrx_word' id='word_1_44' title='bbox 133 763 295 830; x_wconf 77' lang='lat' dir='ltr'><strong>subdatur:</strong></span> <span class='ocrx_word' id='word_1_45' title='bbox 320 764 472 829; x_wconf 83' lang='lat' dir='ltr'>Portum</span> <span class='ocrx_word' id='word_1_46' title='bbox 460 787 493 839; x_wconf 77' lang='lat' dir='ltr'>ut</span> <span class='ocrx_word' id='word_1_47' title='bbox 508 767 667 829; x_wconf 80' lang='lat' dir='ltr'>succulum</span> <span class='ocrx_word' id='word_1_48' title='bbox 695 767 930 830; x_wconf 78' lang='lat' dir='ltr'>saecctisemen</span> <span class='ocrx_word' id='word_1_49' title='bbox 941 767 1018 848; x_wconf 73' lang='lat' dir='ltr'>ejus,</span> 
     </span>
     <span class='ocr_line' id='line_1_8' title="bbox 85 853 1017 940; baseline 0.011 -30"><span class='ocrx_word' id='word_1_50' title='bbox 85 880 103 910; x_wconf 70' lang='grc' dir='ltr'><strong><em>ι</em></strong></span> <span class='ocrx_word' id='word_1_51' title='bbox 135 865 165 918; x_wconf 89' lang='lat' dir='ltr'>et</span> <span class='ocrx_word' id='word_1_52' title='bbox 187 853 330 917; x_wconf 85' lang='lat' dir='ltr'>tltronum</span> <span class='ocrx_word' id='word_1_53' title='bbox 355 856 420 936; x_wconf 66' lang='lat' dir='ltr'>qim</span> <span class='ocrx_word' id='word_1_54' title='bbox 441 855 601 919; x_wconf 80' lang='lat' dir='ltr'>sicotdies</span> <span class='ocrx_word' id='word_1_55' title='bbox 625 854 862 940; x_wconf 84' lang='lat' dir='ltr'>coeli(Psolm.,</span> <span class='ocrx_word' id='word_1_56' title='bbox 876 853 931 931; x_wconf 87' lang='lat'>88,</span> <span class='ocrx_word' id='word_1_57' title='bbox 946 855 1017 939; x_wconf 78' lang='lat'><strong>50);</strong></span> 
     </span>
     <span class='ocr_line' id='line_1_9' title="bbox 86 940 1017 1030; baseline 0.008 -30"><span class='ocrx_word' id='word_1_58' title='bbox 86 969 102 1000; x_wconf 71' lang='grc' dir='ltr'><strong>ι</strong></span> <span class='ocrx_word' id='word_1_59' title='bbox 133 941 218 1007; x_wconf 88' lang='lat' dir='ltr'>unde</span> <span class='ocrx_word' id='word_1_60' title='bbox 241 940 333 1006; x_wconf 90' lang='lat' dir='ltr'>datur</span> <span class='ocrx_word' id='word_1_61' title='bbox 354 943 480 1027; x_wconf 73' lang='lat' dir='ltr'>intelligi</span> <span class='ocrx_word' id='word_1_62' title='bbox 503 943 598 1030; x_wconf 85' lang='lat' dir='ltr'>quod,</span> <span class='ocrx_word' id='word_1_63' title='bbox 613 942 851 1028; x_wconf 86' lang='lat' dir='ltr'>quiaquaedam</span> <span class='ocrx_word' id='word_1_64' title='bbox 869 944 1017 1029; x_wconf 90' lang='lat' dir='ltr'>praemis·</span> 
     </span>
     <span class='ocr_line' id='line_1_10' title="bbox 85 1029 1016 1115; baseline 0.002 -21"><span class='ocrx_word' id='word_1_65' title='bbox 85 1058 101 1087; x_wconf 73' lang='grc' dir='ltr'>ι</span> <span class='ocrx_word' id='word_1_66' title='bbox 132 1032 173 1095; x_wconf 90' lang='lat' dir='ltr'>sis</span> <span class='ocrx_word' id='word_1_67' title='bbox 198 1029 301 1095; x_wconf 83' lang='lat' dir='ltr'>verbis</span> <span class='ocrx_word' id='word_1_68' title='bbox 324 1051 441 1096; x_wconf 79' lang='lat' dir='ltr'>annexa</span> <span class='ocrx_word' id='word_1_69' title='bbox 467 1031 576 1097; x_wconf 89' lang='lat' dir='ltr'>Davidi</span> <span class='ocrx_word' id='word_1_70' title='bbox 620 1031 668 1096; x_wconf 88' lang='lat' dir='ltr'>vel</span> <span class='ocrx_word' id='word_1_71' title='bbox 702 1031 863 1097; x_wconf 76' lang='lat' dir='ltr'>Salomoni</span> <span class='ocrx_word' id='word_1_72' title='bbox 898 1036 1016 1115; x_wconf 77' lang='lat' dir='ltr'>possint</span> 
     </span>
     <span class='ocr_line' id='line_1_11' title="bbox 86 1119 1015 1206; baseline 0.01 -29"><span class='ocrx_word' id='word_1_73' title='bbox 86 1147 100 1177; x_wconf 71' lang='lat' dir='ltr'>s</span> <span class='ocrx_word' id='word_1_74' title='bbox 132 1138 318 1204; x_wconf 79' lang='lat' dir='ltr'>congruere,</span> <span class='ocrx_word' id='word_1_75' title='bbox 342 1119 496 1206; x_wconf 91' lang='lat' dir='ltr'>quaedam</span> <span class='ocrx_word' id='word_1_76' title='bbox 520 1140 595 1186; x_wconf 88' lang='lat' dir='ltr'>vero</span> <span class='ocrx_word' id='word_1_77' title='bbox 617 1140 828 1206; x_wconf 84' lang='lat' dir='ltr'>nequaquam,</span> <span class='ocrx_word' id='word_1_78' title='bbox 840 1120 879 1184; x_wconf 89' lang='lat' dir='ltr'>de</span> <span class='ocrx_word' id='word_1_79' title='bbox 896 1120 1015 1186; x_wconf 88' lang='lat' dir='ltr'>Davide</span> 
     </span>
     <span class='ocr_line' id='line_1_12' title="bbox 85 1207 1016 1275; baseline 0.01 -9"><span class='ocrx_word' id='word_1_80' title='bbox 85 1236 100 1266; x_wconf 76' lang='grc' dir='ltr'><strong>ι</strong></span> <span class='ocrx_word' id='word_1_81' title='bbox 131 1224 162 1273; x_wconf 88' lang='lat' dir='ltr'>et</span> <span class='ocrx_word' id='word_1_82' title='bbox 201 1207 370 1273; x_wconf 90' lang='lat' dir='ltr'>Salomone</span> <span class='ocrx_word' id='word_1_83' title='bbox 405 1208 482 1274; x_wconf 89' lang='lat' dir='ltr'>baec</span> <span class='ocrx_word' id='word_1_84' title='bbox 521 1209 613 1274; x_wconf 84' lang='lat' dir='ltr'>verba</span> <span class='ocrx_word' id='word_1_85' title='bbox 666 1208 807 1274; x_wconf 88' lang='lat' dir='ltr'>dicantur</span> <span class='ocrx_word' id='word_1_86' title='bbox 843 1210 1016 1275; x_wconf 89' lang='lat' dir='ltr'>secuudum</span> 
     </span>
     <span class='ocr_line' id='line_1_13' title="bbox 84 1295 1014 1384; baseline 0.009 -28"><span class='ocrx_word' id='word_1_87' title='bbox 84 1325 98 1356; x_wconf 76' lang='grc' dir='ltr'><strong><em>ι</em></strong></span> <span class='ocrx_word' id='word_1_88' title='bbox 130 1316 254 1362; x_wconf 91' lang='lat' dir='ltr'>morem</span> <span class='ocrx_word' id='word_1_89' title='bbox 277 1295 452 1383; x_wconf 82' lang='lat' dir='ltr'>Scripturas</span> <span class='ocrx_word' id='word_1_90' title='bbox 475 1299 506 1362; x_wconf 92' lang='lat' dir='ltr'>in</span> <span class='ocrx_word' id='word_1_91' title='bbox 539 1297 665 1362; x_wconf 86' lang='lat' dir='ltr'>alterius</span> <span class='ocrx_word' id='word_1_92' title='bbox 701 1297 844 1381; x_wconf 87' lang='lat' dir='ltr'>liguram,</span> <span class='ocrx_word' id='word_1_93' title='bbox 882 1299 912 1361; x_wconf 93' lang='lat' dir='ltr'>iu</span> <span class='ocrx_word' id='word_1_94' title='bbox 952 1319 1014 1384; x_wconf 87' lang='lat' dir='ltr'>quo</span> 
     </span>
     <span class='ocr_line' id='line_1_14' title="bbox 83 1386 1017 1472; baseline 0.002 -22"><span class='ocrx_word' id='word_1_95' title='bbox 83 1413 97 1443; x_wconf 79' lang='grc' dir='ltr'><strong><em>ι</em></strong></span> <span class='ocrx_word' id='word_1_96' title='bbox 130 1387 275 1450; x_wconf 82' lang='lat' dir='ltr'>uniuersa</span> <span class='ocrx_word' id='word_1_97' title='bbox 299 1386 513 1472; x_wconf 88' lang='lat' dir='ltr'>compleantur</span> <span class='ocrx_word' id='word_1_98' title='bbox 538 1414 569 1448; x_wconf 75' lang='grc' dir='ltr'>ι.</span> <span class='ocrx_word' id='word_1_99' title='bbox 594 1387 668 1451; x_wconf 93' lang='lat' dir='ltr'>lleic</span> <span class='ocrx_word' id='word_1_100' title='bbox 691 1387 790 1452; x_wconf 89' lang='lat' dir='ltr'>babes</span> <span class='ocrx_word' id='word_1_101' title='bbox 825 1389 1017 1452; x_wconf 89' lang='lat' dir='ltr'>accuratissi-</span> 
     </span>
     <span class='ocr_line' id='line_1_15' title="bbox 83 1473 1016 1561; baseline 0.002 -22"><span class='ocrx_word' id='word_1_102' title='bbox 83 1495 169 1540; x_wconf 91' lang='lat' dir='ltr'>mam</span> <span class='ocrx_word' id='word_1_103' title='bbox 196 1473 346 1558; x_wconf 85' lang='lat' dir='ltr'>regulam,</span> <span class='ocrx_word' id='word_1_104' title='bbox 371 1495 463 1561; x_wconf 88' lang='lat' dir='ltr'>quam</span> <span class='ocrx_word' id='word_1_105' title='bbox 501 1491 604 1560; x_wconf 88' lang='lat' dir='ltr'>postea</span> <span class='ocrx_word' id='word_1_106' title='bbox 641 1475 782 1561; x_wconf 91' lang='lat' dir='ltr'>pluribus</span> <span class='ocrx_word' id='word_1_107' title='bbox 824 1475 1016 1542; x_wconf 73' lang='lat' dir='ltr'>illustrarunt</span> 
     </span>
     <span class='ocr_line' id='line_1_16' title="bbox 82 1562 1014 1649; baseline 0.002 -22"><span class='ocrx_word' id='word_1_108' title='bbox 82 1563 226 1642; x_wconf 86' lang='lat' dir='ltr'>lluetius,</span> <span class='ocrx_word' id='word_1_109' title='bbox 249 1563 426 1641; x_wconf 86' lang='lat' dir='ltr'>Bossuetus,</span> <span class='ocrx_word' id='word_1_110' title='bbox 461 1562 627 1641; x_wconf 87' lang='lat' dir='ltr'>Calmetus,</span> <span class='ocrx_word' id='word_1_111' title='bbox 665 1564 828 1641; x_wconf 87' lang='lat' dir='ltr'>llarcbius,</span> <span class='ocrx_word' id='word_1_112' title='bbox 867 1563 1014 1649; x_wconf 90' lang='lat' dir='ltr'>Vitringa,</span> 
     </span>
     <span class='ocr_line' id='line_1_17' title="bbox 81 1653 1015 1739; baseline 0.001 -22"><span class='ocrx_word' id='word_1_113' title='bbox 81 1653 279 1739; x_wconf 88' lang='lat' dir='ltr'>Deylingius,</span> <span class='ocrx_word' id='word_1_114' title='bbox 304 1653 417 1738; x_wconf 85' lang='lat' dir='ltr'>aliique</span> <span class='ocrx_word' id='word_1_115' title='bbox 440 1653 555 1738; x_wconf 89' lang='lat' dir='ltr'>plures,</span> <span class='ocrx_word' id='word_1_116' title='bbox 579 1653 776 1717; x_wconf 91' lang='lat' dir='ltr'>discernendi</span> <span class='ocrx_word' id='word_1_117' title='bbox 800 1666 925 1737; x_wconf 88' lang='lat' dir='ltr'>praeter</span> <span class='ocrx_word' id='word_1_118' title='bbox 963 1675 1015 1718; x_wconf 89' lang='lat' dir='ltr'>va·</span> 
     </span>
     <span class='ocr_line' id='line_1_18' title="bbox 81 1741 1013 1829; baseline 0.001 -23"><span class='ocrx_word' id='word_1_119' title='bbox 81 1743 189 1806; x_wconf 89' lang='lat' dir='ltr'>ticiuia</span> <span class='ocrx_word' id='word_1_120' title='bbox 214 1741 337 1827; x_wconf 91' lang='lat' dir='ltr'>proprie</span> <span class='ocrx_word' id='word_1_121' title='bbox 361 1741 451 1819; x_wconf 89' lang='lat' dir='ltr'>dicta,</span> <span class='ocrx_word' id='word_1_122' title='bbox 475 1742 589 1826; x_wconf 82' lang='lat' dir='ltr'>ligures</span> <span class='ocrx_word' id='word_1_123' title='bbox 613 1741 681 1805; x_wconf 88' lang='lat' dir='ltr'>illas</span> <span class='ocrx_word' id='word_1_124' title='bbox 703 1760 821 1826; x_wconf 91' lang='lat' dir='ltr'>eosque</span> <span class='ocrx_word' id='word_1_125' title='bbox 836 1755 936 1826; x_wconf 85' lang='lat' dir='ltr'>typus,</span> <span class='ocrx_word' id='word_1_126' title='bbox 959 1743 1013 1829; x_wconf 91' lang='lat' dir='ltr'>qui</span> 
     </span>
     <span class='ocr_line' id='line_1_19' title="bbox 80 1829 1014 1914; baseline 0.003 -20"><span class='ocrx_word' id='word_1_127' title='bbox 80 1830 238 1895; x_wconf 84' lang='lat' dir='ltr'>Davidem</span> <span class='ocrx_word' id='word_1_128' title='bbox 268 1830 394 1913; x_wconf 88' lang='lat' dir='ltr'>quidem</span> <span class='ocrx_word' id='word_1_129' title='bbox 419 1852 447 1896; x_wconf 89' lang='lat' dir='ltr'>v.</span> <span class='ocrx_word' id='word_1_130' title='bbox 471 1851 500 1914; x_wconf 91' lang='lat' dir='ltr'>g.</span> <span class='ocrx_word' id='word_1_131' title='bbox 524 1843 576 1895; x_wconf 91' lang='lat' dir='ltr'>aut</span> <span class='ocrx_word' id='word_1_132' title='bbox 599 1829 802 1895; x_wconf 82' lang='lat' dir='ltr'>Salomonem</span> <span class='ocrx_word' id='word_1_133' title='bbox 842 1844 894 1894; x_wconf 90' lang='lat' dir='ltr'>aut</span> <span class='ocrx_word' id='word_1_134' title='bbox 918 1830 1014 1896; x_wconf 90' lang='lat' dir='ltr'>alium</span> 
     </span>
     <span class='ocr_line' id='line_1_20' title="bbox 79 1919 1011 2007; baseline 0 -23"><span class='ocrx_word' id='word_1_135' title='bbox 79 1919 226 2007; x_wconf 87' lang='lat' dir='ltr'>quemvis</span> <span class='ocrx_word' id='word_1_136' title='bbox 249 1919 435 1984; x_wconf 89' lang='lat' dir='ltr'>adumbrant</span> <span class='ocrx_word' id='word_1_137' title='bbox 458 1919 595 2007; x_wconf 87' lang='lat' dir='ltr'>oblique,</span> <span class='ocrx_word' id='word_1_138' title='bbox 618 1919 799 2005; x_wconf 86' lang='lat' dir='ltr'>improprie,</span> <span class='ocrx_word' id='word_1_139' title='bbox 829 1919 961 1984; x_wconf 78' lang='lat' dir='ltr'>obscure</span> <span class='ocrx_word' id='word_1_140' title='bbox 979 1935 1011 1985; x_wconf 89' lang='lat' dir='ltr'>et</span> 
     </span>
     <span class='ocr_line' id='line_1_21' title="bbox 81 2008 1012 2095; baseline 0.003 -22"><span class='ocrx_word' id='word_1_141' title='bbox 81 2010 171 2095; x_wconf 88' lang='lat' dir='ltr'>quasi</span> <span class='ocrx_word' id='word_1_142' title='bbox 196 2030 252 2095; x_wconf 90' lang='lat' dir='ltr'>pcr</span> <span class='ocrx_word' id='word_1_143' title='bbox 276 2010 349 2083; x_wconf 84' lang='lat' dir='ltr'>vim,</span> <span class='ocrx_word' id='word_1_144' title='bbox 373 2030 444 2074; x_wconf 90' lang='lat' dir='ltr'>curn</span> <span class='ocrx_word' id='word_1_145' title='bbox 461 2023 545 2075; x_wconf 87' lang='lat' dir='ltr'>recto</span> <span class='ocrx_word' id='word_1_146' title='bbox 568 2023 599 2073; x_wconf 90' lang='lat' dir='ltr'>et</span> <span class='ocrx_word' id='word_1_147' title='bbox 622 2009 715 2095; x_wconf 91' lang='lat' dir='ltr'>plano</span> <span class='ocrx_word' id='word_1_148' title='bbox 737 2028 832 2073; x_wconf 88' lang='lat' dir='ltr'>sensu</span> <span class='ocrx_word' id='word_1_149' title='bbox 855 2009 887 2073; x_wconf 91' lang='lat' dir='ltr'>in</span> <span class='ocrx_word' id='word_1_150' title='bbox 923 2008 1012 2076; x_wconf 86' lang='lat' dir='ltr'>Chri·</span> 
     </span>
     <span class='ocr_line' id='line_1_22' title="bbox 80 2096 333 2163; baseline -0.012 0"><span class='ocrx_word' id='word_1_151' title='bbox 80 2115 167 2163; x_wconf 91' lang='lat' dir='ltr'>stum</span> <span class='ocrx_word' id='word_1_152' title='bbox 185 2096 333 2161; x_wconf 85' lang='lat' dir='ltr'>serantur.</span> 
     </span>
    </p>

    <p class='ocr_par' dir='ltr' id='par_1_2' title="bbox 79 2184 1015 3515">
     <span class='ocr_line' id='line_1_23' title="bbox 151 2184 1013 2271; baseline 0.005 -21"><span class='ocrx_word' id='word_1_153' title='bbox 151 2186 256 2269; x_wconf 81' lang='lat' dir='ltr'>Pergit</span> <span class='ocrx_word' id='word_1_154' title='bbox 279 2186 394 2250; x_wconf 81' lang='lat' dir='ltr'>Ductor</span> <span class='ocrx_word' id='word_1_155' title='bbox 415 2186 577 2271; x_wconf 71' lang='lat' dir='ltr'>angelicus</span> <span class='ocrx_word' id='word_1_156' title='bbox 590 2184 830 2251; x_wconf 84' lang='lat' dir='ltr'>Generatiunem</span> <span class='ocrx_word' id='word_1_157' title='bbox 848 2187 878 2251; x_wconf 97' lang='lat' dir='ltr'>in</span> <span class='ocrx_word' id='word_1_158' title='bbox 891 2186 1013 2254; x_wconf 81' lang='lat' dir='ltr'>Divinis</span> 
     </span>
     <span class='ocr_line' id='line_1_24' title="bbox 80 2273 1015 2361; baseline 0.001 -20"><span class='ocrx_word' id='word_1_159' title='bbox 80 2294 241 2361; x_wconf 88' lang='lat' dir='ltr'>exponere</span> <span class='ocrx_word' id='word_1_160' title='bbox 264 2275 415 2341; x_wconf 87' lang='lat' dir='ltr'>similibus</span> <span class='ocrx_word' id='word_1_161' title='bbox 439 2275 689 2341; x_wconf 83' lang='lat' dir='ltr'>luculentissimis</span> <span class='ocrx_word' id='word_1_162' title='bbox 724 2273 929 2340; x_wconf 78' lang='lat' dir='ltr'>Revelatiom‘s</span> <span class='ocrx_word' id='word_1_163' title='bbox 966 2277 1015 2342; x_wconf 85' lang='lat' dir='ltr'>di-</span> 
     </span>
     <span class='ocr_line' id='line_1_25' title="bbox 79 2361 1013 2449; baseline 0.006 -24"><span class='ocrx_word' id='word_1_164' title='bbox 79 2365 174 2427; x_wconf 87' lang='lat' dir='ltr'>vinae</span> <span class='ocrx_word' id='word_1_165' title='bbox 197 2364 393 2441; x_wconf 87' lang='lat' dir='ltr'>testimoniis;</span> <span class='ocrx_word' id='word_1_166' title='bbox 417 2378 482 2429; x_wconf 93' lang='lat' dir='ltr'>tum</span> <span class='ocrx_word' id='word_1_167' title='bbox 508 2376 666 2449; x_wconf 88' lang='lat' dir='ltr'>praeterea</span> <span class='ocrx_word' id='word_1_168' title='bbox 689 2361 732 2447; x_wconf 85' lang='lat' dir='ltr'>(o.</span> <span class='ocrx_word' id='word_1_169' title='bbox 748 2364 802 2442; x_wconf 91' lang='lat' dir='ltr'>ll)</span> <span class='ocrx_word' id='word_1_170' title='bbox 816 2363 1013 2430; x_wconf 82' lang='lat' dir='ltr'>Divinitatem</span> 
     </span>
     <span class='ocr_line' id='line_1_26' title="bbox 82 2451 1015 2540; baseline 0.003 -24"><span class='ocrx_word' id='word_1_171' title='bbox 82 2452 152 2517; x_wconf 88' lang='lat' dir='ltr'>Filii</span> <span class='ocrx_word' id='word_1_172' title='bbox 173 2451 355 2538; x_wconf 78' lang='lat' dir='ltr'>patefacere,</span> <span class='ocrx_word' id='word_1_173' title='bbox 367 2472 402 2517; x_wconf 89' lang='lat' dir='ltr'>ac</span> <span class='ocrx_word' id='word_1_174' title='bbox 415 2453 621 2540; x_wconf 88' lang='lat' dir='ltr'>photinianos,</span> <span class='ocrx_word' id='word_1_175' title='bbox 633 2451 818 2516; x_wconf 87' lang='lat' dir='ltr'>sabellianos</span> <span class='ocrx_word' id='word_1_176' title='bbox 830 2452 1015 2539; x_wconf 86' lang='lat' dir='ltr'>arianosque</span> 
     </span>
     <span class='ocr_line' id='line_1_27' title="bbox 82 2540 1014 2629; baseline 0.002 -24"><span class='ocrx_word' id='word_1_177' title='bbox 82 2561 209 2605; x_wconf 84' lang='lat' dir='ltr'>errores</span> <span class='ocrx_word' id='word_1_178' title='bbox 222 2541 411 2627; x_wconf 89' lang='lat' dir='ltr'>propulsare,</span> <span class='ocrx_word' id='word_1_179' title='bbox 425 2543 625 2627; x_wconf 88' lang='lat' dir='ltr'>ipsorumque</span> <span class='ocrx_word' id='word_1_180' title='bbox 648 2540 853 2624; x_wconf 74' lang='lat' dir='ltr'>paganorum,</span> <span class='ocrx_word' id='word_1_181' title='bbox 865 2560 946 2626; x_wconf 90' lang='lat' dir='ltr'>quae</span> <span class='ocrx_word' id='word_1_182' title='bbox 958 2563 1014 2629; x_wconf 91' lang='lat' dir='ltr'>up-</span> 
     </span>
     <span class='ocr_line' id='line_1_28' title="bbox 81 2628 1014 2716; baseline 0.003 -22"><span class='ocrx_word' id='word_1_183' title='bbox 81 2629 280 2715; x_wconf 88' lang='lat' dir='ltr'>ponebantur</span> <span class='ocrx_word' id='word_1_184' title='bbox 303 2644 486 2715; x_wconf 82' lang='lat' dir='ltr'>argumenta</span> <span class='ocrx_word' id='word_1_185' title='bbox 511 2628 666 2706; x_wconf 66' lang='lat' dir='ltr'>refutare</span> <span class='ocrx_word' id='word_1_186' title='bbox 682 2629 765 2714; x_wconf 88' lang='lat' dir='ltr'>quotl</span> <span class='ocrx_word' id='word_1_187' title='bbox 782 2629 1014 2716; x_wconf 87' lang='lat' dir='ltr'>insequentibus</span> 
     </span>
     <span class='ocr_line' id='line_1_29' title="bbox 81 2716 1014 2805; baseline 0.005 -23"><span class='ocrx_word' id='word_1_188' title='bbox 81 2718 234 2804; x_wconf 86' lang='lat' dir='ltr'>capitibus</span> <span class='ocrx_word' id='word_1_189' title='bbox 258 2721 382 2803; x_wconf 85' lang='lat' dir='ltr'>egregie</span> <span class='ocrx_word' id='word_1_190' title='bbox 406 2732 550 2805; x_wconf 88' lang='lat' dir='ltr'>prasetat.</span> <span class='ocrx_word' id='word_1_191' title='bbox 574 2718 735 2785; x_wconf 83' lang='lat' dir='ltr'>lletbodus</span> <span class='ocrx_word' id='word_1_192' title='bbox 761 2716 837 2784; x_wconf 88' lang='lat' dir='ltr'>baec</span> <span class='ocrx_word' id='word_1_193' title='bbox 876 2732 939 2785; x_wconf 89' lang='lat' dir='ltr'>toto</span> <span class='ocrx_word' id='word_1_194' title='bbox 975 2742 1014 2787; x_wconf 88' lang='lat' dir='ltr'>eo</span> 
     </span>
     <span class='ocr_line' id='line_1_30' title="bbox 80 2806 1013 2894; baseline 0.003 -23"><span class='ocrx_word' id='word_1_195' title='bbox 80 2806 163 2872; x_wconf 91' lang='lat' dir='ltr'>libro</span> <span class='ocrx_word' id='word_1_196' title='bbox 186 2809 434 2873; x_wconf 85' lang='lat' dir='ltr'>constantissime</span> <span class='ocrx_word' id='word_1_197' title='bbox 458 2823 608 2872; x_wconf 88' lang='lat' dir='ltr'>servatur.</span> <span class='ocrx_word' id='word_1_198' title='bbox 644 2806 722 2871; x_wconf 82' lang='lat' dir='ltr'>lliuc</span> <span class='ocrx_word' id='word_1_199' title='bbox 758 2826 836 2871; x_wconf 82' lang='lat' dir='ltr'>vana</span> <span class='ocrx_word' id='word_1_200' title='bbox 871 2828 907 2873; x_wconf 88' lang='lat' dir='ltr'>ac</span> <span class='ocrx_word' id='word_1_201' title='bbox 940 2808 1013 2894; x_wconf 87' lang='lat' dir='ltr'>jure</span> 
     </span>
     <span class='ocr_line' id='line_1_31' title="bbox 82 2894 1014 2983; baseline 0.004 -24"><span class='ocrx_word' id='word_1_202' title='bbox 82 2895 171 2961; x_wconf 92' lang='lat' dir='ltr'>nullo</span> <span class='ocrx_word' id='word_1_203' title='bbox 196 2895 269 2961; x_wconf 84' lang='lat' dir='ltr'>lulta</span> <span class='ocrx_word' id='word_1_204' title='bbox 295 2909 383 2961; x_wconf 86' lang='lat' dir='ltr'>tetus</span> <span class='ocrx_word' id='word_1_205' title='bbox 406 2916 444 2961; x_wconf 92' lang='lat' dir='ltr'>ea</span> <span class='ocrx_word' id='word_1_206' title='bbox 468 2896 595 2983; x_wconf 89' lang='lat' dir='ltr'>querela</span> <span class='ocrx_word' id='word_1_207' title='bbox 635 2896 717 2959; x_wconf 87' lang='lat' dir='ltr'>Petri</span> <span class='ocrx_word' id='word_1_208' title='bbox 742 2894 783 2958; x_wconf 89' lang='lat' dir='ltr'>de</span> <span class='ocrx_word' id='word_1_209' title='bbox 820 2896 947 2975; x_wconf 78' lang='lat' dir='ltr'>biliaco,</span> <span class='ocrx_word' id='word_1_210' title='bbox 980 2899 1014 2963; x_wconf 92' lang='lat' dir='ltr'>in</span> 
     </span>
     <span class='ocr_line' id='line_1_32' title="bbox 83 2983 1014 3069; baseline 0.004 -22"><span class='ocrx_word' id='word_1_211' title='bbox 83 2983 230 3049; x_wconf 88' lang='lat' dir='ltr'>Tractatu</span> <span class='ocrx_word' id='word_1_212' title='bbox 254 3004 346 3069; x_wconf 84' lang='lat' dir='ltr'>quem</span> <span class='ocrx_word' id='word_1_213' title='bbox 371 2998 477 3050; x_wconf 86' lang='lat' dir='ltr'>eontra</span> <span class='ocrx_word' id='word_1_214' title='bbox 499 2985 651 3062; x_wconf 87' lang='lat' dir='ltr'>loannem</span> <span class='ocrx_word' id='word_1_215' title='bbox 668 2984 708 3049; x_wconf 89' lang='lat' dir='ltr'>de</span> <span class='ocrx_word' id='word_1_216' title='bbox 731 2984 914 3050; x_wconf 88' lang='lat' dir='ltr'>Montesono</span> <span class='ocrx_word' id='word_1_217' title='bbox 936 2988 1014 3053; x_wconf 90' lang='lat' dir='ltr'>sori-</span> 
     </span>
     <span class='ocr_line' id='line_1_33' title="bbox 83 3072 1014 3161; baseline 0.003 -24"><span class='ocrx_word' id='word_1_218' title='bbox 83 3075 154 3159; x_wconf 92' lang='lat' dir='ltr'>psit,</span> <span class='ocrx_word' id='word_1_219' title='bbox 178 3074 259 3137; x_wconf 90' lang='lat' dir='ltr'>circa</span> <span class='ocrx_word' id='word_1_220' title='bbox 283 3092 399 3137; x_wconf 88' lang='lat' dir='ltr'>annum</span> <span class='ocrx_word' id='word_1_221' title='bbox 423 3074 547 3138; x_wconf 88' lang='lat' dir='ltr'>Domini</span> <span class='ocrx_word' id='word_1_222' title='bbox 574 3072 660 3138; x_wconf 77' lang='lat'>1588</span> <span class='ocrx_word' id='word_1_223' title='bbox 694 3077 735 3161; x_wconf 85' lang='lat' dir='ltr'>(e.</span> <span class='ocrx_word' id='word_1_224' title='bbox 774 3074 805 3147; x_wconf 79' lang='lat'>5,</span> <span class='ocrx_word' id='word_1_225' title='bbox 841 3074 938 3140; x_wconf 88' lang='lat' dir='ltr'>couci.</span> <span class='ocrx_word' id='word_1_226' title='bbox 981 3078 1014 3154; x_wconf 79' lang='lat'>5,</span> 
     </span>
     <span class='ocr_line' id='line_1_34' title="bbox 82 3161 1013 3249; baseline 0.004 -24"><span class='ocrx_word' id='word_1_227' title='bbox 82 3161 225 3227; x_wconf 87' lang='lat' dir='ltr'>corollar.</span> <span class='ocrx_word' id='word_1_228' title='bbox 252 3162 296 3246; x_wconf 87' lang='lat' dir='ltr'>l),</span> <span class='ocrx_word' id='word_1_229' title='bbox 324 3162 406 3249; x_wconf 91' lang='lat' dir='ltr'>apud</span> <span class='ocrx_word' id='word_1_230' title='bbox 430 3161 573 3228; x_wconf 87' lang='lat' dir='ltr'>Carnium</span> <span class='ocrx_word' id='word_1_231' title='bbox 597 3161 796 3246; x_wconf 88' lang='lat' dir='ltr'>Duplessium</span> <span class='ocrx_word' id='word_1_232' title='bbox 820 3162 1013 3246; x_wconf 78' lang='lat' dir='ltr'>cl&#39;tlrgentre</span> 
     </span>
     <span class='ocr_line' id='line_1_35' title="bbox 83 3250 1012 3336; baseline 0.005 -23"><span class='ocrx_word' id='word_1_233' title='bbox 83 3250 113 3313; x_wconf 93' lang='lat' dir='ltr'>in</span> <span class='ocrx_word' id='word_1_234' title='bbox 138 3250 329 3316; x_wconf 88' lang='lat' dir='ltr'>Collectione</span> <span class='ocrx_word' id='word_1_235' title='bbox 351 3251 538 3336; x_wconf 84' lang='lat' dir='ltr'>judiciorum</span> <span class='ocrx_word' id='word_1_236' title='bbox 573 3251 612 3315; x_wconf 90' lang='lat' dir='ltr'>de</span> <span class='ocrx_word' id='word_1_237' title='bbox 643 3250 736 3316; x_wconf 86' lang='lat' dir='ltr'>Novis</span> <span class='ocrx_word' id='word_1_238' title='bbox 774 3252 945 3325; x_wconf 89' lang='lat' dir='ltr'>erroribus,</span> <span class='ocrx_word' id='word_1_239' title='bbox 981 3265 1012 3318; x_wconf 84' lang='lat' dir='ltr'>et</span> 
     </span>
     <span class='ocr_line' id='line_1_36' title="bbox 84 3338 1012 3424; baseline 0.005 -23"><span class='ocrx_word' id='word_1_240' title='bbox 84 3340 165 3424; x_wconf 82' lang='lat' dir='ltr'>aputl</span> <span class='ocrx_word' id='word_1_241' title='bbox 191 3340 404 3419; x_wconf 76' lang='lat' dir='ltr'>launoium,</span> <span class='ocrx_word' id='word_1_242' title='bbox 396 3360 427 3405; x_wconf 88' lang='lat' dir='ltr'>ru</span> <span class='ocrx_word' id='word_1_243' title='bbox 450 3340 529 3405; x_wconf 90' lang='lat' dir='ltr'>libro</span> <span class='ocrx_word' id='word_1_244' title='bbox 552 3340 591 3403; x_wconf 89' lang='lat' dir='ltr'>dc</span> <span class='ocrx_word' id='word_1_245' title='bbox 616 3338 705 3405; x_wconf 89' lang='lat' dir='ltr'>Varia</span> <span class='ocrx_word' id='word_1_246' title='bbox 729 3338 900 3403; x_wconf 82' lang='lat' dir='ltr'>Aristotelis</span> <span class='ocrx_word' id='word_1_247' title='bbox 934 3341 1012 3406; x_wconf 88' lang='lat' dir='ltr'>For</span> 
     </span>
     <span class='ocr_line' id='line_1_37' title="bbox 84 3427 1011 3515; baseline 0.003 -24"><span class='ocrx_word' id='word_1_248' title='bbox 84 3440 157 3492; x_wconf 90' lang='lat' dir='ltr'>tuna</span> <span class='ocrx_word' id='word_1_249' title='bbox 182 3435 222 3511; x_wconf 82' lang='lat' dir='ltr'>(c.</span> <span class='ocrx_word' id='word_1_250' title='bbox 251 3429 317 3515; x_wconf 83' lang='lat' dir='ltr'>tu).</span> <span class='ocrx_word' id='word_1_251' title='bbox 350 3456 363 3488; x_wconf 82' lang='grc' dir='ltr'>ι</span> <span class='ocrx_word' id='word_1_252' title='bbox 387 3428 451 3493; x_wconf 93' lang='lat' dir='ltr'>ln</span> <span class='ocrx_word' id='word_1_253' title='bbox 444 3428 518 3515; x_wconf 80' lang='lat' dir='ltr'>ipsis</span> <span class='ocrx_word' id='word_1_254' title='bbox 545 3427 735 3493; x_wconf 86' lang='lat' dir='ltr'>arduissimis</span> <span class='ocrx_word' id='word_1_255' title='bbox 758 3427 844 3491; x_wconf 89' lang='lat' dir='ltr'>Fidei</span> <span class='ocrx_word' id='word_1_256' title='bbox 865 3428 1011 3507; x_wconf 87' lang='lat' dir='ltr'>articulis,</span> 
     </span>
    </p>
   </div>
   <div class='ocr_carea' id='block_1_2' title="bbox 82 3514 1011 3639">
    <p class='ocr_par' dir='ltr' id='par_1_3' title="bbox 82 3514 1011 3639">
     <span class='ocr_line' id='line_1_38' title="bbox 82 3514 1011 3639; baseline 0.005 -59"><span class='ocrx_word' id='word_1_257' title='bbox 82 3515 260 3604; x_wconf 91' lang='lat' dir='ltr'>inquientis,</span> <span class='ocrx_word' id='word_1_258' title='bbox 283 3532 314 3584; x_wconf 90' lang='lat' dir='ltr'>et</span> <span class='ocrx_word' id='word_1_259' title='bbox 338 3518 509 3639; x_wconf 87' lang='lat' dir='ltr'>lrumauam</span> <span class='ocrx_word' id='word_1_260' title='bbox 533 3518 685 3583; x_wconf 84' lang='lat' dir='ltr'>rationem</span> <span class='ocrx_word' id='word_1_261' title='bbox 707 3514 1011 3601; x_wconf 86' lang='lat' dir='ltr'>transcendentibus,</span> 
     </span>
    </p>
   </div>
   <div class='ocr_carea' id='block_1_3' title="bbox 0 0 1246 3975">
    <p class='ocr_par' dir='ltr' id='par_1_4' title="bbox 0 0 1246 3975">
     <span class='ocr_line' id='line_1_39' title="bbox 0 0 1246 3975; baseline 0 2"><span class='ocrx_word' id='word_1_262' title='bbox 0 0 1246 3975; x_wconf 95' lang='lat' dir='ltr'> </span> 
     </span>
    </p>
   </div>
  </div>
 </body>
</html>
