2484 3975
227 211 291 278 tut
446 233 500 280 tto.
525 237 561 282 tv.
586 237 649 285 etr.
674 236 961 285 insumunt.

225 299 307 388 qunti
322 299 459 368 uoluntas
474 306 575 372 divina
589 306 747 392 disposuit,
762 306 931 371 seeundum
949 303 1033 371 iilud:
1051 303 1153 385 Quae

221 392 340 474 pinsito
361 405 433 457 sunt
454 394 491 466 ei,
513 396 593 478 (noio
616 416 746 479 semper,
767 394 888 471 ioann„
911 394 944 471 8,
955 394 1008 458 uu.
1024 393 1149 458 flutua-

224 499 264 545 tta
286 480 378 545 etiarn
402 485 540 567 operatio
563 485 674 551 Christi
698 483 864 568 quamdam
887 482 1054 548 efficaciam
1092 481 1146 547 di·

220 569 323 633 rinam
347 590 384 634 ex
414 571 529 636 unione
569 573 733 638 divinitatis
769 572 1026 655 consequebatur,
1060 569 1147 635 siout

221 658 300 722 sotio
315 657 487 723 secundarii
502 663 623 744 agentis
635 660 835 746 consequitur
850 659 1017 724 eiiieoaiam
1032 677 1149 744 quorn-

222 745 295 811 dam
317 765 353 810 ex
377 747 537 834 prinoipoii
561 763 684 836 agente
707 769 744 813 ex
766 769 829 835 quo
866 747 1017 832 contingit
1057 747 1149 832 quod

223 835 379 920 quaelibet
402 835 468 921 ejus
491 841 569 904 notio
593 839 640 903 vei
664 838 764 923 passio
787 837 995 912 iuitsaiubris3
1018 849 1150 922 propter·

225 922 310 1078 apud
331 922 498 1010 Dionysius
523 927 575 1007 (de
598 927 717 993 Divinis
733 926 866 1003 Nomio,
877 947 904 990 e.
920 926 956 1008 2)
972 924 1147 989 humanam

270 1011 336 1076 risti
359 1015 568 1098 operationem
592 1029 679 1082 voeat
703 1015 925 1091 theandricam,
946 1013 977 1077 id
1000 1025 1046 1076 est
1077 1013 1148 1076 dei·

223 1100 355 1178 inritent,
378 1115 408 1166 et
429 1104 519 1167 etiarn
541 1106 611 1192 quia
635 1118 681 1169 est
702 1103 760 1168 oet
777 1117 807 1168 et
830 1102 973 1168 hominis.
996 1100 1146 1167 videntes

227 1189 319 1273 igitur
342 1189 507 1255 humanato
532 1195 718 1259 voluntatem
742 1206 771 1258 et
794 1191 1005 1276 operationem
1029 1188 1144 1254 Christi

224 1277 406 1342 subdivina
430 1281 574 1360 ordinari,
598 1280 749 1348 iniuiiihiii
771 1281 891 1357 ordine,
923 1279 1143 1363 judicaverunt

223 1366 254 1429 in
277 1364 397 1430 Christo
420 1388 487 1434 esse
511 1385 629 1436 tanturn
654 1372 839 1436 voluntatem
863 1384 893 1432 et
927 1366 1143 1453 operationem

221 1474 328 1528 noenu·
345 1459 484 1540 quamvis
497 1481 558 1524 nnn
575 1462 611 1524 sit
628 1458 721 1538 idem,
733 1472 766 1524 ut
776 1457 893 1524 dietum
908 1469 966 1536 est,
981 1475 1079 1520 unum
1091 1475 1145 1520 or·

222 1543 294 1608 tiine
317 1556 346 1609 et
371 1565 466 1611 unum
491 1548 679 1637 simpliciter.

495 1725 552 1791 Ch
569 1725 593 1790 P
610 1724 677 1791 UT
711 1723 858 1793 xxxttt.

195 1959 198 1964 .
272 1899 385 1964 Contra
408 1903 534 1989 eosqui
554 1903 700 1967 diruunt
723 1922 760 1966 en
783 1903 890 1966 numo
912 1911 942 1964 et
964 1916 1094 1986 corpore

252 2009 313 2054 non
335 2010 399 2055 esse
422 1994 541 2078 ntiquid
564 2012 658 2057 unum
691 1986 887 2057 constitutum
909 1992 943 2055 t'n
969 1992 1101 2055 Christo.

283 2167 324 2232 iix
348 2170 523 2253 praemissis
548 2171 641 2255 igitur
673 2168 870 2235 manifestum
904 2180 951 2232 est
983 2165 1066 2253 quoti
1102 2167 1138 2231 in

217 2255 346 2337 Christo
361 2271 406 2321 est
443 2272 561 2323 tanturn
601 2280 661 2323 una
686 2277 828 2345 persona,
850 2255 1021 2322 seeundum
1061 2254 1137 2319 fidei

216 2347 427 2422 assertionem,
450 2361 480 2411 et
503 2347 583 2413 duae
607 2363 744 2425 naturae,
766 2347 873 2413 eontra
896 2346 927 2410 id
951 2342 1035 2430 quod
1073 2342 1140 2407 Ne-

214 2434 326 2502 storius
347 2448 377 2499 et
399 2435 548 2520 Eutyches
571 2452 750 2521 posuerunt.

279 2522 343 2587 Sed
365 2524 436 2607 quia
461 2526 519 2589 hoo
543 2524 677 2590 alienum
702 2526 823 2590 videtur
845 2523 885 2587 ah
907 2520 956 2587 his
978 2539 1058 2604 quae
1080 2540 1134 2585 ua-

217 2612 321 2678 turaiis
345 2612 421 2676 ratio
444 2615 608 2699 experitur,
632 2613 754 2679 inerunt
777 2613 903 2699 quidam
940 2609 1139 2694 posteriores,

217 2702 308 2766 tolero
333 2700 371 2764 de
395 2701 508 2765 unione
532 2702 714 2787 positionem
738 2714 923 2767 asserentes:
945 2697 1024 2778 Quia
1050 2698 1135 2761 eninr

217 2810 254 2853 er
278 2788 392 2854 unione
415 2790 537 2853 anirnae
560 2805 591 2855 et
625 2792 763 2877 eorporis
796 2787 990 2855 constituitur
1027 2785 1134 2849 horno.

217 2878 271 2943 sed
295 2896 332 2941 etr
356 2878 413 2942 hae
436 2879 538 2943 anirna
562 2893 592 2943 et
614 2900 652 2943 ex
690 2880 749 2943 hoo
784 2897 914 2963 corpore
954 2874 1003 2938 hie
1035 2874 1134 2939 homo

216 2964 313 3053 (quod
338 2981 459 3052 praeter
481 2967 669 3054 hypostasim
687 2967 734 3032 vei
751 2986 926 3052 personam,
942 2963 1131 3048 hypostasim

216 3070 244 3121 et
261 3076 425 3142 personam
449 3054 588 3143 designat
610 3058 662 3142 ti)
677 3056 702 3142 )‚
725 3056 861 3121 vnieutes
884 3054 1060 3119 evitarene
1082 3071 1134 3115 oo·

269 3228 308 3295 (i)
326 3226 359 3281 Ut
376 3230 584 3283 videbiturinirs
595 3231 646 3295 (ΕΙ.
664 3246 721 3299 cap.
739 3246 793 3299 seq.
805 3228 885 3299 init-i:
908 3231 989 3283 uiieet
1002 3231 1133 3282 nonomni

216 3300 364 3369 hypostasis
382 3303 415 3353 sit
443 3318 563 3370 persona,
592 3304 677 3355 omnis
711 3307 796 3353 tameo
825 3302 973 3371 hypostasis
1006 3299 1134 3353 humanas
1226 3369 1227 3372 Ἴ

215 3381 325 3423 naturae
343 3388 453 3440 persona
472 3380 519 3424 est.
537 3392 549 3421 o
572 3401 605 3411 -
626 3372 698 3424 Unde
717 3378 789 3439 potet
807 3374 889 3441 quod,
907 3374 934 3423 in
952 3371 1001 3423 hoo
1019 3370 1133 3436 homine,
1226 3379 1227 3436 y

214 3456 265 3491 non
285 3442 383 3492 dantur
400 3444 541 3509 separatim
561 3445 600 3494 rel
619 3444 768 3510 hypostasis
786 3444 828 3496 vel
847 3458 968 3513 persono,
997 3440 1043 3493 sed
1073 3456 1134 3494 oon·

210 3507 324 3583 junctirn
343 3518 370 3561 et
390 3513 539 3581 hypostasis
557 3520 583 3565 et
601 3527 722 3584 persono.
