2484 3975
275 238 330 289 uto.
354 244 392 291 tv.
415 244 478 289 cte.
502 242 570 289 xcu.
593 240 629 286 ιιι
652 244 732 289 actu.
887 226 953 294 539

108 312 216 391 Adhuc,
240 312 413 387 Intellectus
436 325 542 379 notter
565 312 645 377 circa
667 310 882 379 conclusiones
897 316 953 382 ali·

79 422 235 469 resecrare
259 415 368 488 potest,
397 416 562 490 antequam
602 402 633 466 in
668 402 767 486 prima
803 401 952 492 principia

79 492 181 559 solutio
204 492 265 567 dat,
288 492 318 555 in
343 511 403 578 qua
425 490 613 576 resolutione
635 490 700 574 jam
724 488 802 555 lacta
825 492 951 559 scientia

79 606 81 639 ι
103 579 342 647 concinionibus
366 580 506 657 habetur,
529 599 608 665 quae
632 578 706 644 talea
729 598 797 645 erac
820 599 952 669 nonpo-

79 683 108 733 ιι.
134 668 212 735 Sicut
235 682 338 736 autem
363 668 455 739 lrabct
477 688 511 733 ee
535 668 721 754 principium
757 667 951 737 demonstra·

79 758 128 823 inis
151 759 179 822 io
201 758 405 845 speculativis,
428 760 468 822 ita
491 777 524 823 se
551 757 643 823 habet
665 756 789 822 linitio
811 758 951 844 appetiti-

79 868 95 911 t.
117 848 267 929 Quamdiu
293 848 385 930 igitur
408 846 503 911 finem
527 844 669 909 ultimum
693 865 756 909 non
788 851 952 934 consequi·

79 958 89 999 r
111 933 245 1003 voluntas
268 949 383 1013 nostra,
405 947 504 1023 potest
516 936 660 1020 peruerti.
676 946 855 1001 nouantem
868 951 952 1023 post·

83 1025 190 1089 amad
214 1024 389 1091 fruitionem
415 1023 513 1089 ultimi
544 1022 612 1087 linis
647 1024 833 1109 pervenerit,
866 1026 951 1110 quod

79 1127 228 1201 tpropter
249 1113 384 1199 seipsum
408 1110 621 1189 desiderabile,
644 1116 721 1176 sicut
744 1113 843 1198 prima
866 1115 950 1201 priu-

79 1206 114 1267 ιιι
136 1202 429 1269 demonstrationum
451 1213 523 1265 suut
546 1212 750 1286 perrenota.

104 1292 247 1378 Amplius,
269 1290 402 1367 Bonum,
425 1290 608 1375 inquantum
633 1287 823 1373 liujuomodi,
849 1290 951 1377 diligt·

82 1402 99 1444 c
133 1394 188 1445 est.
221 1380 313 1462 Quod
336 1378 430 1463 igitur
466 1378 710 1465 apprehenditur
733 1391 766 1443 ut
799 1381 952 1465 optimum

79 1518 81 1531 .
101 1468 232 1533 maxime
255 1467 411 1552 diligibile.
425 1466 486 1531 Sed
500 1467 668 1532 substantia
682 1467 838 1532 rationalia
850 1470 951 1550 beatu,

79 1558 141 1623 lens
164 1558 274 1635 Deum,
296 1556 501 1642 apprehendit
522 1556 623 1642 ipsum
637 1569 670 1619 ut
691 1555 854 1640 optimum.
871 1558 950 1643 Ergo

79 1649 166 1711 trime
188 1648 289 1733 ipsum
313 1644 420 1729 diligit.
451 1644 516 1711 Hoc
550 1659 653 1711 autem
690 1644 785 1709 habet
816 1648 895 1711 ratio
918 1668 949 1712 a·

79 1736 128 1800 uis
151 1735 234 1820 qnod
259 1733 432 1799 uoluntates
454 1753 489 1798 se
524 1733 693 1797 amantium
729 1733 790 1798 eint
827 1734 948 1802 conloc-

79 1845 106 1889 ιι.
131 1824 306 1889 Voluptates
329 1822 422 1907 igitur
442 1822 604 1889 beatorum
628 1835 699 1887 cunt
727 1822 948 1889 maximacon·

80 1932 145 1977 mes
185 1914 275 1991 Deo,
308 1912 360 1999 qui
399 1910 469 1977 lacit
509 1911 723 1975 rectitudinem
762 1911 949 1993 uoluntatis,

79 2024 101 2066 n
125 2003 229 2068 diviua
253 2002 392 2068 voluntas
413 2003 452 2065 eit
474 2000 573 2088 prima
597 2000 705 2084 regule
728 2005 870 2067 amnium
895 2023 948 2068 ro·

80 2105 194 2158 iratum.
218 2089 396 2156 voluntates
419 2090 511 2175 igitur
534 2090 637 2154 Deum
677 2087 847 2155 videntium
885 2110 947 2157 nou

80 2194 160 2244 tsunt
184 2179 250 2246 lieri
276 2198 446 2265 perreriae.

98 2269 183 2345 ltem‚
202 2267 358 2350 Quamdiu
371 2266 484 2353 aliquid
501 2279 547 2330 est
563 2279 670 2330 natum
687 2268 805 2332 moueri
822 2266 862 2332 ad
878 2267 951 2334 alte·

80 2379 99 2420 n
126 2357 265 2421 nondum
284 2357 375 2422 habet
398 2355 541 2420 ultimum
558 2355 663 2418 linem.
678 2353 711 2419 Si
738 2355 832 2440 igitur
847 2357 950 2421 animo

80 2459 114 2510 na
126 2459 231 2531 posset
243 2442 548 2510 adbuctranemutari
560 2442 950 2521 debonoinmalummou·

80 2555 102 2598 u
125 2550 208 2600 esset
229 2537 262 2598 in
285 2534 393 2600 ultimo
415 2532 488 2609 liora
511 2530 595 2618 quod
617 2544 665 2597 est
688 2546 795 2598 contra
817 2532 949 2598 beatitu-

83 2625 108 2686 is
132 2625 294 2688 rationem.
318 2619 510 2688 lleuiieotum
533 2634 579 2686 eet
600 2620 693 2706 igimr
719 2622 803 2706 quod
828 2623 950 2688 animae

80 2703 236 2778 restalini
260 2725 327 2799 post
350 2724 481 2776 mortem
516 2709 593 2774 liunt
630 2711 738 2774 beatae
774 2708 948 2778 redduntur
1022 2769 1025 2776 .

80 2801 240 2867 mutabiles
262 2798 434 2868 secundum
462 2798 662 2866 uoluntatem.

335 2975 505 3044 CAPUT
543 2973 647 3040 XClll.

80 3118 167 3199 Quod
188 3119 313 3182 animae
335 3117 491 3182 malorum
521 3125 595 3200 port
625 3125 757 3180 mortem
794 3116 908 3182 halent

183 3208 374 3273 uoluntatem
397 3203 621 3270 immutabilem
645 3206 678 3268 in
701 3206 794 3270 mulo·

89 3329 248 3396 Similiter
270 3329 363 3395 etiam
386 3341 416 3394 et
439 3327 560 3392 animae
576 3346 657 3412 quae
670 3327 773 3393 statim
795 3341 958 3415 postmor-

80 3440 87 3483 i
114 3418 296 3486 efficiantur
322 3419 353 3482 in
378 3416 483 3504 poenis
507 3415 639 3482 miserae
658 3415 959 3486 reddunturimmu·

80 3507 137 3576 iles
162 3507 336 3586 secundum
359 3506 557 3572 uoluntatem.
