2484 3975
213 200 278 269 356
578 220 770 267 urserarsrto
829 282 832 285 ἦ

214 292 287 356 mile
310 288 430 356 videtur
456 290 641 375 Contpeodio
669 289 849 374 Tbeolopieo
871 286 1038 354 etiamtunc
1053 286 1137 355 adla-

213 380 324 447 borare
346 380 506 446 subcisivis
530 381 615 446 lteris
637 380 772 468 potuisse
795 377 960 442 Tltcmam.

467 557 522 625 IV.
550 558 665 641 Operis
693 554 885 621 distributio.

280 733 316 799 lu
339 732 447 801 libros
459 749 590 822 quatuor
605 735 783 799 tributuma
803 731 995 798 sanctissimo
1008 730 1140 799 Auctore

214 836 333 912 prostat
354 821 447 911 Opus.
481 822 615 908 Singulis
652 824 855 910 praemissum
892 821 1004 906 legitur
1027 822 1139 887 Prone

120 963 123 968 .
217 914 326 979 mium.
350 912 416 977 Uno
440 911 641 978 absolvuntur
666 912 777 997 capite,
814 930 894 997 quae
932 912 1021 975 tertio
1059 913 1139 977 libro
1235 903 1236 918 ¹

219 1013 250 1067 et
277 1014 386 1087 quarto
409 1000 570 1068 Prooemia
606 1000 742 1087 praelixa
764 1016 847 1077 sunu
883 999 982 1085 capita
1003 999 1140 1086 comple·

218 1103 342 1157 ctuntur
364 1090 463 1175 plura,
486 1110 565 1177 quac
588 1090 701 1156 librum
726 1090 861 1177 primum
884 1089 1073 1176 praecedunt
1109 1103 1140 1153 et

219 1179 399 1244 seeundum.
423 1178 549 1265 Singula
572 1198 646 1244 tero
669 1180 709 1243 ab
731 1178 834 1263 aliquo
856 1178 946 1243 ducta
984 1192 1057 1243 suut
1088 1198 1140 1265 ap
1235 1237 1236 1244 ,

220 1268 340 1331 tissime
363 1288 467 1332 sacrae
490 1268 666 1355 Scripturae
689 1281 782 1333 testu.
1235 1327 1236 1334 ,

287 1355 368 1420 'lum
405 1357 576 1421 naturalem
615 1357 831 1441 Theologiam,
868 1368 934 1419 tum
973 1353 1140 1421 revelatam
1235 1361 1236 1392 ³

220 1457 321 1510 versat
344 1465 470 1511 omnem
496 1447 641 1531 Aquinas.
664 1446 789 1510 Divinas
812 1444 953 1509 veritates
992 1444 1061 1509 illas
1095 1458 1142 1510 ta·

221 1534 310 1597 metsi
333 1533 435 1599 divina
459 1534 659 1600 manifestatis
671 1534 869 1611 revelatione,
891 1548 1021 1599 naturae
1036 1552 1141 1598 tumen

220 1621 339 1687 lumine
363 1622 580 1710 adsequibiles,
602 1625 726 1711 exponit
750 1644 786 1688 ae
808 1622 940 1698 vindicat
961 1622 1141 1687 dunbusim

221 1711 316 1795 tegris
339 1713 446 1797 primis
469 1714 554 1779 libris
577 1734 612 1778 ac
635 1714 714 1779 tertii
739 1727 834 1798 parte.
858 1710 976 1775 Tuetur
997 1732 1034 1777 ac
1070 1711 1141 1777 illu·

222 1814 297 1865 strat
320 1800 398 1866 libro
421 1816 530 1888 quarto
553 1802 693 1888 llysteria
716 1801 813 1875 Fidei,
835 1820 914 1886 quae
938 1800 1063 1867 luminis
1085 1822 1139 1866 na·

223 1889 328 1953 turalis
351 1890 424 1965 vim,
448 1904 628 1976 potestatem
651 1904 683 1955 et
704 1889 869 1955 efficaciam
892 1889 1055 1966 eseedunt;
1089 1910 1141 1955 cu-

217 1976 355 2064 jusmodi
378 1993 448 2044 sunt
461 1979 667 2044 Personarum
691 1980 819 2057 trinitas,
841 1977 908 2043 Filii
931 1978 1073 2044 divinitas
1110 1991 1140 2044 et

221 2065 352 2153 Spiritus
365 2067 478 2146 Sancti,
493 2068 584 2134 Verbi
606 2069 664 2134 Dei
685 2068 864 2146 incarnatio,
887 2087 948 2131 una
971 2070 1002 2132 in
1026 2068 1141 2154 duplici

221 2169 330 2220 natura
354 2175 484 2242 perrona
507 2177 578 2222 cum
603 2157 716 2244 duplici
740 2156 898 2222 voluntate
908 2170 939 2219 et
951 2159 1142 2243 operatione,

221 2243 388 2330 Conceptio
410 2264 447 2309 ert
473 2245 597 2332 Virgine
620 2260 730 2324 matre,
752 2245 963 2324 Sacramenta,
996 2245 1141 2310 Resurre-

221 2333 283 2398 ctio
312 2353 490 2419 corporum,
526 2334 675 2420 iudicium
700 2333 802 2400 iinale.
841 2334 936 2399 Tertii
974 2337 1142 2419 superioris

220 2421 293 2487 libri
315 2437 435 2508 partem
457 2424 612 2488 residuam
636 2423 667 2488 in
691 2423 727 2488 iis
749 2422 939 2510 exponendis
962 2422 1141 2507 legiseven·

222 2509 339 2595 gelicac
362 2510 556 2578 documentis
579 2513 717 2591 insumit,
739 2531 819 2597 quse
841 2512 880 2576 ad
903 2525 1022 2598 partem
1039 2531 1142 2576 mora·

223 2600 287 2664 lem
310 2601 471 2684 pertinent:
496 2601 603 2666 ultima
628 2621 698 2666 vera
723 2601 855 2665 hominis
868 2600 1022 2677 beatitate,
1035 2621 1142 2666 amore

226 2687 283 2753 Dei
306 2688 434 2774 ejusque
471 2690 565 2767 cultu,
604 2689 740 2755 consiliis
776 2689 971 2775 evangelicis,
1005 2703 1142 2775 peccato,

226 2789 256 2842 et
279 2777 399 2857 merito,
422 2797 457 2844 ac
480 2777 583 2844 debita
606 2799 717 2866 poena,
740 2777 862 2844 divinae
883 2779 1000 2862 gratiae
1012 2778 1142 2843 auxiliis.

277 2954 309 3020 V.
337 2955 501 3041 Tbeolopio
522 2955 679 3020 naturalis
707 2966 738 3020 et
752 3001 757 3011 .
772 2957 913 3021 revelato
945 2955 1040 3020 simul
1072 2974 1146 3019 cost-

307 3047 447 3130 jtmctoe,
469 3065 507 3110 oc
528 3045 690 3110 methodus
718 3064 798 3131 quoa
833 3046 867 3109 itt
903 3056 1034 3128 utroque
1069 3043 1144 3110 illu·

316 3135 449 3200 stranda
473 3145 625 3200 smoatur.

287 3310 354 3376 Non
377 3309 489 3377 eodem
514 3311 544 3376 in
569 3323 700 3398 utraque
721 3309 904 3396 Tbeolopia,
941 3309 1072 3375 naturali
1107 3322 1142 3375 et

223 3400 366 3476 revelata,
390 3401 634 3486 proceditmodo
658 3401 840 3487 prudentae
854 3397 1140 3487 eapiensllmmas.

223 3487 317 3553 Primi
341 3489 462 3572 generis
474 3489 614 3554 raritates
630 3488 773 3575 explanat
787 3492 1019 3574 contrariosque
1034 3506 1143 3552 errata·
