2484 3975
171 194 237 261 ton
492 214 548 261 tin.
575 216 612 261 rr.
638 217 702 265 eir.
726 217 822 265 cxxix.
895 222 901 231 ¹

172 308 188 347 a
212 294 338 369 peceato
361 300 516 368 purgarer
539 286 624 350 unde
646 289 810 373 Apostolus
833 284 915 349 dicit:
942 282 1103 363 Quemad-

172 375 297 437 rnoitum
320 382 471 435 statutum
493 385 540 440 est
561 375 738 441 nominibus
760 372 1054 450 remelmori..·,·sie
1068 382 1102 436 et

176 462 316 525 Christus
331 462 426 525 semel
449 460 571 527 oblatus
586 477 631 529 est
643 467 688 529 nit
702 468 871 530 multorum
886 461 1102 527 esitmniendo

172 562 310 629 peccota,
333 548 437 627 ileon,
460 550 492 627 9,
517 553 630 617 27-28.
653 555 826 639 Resurgere
865 566 968 616 eutem
1004 550 1102 614 soluit

176 654 209 705 ut
230 659 287 703 nos
311 659 327 701 e
352 653 451 705 morte
474 640 631 719 liberares
653 644 737 709 unde
759 641 931 731 Apostolus:
958 639 1102 703 Christus

175 728 347 793 recurrerit
377 730 551 793 amortuis
582 732 743 815 primitiae
764 730 992 798 dormientium:
1027 748 1100 811 quo

175 818 262 883 niem
283 816 408 901 quidem
428 838 485 900 per
507 819 662 884 homiriem
684 842 779 899 mors,
802 833 832 887 et
853 838 909 903 per
946 818 1101 881 liorninem

176 906 360 972 resurreetio
384 910 614 987 mortuorum‚l
643 910 725 989 Con,
749 906 1100 987 instinctionem

177 996 270 1080 igitur
293 995 400 1059 mortis
424 994 533 1061 Christi
564 1000 595 1063 in
629 1001 829 1065 sacramentis
867 995 1102 1080 consequimur,

178 1097 328 1171 quamum
352 1084 390 1146 ad
414 1086 628 1151 remissionem
652 1087 772 1174 culpam
794 1089 910 1152 dictum
934 1098 980 1148 est
1014 1083 1100 1147 enirn

178 1192 271 1259 supra
296 1169 336 1253 (c.
361 1172 418 1258 tto)
440 1174 524 1259 quod
547 1191 739 1240 sacramenta
762 1178 793 1241 in
816 1178 927 1240 virtute
950 1172 1103 1259 passionis

179 1263 289 1327 Christi
327 1277 503 1347 operantur.
542 1264 689 1330 Effectum
724 1279 828 1330 autem
867 1262 1105 1327 resurrectionis

179 1351 305 1427 tlhristi,
325 1364 473 1436 quantum
499 1353 536 1417 ad
561 1354 775 1420 liberationem
799 1376 816 1417 a
841 1366 951 1429 morte,
975 1351 1006 1413 iu
1038 1350 1104 1415 linc

179 1440 294 1505 saeculi
328 1459 566 1525 consequemur,
590 1444 716 1527 quanto
754 1462 865 1509 omnes
902 1461 957 1527 per
988 1437 1106 1504 Christi

180 1530 323 1593 virtutem
347 1548 555 1614 resurgemus
578 1532 662 1596 unde
685 1532 758 1597 dicit
772 1526 998 1620 ApostolustSi
1013 1528 1105 1592 Cleri·

180 1628 246 1683 stus
265 1619 563 1703 praeutcmnrpnit
585 1620 1105 1702 rerurresitcmortiiir,quomodo

180 1707 309 1791 quidum
331 1708 488 1771 dicuntia
510 1708 765 1792 uobispuoninm
798 1708 985 1795 resurreetio
1017 1726 1104 1770 mor·

183 1808 303 1860 tuorum
326 1796 473 1860 nonest?
498 1796 532 1861 Si
553 1811 656 1863 nutem
689 1801 875 1865 resurreetio
908 1806 1103 1861 mortuorum

182 1905 243 1948 non
265 1894 319 1960 est,
330 1903 425 1968 neque
444 1885 583 1952 Christus
593 1892 775 1954 resurrexit.
792 1889 826 1954 Si
842 1899 946 1952 nutem
960 1883 1102 1950 Christus

181 1993 243 2038 non
264 1976 444 2050 resurrexit,
470 1976 572 2040 inanis
596 1988 646 2043 est
671 1999 742 2064 erpo
754 1977 951 2064 praedicatio
980 1984 1105 2050 nostra,

139 2127 142 2132 ,
180 2063 283 2126 inanis
304 2071 349 2125 est
371 2073 401 2126 et
421 2064 498 2150 fides
520 2077 636 2146 vestro,
676 2068 798 2147 leon,
838 2068 889 2144 lo,
915 2064 1025 2129 llll.
1051 2064 1103 2129 Est

180 2151 274 2236 igitur
296 2149 335 2213 de
359 2153 537 2218 necessitate
570 2155 644 2227 fidei
678 2158 805 2222 credere
843 2153 1103 2222 resurrectionem

181 2251 376 2306 mortuorum
400 2238 546 2306 loturam.

246 2327 380 2408 Quidam
405 2347 488 2407 vero,
512 2332 571 2396 hoc
594 2353 740 2419 perverse
762 2332 980 2418 intelligentes,
997 2349 1105 2394 resur·

181 2423 350 2484 rectionem
374 2437 538 2504 corporum
562 2419 698 2487 loturam
724 2441 785 2486 non
799 2424 939 2495 credone
951 2420 1005 2484 sed
1020 2422 1106 2504 quod

180 2507 220 2570 de
243 2508 466 2572 resurreetione
490 2509 601 2594 legitur
624 2512 656 2576 in
680 2509 1103 2599 scripturisarlspiritualeru

182 2597 440 2660 resurrectionem
473 2601 589 2664 rel'erre
623 2617 786 2678 conantur,
812 2603 989 2665 secundum
1018 2600 1105 2682 quod

182 2684 274 2768 aliqui
298 2700 438 2750 amorre
463 2689 578 2772 peccati
601 2705 768 2774 resurgunt
790 2709 846 2776 per
873 2688 1013 2773 gratiam.

250 2771 304 2836 llic
327 2787 429 2838 autem
453 2795 541 2841 error
562 2777 603 2842 nb
638 2779 705 2864 ipso
742 2777 888 2865 Apostolo
910 2774 1108 2862 reprobatum

183 2859 255 2925 dicit
277 2861 371 2925 enim:
396 2861 535 2948 Prolem
556 2876 587 2930 et
614 2868 793 2951 unniloquin
817 2868 934 2941 devite·
972 2865 1107 2928 multum

184 2949 265 3013 enim
286 2951 452 3037 proficiunt
472 2954 516 3018 nd
537 2955 738 3038 impietatem,
765 2968 796 3020 et
816 2975 917 3021 sermo
943 2973 1049 3018 eornm
1069 2963 1109 3017 ut

182 3059 292 3103 enricer
314 3043 422 3124 serpit:
445 3059 483 3106 ce
504 3043 615 3127 quibus
638 3057 684 3109 ert
705 3045 903 3131 Hymenaeus
913 3055 943 3108 et
954 3041 1107 3119 Philetus,

181 3128 235 3213 qui
250 3130 410 3195 noeritute
420 3132 493 3218 fidei
504 3131 693 3213 ecndmnnt,
703 3135 839 3199 meentes
849 3134 1108 3198 resurrectionem

172 3222 245 3299 jorn
266 3219 383 3303 [netum
406 3240 480 3297 erre,
505 3221 526 3286 9
550 3221 644 3301 Tim,
667 3224 699 3299 ᾖ,
723 3221 835 3303 tutte
858 3223 943 3309 quod
959 3239 1021 3284 non
1045 3239 1104 3305 po·

182 3320 259 3371 terat
282 3307 409 3392 intelligi
431 3311 489 3374 nisi
513 3311 553 3374 de
590 3314 815 3378 resurrectione
851 3309 1010 3399 spirituali.
1051 3309 1112 3372 ltst

178 3413 253 3478 ergo
275 3411 380 3462 contra
405 3400 564 3464 veritatem
587 3401 658 3465 lidei
689 3421 808 3488 ponere
839 3412 1103 3468 resurrectionem

178 3483 365 3568 spiritualem
390 3500 419 3550 et
442 3505 557 3573 negare
582 3489 788 3576 corporalem.
