2484 3975
213 206 256 272 to
515 224 571 269 uu.
595 226 634 270 ιν.
657 224 720 270 etr.
744 226 794 272 vn.

212 294 386 359 exinaniret
409 296 604 378 temetipsum
630 294 764 377 formum
796 294 878 361 seren·
910 294 1072 379 occipiens,
1093 299 1128 362 in

210 382 314 465 formo
339 382 398 447 Dei
424 396 499 454 erut,
523 383 665 469 Philipp,
688 384 719 463 ἢ,
742 384 809 449 6-7.
834 383 892 447 Per
915 381 1047 449 sormam
1070 408 1125 451 ou-

212 485 274 535 tero
298 470 353 535 Dei
378 492 439 537 non
463 471 544 536 uliud
569 471 747 556 intelligitur
770 493 863 558 quarn
879 481 988 536 notura
1011 474 1125 551 diuina,

210 561 288 625 siout
311 558 518 645 per'lormum
542 561 622 625 serui
646 582 708 627 non
732 561 909 646 intelligitur
932 559 1015 627 aliud
1030 583 1125 648 quem

210 648 346 714 humane
370 662 487 714 natura.
513 649 562 713 Est
585 670 660 733 ergo
694 650 786 716 Filius
809 652 842 715 iu
870 662 977 715 nuturu
1011 650 1127 728 diviua,

209 758 273 803 non
297 750 343 802 est
365 736 456 821 igitur
478 750 626 801 ereatura.

275 828 361 904 ltem,
384 825 463 889 Nihil
487 839 624 889 ereetum
649 839 747 911 potest
779 847 847 893 εεεε
882 826 950 893 Deo
985 829 1125 913 nequole.

209 914 302 981 Filius
326 928 428 979 auteur
451 927 497 978 εει
519 913 600 978 Petri
624 915 770 1000 aequali's3
793 916 1008 981 diciturenim:
1027 916 1127 997 Quae·

208 1004 320 1069 rebant
341 1024 409 1067 eum
431 1002 543 1067 thdnei
563 1004 745 1083 interlicere,
766 1005 841 1087 quio
862 1024 923 1068 non
944 1006 1046 1069 sotum
1060 1008 1125 1069 sol·

208 1092 301 1157 uelint
321 1090 495 1168 sabbatum,
517 1093 573 1155 red
595 1103 626 1155 et
639 1092 766 1157 Potrem
777 1112 866 1157 ouum
877 1092 1000 1158 diuellat
1013 1094 1123 1173 Deum,

209 1182 370 1265 aequatem
393 1200 425 1243 se
446 1180 563 1263 [ueiens
586 1181 662 1257 Deo,
696 1181 818 1259 toaun,
841 1180 873 1258 5,
908 1182 960 1261 183
983 1182 1058 1247 lieet
1082 1196 1129 1248 est

209 1290 284 1355 ergo
307 1267 516 1352 Evangelistee
540 1271 683 1347 narratio,
695 1270 782 1354 eujus
795 1270 1003 1335 testimouium
1020 1291 1129 1336 rerum

209 1374 265 1434 est,
288 1357 371 1443 quod
395 1357 531 1423 Christus
566 1358 678 1423 Filium
703 1358 760 1421 Dei
783 1378 816 1423 se
839 1358 961 1423 dicebat
994 1374 1025 1425 et
1059 1360 1126 1425 Deo

210 1446 382 1533 aequalem,
404 1460 435 1510 ει
457 1460 618 1532 propterea
635 1468 706 1511 eum
722 1446 832 1511 ludaei
850 1449 1127 1534 persequebantur3
1187 1514 1197 1523 ,

207 1556 264 1601 nee
297 1535 427 1601 dubium
465 1550 510 1599 est
545 1535 844 1620 nliouiClrristiano
879 1539 953 1621 quin
991 1551 1023 1602 et
1050 1538 1127 1603 illud

209 1624 293 1711 quod
317 1623 453 1689 Christus
476 1623 515 1687 de
538 1644 570 1689 se
594 1624 668 1687 dixit
691 1644 798 1690 verum
822 1626 871 1703 sit,
899 1645 970 1689 oum
993 1632 1127 1713 etilpon

208 1712 305 1797 stolus¹
327 1713 406 1779 dieat
430 1712 489 1777 hoe
512 1732 574 1780 nou
598 1711 691 1777 luisse
713 1713 949 1798 rapinamquod
964 1715 1125 1801 aequalem

147 1832 151 1846 ·
184 1838 185 1851 ι
208 1822 242 1867 εε
265 1822 335 1867 εεεε
357 1801 437 1867 Patri
461 1800 624 1865 arbitratus
646 1814 702 1877 est,
725 1801 867 1887 Philipp„
883 1803 915 1879 2,
937 1802 968 1874 6;
991 1818 1036 1879 εει
1052 1824 1127 1889 ergo

209 1891 303 1955 Filius
327 1888 462 1975 aequalis
486 1889 576 1954 Patri.
600 1889 668 1953 Non
692 1902 738 1954 est
762 1891 853 1973 igitur
874 1904 1023 1957 creature.

276 1978 426 2065 Amplius,
447 1976 570 2063 Legitur
603 1999 667 2044 nou
690 1999 758 2044 esse
779 1978 1010 2047 similitudinem
1033 1980 1129 2048 aliou-

205 2068 257 2154 J'us
280 2068 318 2133 ad
342 2068 454 2140 Deum,
478 2068 569 2132 etiem
602 2068 682 2132 inter
717 2067 860 2152 Angelos,
894 2071 947 2154 qui
983 2070 1036 2136 lilii
1070 2071 1127 2137 Dei

208 2159 360 2224 dicuntur:
386 2157 504 2235 Quium,
538 2157 637 2243 inquit
661 2156 832 2235 Psalmista,
854 2157 966 2222 similis
988 2161 1047 2224 erit
1061 2161 1127 2226 Deo

207 2247 241 2310 in
263 2247 352 2311 Fttits
376 2245 445 2320 Dei,
469 2245 592 2320 Psalm„
616 2245 669 2323 88,
693 2247 724 2323 73
758 2257 790 2309 et
812 2245 893 2310 alibi:
934 2248 1025 2327 Deos,
1057 2252 1127 2333 quir

207 2335 320 2400 similis
342 2335 400 2398 erit
423 2333 494 2400 tibi?
517 2331 644 2412 Psalm,
664 2334 717 2412 82,
740 2335 772 2412 ἢ,
802 2335 884 2420 quod
920 2336 958 2402 tle
993 2336 1125 2422 perfeeto

207 2422 407 2490 similitudine
432 2423 526 2508 accipi
551 2437 681 2508 oportet,
705 2423 787 2509 quod
812 2437 894 2509 patet
915 2445 953 2489 ex
975 2425 1023 2492 his
1046 2445 1126 2511 quoe

207 2513 240 2578 in
264 2515 364 2600 primo
388 2511 467 2576 libro
492 2525 617 2576 tractata
640 2526 720 2578 sunt.
745 2511 882 2577 Christus
906 2514 1095 2600 autem'peri
1113 2553 1126 2566 -

207 2616 286 2668 utem
310 2602 357 2666 sui
380 2601 612 2665 similitudinem
636 2601 674 2665 nd
710 2601 831 2664 Patrem
855 2602 999 2681 ostendit,
1031 2605 1125 2668 etiem

207 2691 238 2755 iu
262 2689 403 2765 vivendo
427 2689 537 2754 dieitur
562 2690 656 2753 enim:
694 2689 778 2753 Siout
800 2689 895 2752 Potor
916 2690 1007 2756 lubet
1028 2694 1126 2760 uitam

205 2779 239 2842 in
262 2779 433 2860 semetipse,
455 2778 500 2842 oie
522 2778 608 2841 dedit
642 2789 673 2842 et
706 2776 785 2840 tttn
822 2777 936 2842 labere
963 2781 1060 2846 uitam
1092 2782 1128 2846 in

205 2869 381 2950 semetipso,
402 2866 525 2943 loann,
550 2866 580 2934 5.
604 2866 657 2930 26.
690 2864 757 2928 Non
779 2877 825 2928 est
862 2866 955 2950 igitur
987 2867 1127 2938 Christus

207 2955 435 3042 computandus
458 2955 537 3018 inter
560 2953 640 3018 lilius
662 2952 719 3016 Dei
742 2967 870 3018 oreatoS.

273 3044 406 3121 Adhuc,
445 3041 533 3106 Nulla
571 3041 741 3108 substantia
778 3056 879 3106 creato
916 3059 1153 3132 repraesentat,

206 3132 308 3198 Deum
332 3145 485 3218 quantum
510 3129 548 3194 ed
572 3131 638 3216 ejus
654 3129 866 3210 spontaneo
881 3134 1028 3219 quidquid
1041 3137 1126 3201 enim

207 3242 245 3287 ex
269 3221 456 3309 perfectione
479 3219 701 3306 cujuscumque
713 3232 872 3284 creaturae
888 3237 1014 3307 apparet
1024 3225 1127 3290 minus

208 3324 254 3376 est
276 3331 371 3398 quarn
394 3308 476 3394 quod
500 3308 584 3373 Deus
608 3326 665 3386 esu
688 3309 770 3374 unde
793 3327 848 3393 per
872 3309 988 3376 nullam
1006 3325 1127 3376 oreatu-

209 3418 277 3464 rem
301 3400 370 3463 seiri
396 3410 495 3484 potest
528 3397 567 3461 de
603 3397 669 3462 Deo
693 3397 778 3484 =quid
805 3409 862 3460 est.
897 3397 990 3463 Filius
1025 3414 1129 3466 nutem

210 3499 421 3573 repraesentat
443 3485 579 3562 Peneon
601 3485 676 3551 dicit
712 3485 796 3551 enim
829 3485 869 3550 de
891 3507 929 3553 eo
965 3488 1129 3576 Apostolus
