2484 3975
400 257 456 300 arn.
481 256 519 301 rr.
545 255 607 309 mr.¹
631 256 729 303 xxxiv.
948 237 1012 302 tttt

91 324 410 391 tulerunt..Dixerunt
433 327 515 388 enim
552 323 636 409 quod
672 325 773 388 anima
808 323 944 389 humana
987 343 1017 390 et

91 435 201 501 eorpus
225 416 397 480 humanum
420 411 552 477 naturali
577 414 692 477 unione
731 429 944 478 convenerunt
983 417 1015 479 in

88 502 212 569 ¹Christo
236 503 275 567 ad
298 502 548 566 constitutionem
573 500 665 565 unius
700 501 835 566 hominis
873 501 1014 586 ejusden

88 593 202 678 speciei
225 606 255 656 et
279 604 405 655 naturae
429 611 499 655 oum
524 589 590 654 aliis
617 589 808 667 hominibus,
832 603 863 654 et
884 591 969 677 quod
986 593 1016 657 in

87 677 154 748 lma.
175 681 300 746 homine
323 679 408 743 Deos
431 679 579 744 habitarit
606 679 685 743 sicut
721 679 751 743 in
793 679 909 764 templo
948 701 1015 758 suo,

87 769 204 834 seilicet
228 789 283 854 per
306 768 446 851 gratiam,
470 768 547 832 sicut
571 777 600 829 et
618 768 648 832 in
664 767 732 832 aliis
751 767 930 832 hominibus
945 790 1016 832 san-

88 858 156 926 ctis:
169 857 251 920 unda
268 855 342 920 illud
356 856 438 940 quod
463 857 527 942 ipse
548 855 673 920 ludaeis
697 856 781 920 dixit:
809 854 925 921 Solvite
944 870 1016 921 tem-

87 947 177 1029 plum
199 945 264 1024 hoc,
289 955 317 1006 et
338 945 372 1007 io
396 942 493 1008 tribus
515 944 623 1008 diebus
645 945 785 1008 excitabo
796 944 889 1023 illud,
913 947 1013 1024 loan,

91 1035 123 1105 a,
150 1034 201 1109 t9;
225 1047 254 1097 at
277 1047 380 1119 postea
394 1033 595 1118 Evangelista,
611 1034 696 1118 quasi
713 1053 885 1119 exponens,
898 1035 1013 1100 subdit:

92 1122 150 1185 ttte
173 1133 275 1185 autem
297 1121 419 1186 dicebat
440 1122 479 1186 dc
502 1123 614 1206 templo
623 1124 762 1204 corporis
778 1123 836 1200 stri,
854 1122 943 1201 lbid,
960 1124 1013 1202 at,

92 1225 122 1274 et
145 1211 314 1294 Apostolus,
337 1210 419 1294 quod
446 1211 567 1294 inipso
590 1211 775 1294 complacuit
796 1230 918 1274 omnem
943 1215 1032 1296 ple·

92 1300 260 1364 altudinem
283 1299 468 1378 inhabitare,
491 1298 618 1375 Coloss,
661 1301 689 1378 l,
724 1299 776 1364 19.
811 1300 847 1363 Et
880 1321 916 1367 er
952 1304 1011 1367 hoc

90 1401 252 1452 consecuta
276 1403 321 1452 est
344 1387 472 1452 ulterius
495 1387 648 1470 quaedam
665 1387 833 1453 allectoalis
849 1390 1011 1456 uniointer

89 1475 247 1540 hominem
274 1476 359 1540 illum
384 1489 414 1540 et
437 1476 550 1555 Deum,
574 1477 650 1541 dom
673 1490 703 1540 et
726 1478 823 1542 homo
846 1477 897 1542 ille
929 1477 1010 1544 bona

88 1585 143 1628 sua
167 1565 323 1628 voluntate
346 1565 413 1628 Deo
452 1565 583 1630 inhaesit
605 1580 636 1629 et
658 1565 742 1631 Deus
773 1587 828 1630 sua
854 1566 1026 1632 voluntate·

88 1652 175 1718 illum
200 1653 378 1738 acceptavit,
400 1653 570 1719 secuudum
595 1654 680 1719 illud:
694 1654 754 1734 Qut
771 1675 818 1718 rrae
840 1657 926 1720 misit
947 1677 1010 1720 mn·

88 1761 156 1804 carm
179 1754 225 1806 est
258 1754 369 1806 etanta
392 1743 518 1826 reliquit
539 1763 588 1806 me
610 1743 720 1816 solam,
743 1738 819 1827 poio
841 1765 905 1828 epu,
930 1765 1010 1828 qrtue

84 1831 207 1912 placitu
229 1841 301 1896 suot
323 1832 361 1908 ei,
384 1829 464 1912 focio
486 1851 616 1914 seraper,
638 1832 760 1908 loann,
786 1830 816 1909 8,
841 1833 894 1907 29,
911 1848 944 1898 ut
966 1837 1009 1899 sie
1118 1852 1120 1855 ’

88 1918 276 2005 intelligatur
301 1919 366 1984 talis
390 1940 457 1984 esse
481 1920 554 1984 unio
579 1921 715 1984 hominis
739 1920 820 1986 illius
849 1921 888 1986 ad
904 1921 1007 1989 Deum

88 2008 189 2091 qualis
211 2022 257 2073 est
279 2010 354 2075 unio
378 2008 417 2073 de
434 2030 493 2094 qua
506 2010 669 2096 Apostolus
680 2008 763 2075 dicit:
784 2013 842 2090 Qui
857 2011 1009 2077 adhaeret

86 2098 166 2175 lteo,
187 2118 267 2161 artua
290 2100 420 2181 spiritus
443 2110 498 2173 ert,
523 2100 537 2163 1
566 2095 656 2177 Cor,
669 2098 699 2176 6,
727 2100 776 2165 17.
802 2100 846 2179 El,
869 2102 946 2166 sicut
970 2123 1006 2167 ex

85 2186 146 2251 hac
170 2188 282 2251 unione
307 2189 432 2252 nomina
455 2206 535 2272 quae
563 2190 686 2274 proprie
713 2187 780 2253 Deo
819 2191 1007 2255 conveniunt

84 2274 123 2338 ad
149 2274 290 2339 homines
315 2275 548 2352 transferuntur,
572 2290 604 2340 ut
620 2275 761 2342 dicantur
774 2277 816 2341 dii
829 2292 859 2343 et
870 2278 923 2343 lilii
947 2280 1005 2347 Dei

83 2378 113 2427 et
137 2363 263 2427 Domini
288 2377 317 2427 et
340 2364 441 2428 Sancti
465 2377 495 2427 et
533 2364 654 2443 Christi,
688 2366 766 2430 sicut
804 2386 840 2429 ex
879 2368 1004 2433 diversis

83 2451 160 2517 locis
185 2451 360 2537 Scripturae
384 2466 476 2536 patet,
500 2454 539 2518 ita
563 2466 592 2517 et
615 2454 740 2519 nomina
753 2454 860 2519 divina
885 2457 1003 2521 homini

81 2540 126 2603 illi
151 2540 350 2615 conveniunt,
374 2553 416 2619 ut,
440 2555 563 2625 propter
587 2542 644 2605 Dei
679 2543 933 2609 inhabitationem
972 2560 1003 2610 et

81 2629 234 2693 unionem
260 2626 396 2705 allectos,
419 2629 538 2693 dicatur
561 2642 590 2693 et
614 2629 698 2696 Deus
721 2645 752 2695 et
775 2631 832 2695 Dei
856 2632 950 2699 Filius
972 2649 1003 2699 et

77 2715 238 2781 Dominus
260 2730 290 2779 et
314 2716 442 2781 Sanetus
467 2733 496 2781 et
513 2717 666 2784 Christus.
692 2720 752 2783 Sed
782 2733 896 2801 tamen,
930 2724 1001 2808 quia

80 2807 114 2869 in
140 2805 195 2870 illo
218 2806 343 2869 homine
367 2806 466 2891 major
490 2806 651 2892 plenitudo
674 2810 790 2891 gratiae
818 2809 874 2874 luit
907 2833 1000 2898 quam

80 2895 113 2957 in
140 2894 209 2958 aliis
233 2893 409 2958 hominibus
433 2897 556 2975 sanctis,
582 2896 644 2961 luit
661 2917 735 2983 prae
771 2898 901 2966 caeteris
925 2915 999 2965 tem·

80 2983 173 3067 plum
197 2980 265 3059 Dei,
289 2996 319 3045 et
341 2984 451 3048 arelius
475 2985 542 3049 Deo
564 2986 736 3051 secundum
773 2988 999 3055 affectumuni-
1092 3070 1094 3076 Α

80 3086 141 3147 tus,
165 3086 195 3134 et
218 3071 364 3155 singulari
391 3073 523 3157 quodam
546 3074 707 3159 privilegio
730 3075 831 3141 divina
871 3084 997 3145 nourina

77 3159 279 3245 participalia
302 3176 331 3225 et
354 3176 478 3247 propter
512 3162 593 3226 ¹hanc
630 3164 841 3229 excellentiam
878 3169 996 3251 gratiae

79 3248 262 3313 constitutus
285 3264 330 3314 est
353 3252 383 3313 in
407 3252 637 3335 participatione
652 3253 940 3339 divinaediguitatis
965 3272 995 3321 et

80 3336 218 3415 honoris,
241 3351 273 3402 ut
295 3337 409 3403 scilieet
434 3337 615 3402 coadoretur
638 3340 714 3406 Deo.

146 3425 182 3489 Et
203 3426 257 3504 sic,
279 3426 449 3491 seeundum
487 3428 654 3512 praedicta,
681 3442 803 3516 oportet
825 3431 910 3517 quod
933 3434 993 3499 alia

73 3513 116 3578 rsit
140 3534 270 3599 persona
293 3514 383 3582 Verbi
406 3514 462 3579 Dei
486 3516 596 3617 atalia
621 3525 751 3603 persona
774 3519 857 3587 illios·
891 3523 994 3588 laomi-

127 3603 158 3666 S.
190 3602 244 3670 rt.
270 3602 411 3669 Sttormue
433 3604 512 3670 t'tat.
537 3605 570 3674 ll.
596 3607 624 3672 5.
883 3633 885 3636 ·
910 3614 950 3677 lll
