2484 3975
422 212 484 283 uta·¹
503 236 540 283 tv.
565 236 630 283 oar.
653 237 692 283 tt.
976 218 1019 284 tto

97 304 135 374 Et
156 304 283 394 quidem
306 304 390 391 qood
412 305 566 393 praediola
589 306 721 370 intentio
742 321 806 371 noo
828 304 867 369 sit
881 304 912 370 in
930 306 1020 374 nobis

101 415 153 462 res
176 394 340 471 intelleeta,
360 393 434 479 intio
457 407 583 483 apparet
606 393 689 479 quod
714 392 798 459 aliud
827 405 874 459 εει
908 393 1021 462 intelli·

100 504 176 569 gere
199 502 265 549 rem
289 496 320 547 et
343 482 426 549 aliud
448 499 494 549 εει
516 482 690 567 intelligere
707 482 804 570 ipsam
818 482 1021 550 intentionem

98 572 298 649 intellectam,
309 571 393 656 quod
406 572 576 637 intellectus
588 570 660 635 iaeit
671 570 747 637 dom
773 590 868 657 super
878 590 969 637 suum
985 593 1021 637 o·

98 680 158 749 pua
168 658 346 738 relleotitun
358 659 440 727 unde
452 674 483 725 et
494 661 572 727 aliae
582 659 729 744 scientiae
751 671 823 725 sunt
834 659 874 724 de
887 659 980 725 rebus
990 673 1022 726 ει

99 749 177 816 aliae
192 749 233 813 de
247 748 466 815 intentionibus
479 748 658 815 intellectus.
672 748 763 831 Quod
776 760 879 814 autem
891 748 1021 815 intentio

98 837 254 903 intellecta
266 856 329 901 oon
344 836 382 902 sit
396 838 461 923 ipse
473 837 646 903 intellectus
661 836 692 903 in
705 837 804 915 uobis,
815 857 853 903 ex
864 838 924 903 hoo
939 850 1023 924 patet

99 924 184 1013 quod
195 945 262 990 ease
274 924 449 991 intentionis
462 926 738 991 intelleetaeetiam
762 925 874 1013 inipso
901 926 1021 993 intelle·

99 1028 151 1080 otu
162 1013 309 1092 consistit,
321 1034 382 1079 non
396 1028 500 1080 autam
514 1034 581 1079 esse
596 1014 769 1080 intelleetus
796 1015 902 1094 nostri,
932 1015 1021 1103 eujus

100 1122 169 1168 εεεε
193 1120 254 1167 non
277 1115 323 1168 εει
344 1122 434 1168 suum
466 1103 646 1189 intelligere.
681 1101 759 1168 Cum
770 1122 846 1187 ergo
861 1106 892 1171 in
902 1104 970 1169 lieo
983 1104 1023 1171 sit

99 1190 184 1257 idem
206 1210 273 1257 εεεε
296 1204 326 1255 ει
349 1191 531 1277 intelligere,
556 1190 685 1256 intentio
723 1191 875 1258 intellecta
899 1192 1021 1282 inipso

100 1291 147 1345 est
169 1278 236 1365 ejus
258 1280 441 1357 intellectum
463 1294 505 1359 ει,
527 1282 597 1365 quia
623 1278 794 1345 intellectus
830 1280 861 1346 in
899 1302 938 1347 ao
975 1295 1022 1348 εει

101 1388 151 1434 res
176 1368 340 1447 intellecta,
362 1369 562 1454 intelligendo
587 1370 671 1432 enim
694 1387 739 1445 se,
753 1368 896 1455 inteiligit
918 1372 1021 1436 omnia

99 1457 171 1533 alia,
194 1470 227 1522 ut
249 1471 407 1523 ostensum
431 1471 476 1523 est
500 1457 534 1544 (l.
560 1459 589 1535 l,
614 1478 641 1523 o.
657 1453 726 1535 tt),
741 1456 925 1544 relinquitur
936 1460 1021 1544 quod

99 1545 132 1611 in
155 1545 222 1611 Deo
246 1546 438 1631 intelligente
460 1547 595 1633 seipsum
619 1546 659 1610 sit
680 1545 764 1610 idem
794 1546 967 1614 intellectus
990 1560 1022 1613 ει

99 1652 150 1701 res
173 1654 252 1718 quae
274 1636 454 1720 intelligitur
476 1650 506 1700 ει
529 1633 657 1699 intentio
680 1633 842 1702 intellecta.

148 1722 220 1791 llis
242 1724 333 1807 igitur
356 1724 567 1801 consideratis,
590 1736 759 1809 uteomque
773 1725 1023 1810 aonoiperepos·

100 1828 220 1877 sumus·
230 1811 362 1897 qualiter
383 1812 422 1878 sit
437 1813 537 1877 divina
551 1812 709 1896 generatio
732 1810 920 1899 accipienda.
935 1813 1023 1879 Patet

14 1954 18 1959 ,
101 1900 185 1964 enim
208 1899 292 1986 quod
316 1920 378 1966 non
402 1913 448 1967 εει
464 1901 608 1988 possibile
621 1900 665 1965 sie
680 1899 776 1986 accipi
788 1903 1021 1985 generationem

101 1989 237 2053 divinam
260 1990 339 2054 sieut
362 1991 392 2055 in
416 1991 508 2057 rebus
532 1990 708 2056 inanimatis
744 1992 903 2076 generatio
935 1993 1022 2056 inve·

100 2077 195 2166 nitur,
218 2077 249 2142 in
272 2078 385 2164 quibus
407 2099 559 2164 generans
582 2079 731 2165 imprimit
762 2099 853 2145 suam
886 2079 1023 2166 speeiem

101 2166 133 2231 in
156 2166 339 2232 exteriorem
364 2169 535 2243 materiam
559 2179 681 2254 oportet
716 2168 812 2248 enim,
850 2167 1022 2236 seeundum

100 2254 286 2340 positionem
309 2256 391 2332 odei,
415 2256 499 2343 qttod
525 2257 618 2321 Filius
642 2276 659 2320 a
683 2255 750 2321 Deo
773 2257 895 2341 genitus
916 2277 1023 2324 veram

101 2343 214 2407 habeat
236 2343 381 2410 deitatem
404 2359 435 2410 et
456 2345 495 2410 sit
517 2364 608 2410 verus
630 2344 725 2421 Deus3
749 2345 814 2431 ipsa
830 2359 935 2410 autent
956 2345 1023 2411 dei-

103 2445 149 2496 tas
171 2451 232 2496 non
257 2447 303 2496 est
326 2432 426 2498 lorma
449 2435 596 2499 materiae
613 2433 791 2508 inhaerens,
815 2453 918 2521 neque
940 2433 1023 2502 Deus

103 2535 149 2584 est
170 2539 208 2586 ex
231 2522 358 2586 materia
382 2522 529 2601 existens,
553 2534 585 2585 ut
607 2521 789 2606 probatum
812 2534 858 2587 εει
880 2522 916 2607 (Ι.
942 2523 974 2602 l,
995 2544 1023 2589 ε.

103 2609 170 2694 tt).
195 2607 341 2675 Similiter
364 2623 467 2674 autem
491 2629 552 2674 nou
589 2621 689 2694 potest
710 2608 806 2695 aoeipi
843 2609 946 2676 diviua
970 2631 1025 2696 ge·

101 2695 220 2762 naratio
244 2698 282 2762 atl
322 2698 450 2764 modurn
485 2697 694 2782 generationis
727 2716 809 2783 quae
846 2698 877 2763 in
913 2699 1024 2784 plantis

101 2786 266 2864 invenitur,
289 2799 320 2850 et
342 2788 435 2851 etiam
458 2787 490 2851 in
520 2785 718 2864 animalibus,
747 2804 828 2871 quae
850 2790 1025 2854 eommuni-

101 2887 171 2938 oant
193 2885 264 2940 oum
289 2875 398 2962 plantis
422 2878 454 2940 in
478 2875 620 2940 nutritiva
645 2885 677 2938 ει
700 2875 875 2958 generativa
901 2875 1025 2955 virtute,

100 2975 260 3049 separatur
282 2964 366 3028 enim
390 2964 505 3051 aliquid
545 2963 628 3049 quod
666 2976 733 3027 erat
770 2962 801 3027 in
837 2962 940 3049 planta
976 2967 1024 3032 vel

101 3051 224 3116 animali
248 3053 290 3117 ad
310 3058 541 3138 generationem
565 3050 674 3116 similis
699 3051 730 3115 in
754 3050 868 3138 speeie,
891 3052 975 3138 quod
991 3057 1024 3119 in

100 3139 162 3210 fine
184 3141 392 3225 generationis
415 3157 459 3206 εει
483 3140 612 3204 omnino
649 3150 734 3204 extra
771 3155 1024 3224 generantem3a

99 3226 167 3294 Deo
190 3240 305 3308 autem,
327 3249 398 3296 oum
422 3228 615 3294 indivisibilis
637 3228 687 3305 sit,
708 3247 773 3292 non
790 3240 890 3313 potest
907 3228 1024 3317 aliquid

100 3317 248 3403 separari3
269 3318 336 3405 ipse
358 3318 450 3383 etiam
474 3315 570 3382 Filius
593 3337 610 3380 a
633 3316 701 3380 lieo
731 3316 853 3399 genitus
876 3337 940 3383 non
976 3332 1024 3384 εει

101 3419 186 3471 extra
208 3405 331 3471 Patrem
355 3419 566 3491 generantem,
588 3404 644 3470 sed
669 3405 700 3468 itt
737 3423 787 3482 eo,
810 3404 888 3470 sieut
911 3424 949 3472 ex
970 3427 1023 3472 su·

102 3494 274 3582 potioribus
295 3495 641 3583 auetoritatibusspaet.
665 3491 772 3582 Neque
806 3493 900 3560 etiam
923 3508 1023 3584 potest
