2484 3975
227 225 269 291 80
555 244 610 289 otu.
636 244 673 289 n.
697 243 761 292 ost.
776 242 835 288 rtt.

225 314 324 480 soon&
341 311 491 481 fficepcgl'
513 314 568 379 ide
592 315 797 380 testimoninm
814 310 990 397 perhibebit
1022 312 1061 380 de
1084 336 1154 393 me,

544 576 714 647 CAPUT
747 576 825 647 XVI.

279 758 428 825 Rationes
452 755 621 860 culquibus
644 755 742 840 aliqui
767 754 919 841 Spiritum
943 755 1090 823 Sanctum

407 855 662 913 existimaverint
686 859 960 912 coaceruatorum.
1053 859 1060 869 ·

291 1020 413 1110 Opinati
436 1033 508 1089 sunt
530 1033 633 1088 autem
656 1019 782 1108 quidam
819 1021 969 1109 Spiritum
992 1022 1145 1091 Sanctum

224 1125 397 1177 creaturam
420 1132 500 1189 esse,
525 1111 591 1175 aliis
611 1111 760 1177 creaturis
782 1110 955 1189 celsiorem3
991 1111 1030 1177 ad
1052 1111 1147 1197 cujus

223 1200 424 1267 assertionem
447 1200 558 1273 Sacrae
570 1200 746 1286 Scripturue
766 1200 949 1266 testimoniis
964 1200 1143 1266 utebantur.

289 1287 408 1354 Dicitur
431 1292 527 1367 enim,
558 1289 731 1355 secundum
765 1286 896 1354 litteram
931 1288 1146 1375 Septuaginta:

224 1376 300 1442 Eece
321 1376 461 1461 formans
482 1389 610 1455 montes,
636 1386 667 1441 ct
688 1396 798 1462 creeris
827 1378 983 1460 spiritum,
1019 1388 1049 1441 et
1084 1398 1147 1442 nu-

223 1467 370 1531 uurrtionr
392 1468 509 1532 uomitu·
528 1466 656 1531 uerbum
685 1465 761 1550 ejus,
798 1464 912 1543 Amos,
949 1466 982 1541 t,
1021 1466 1074 1545 15,
1106 1479 1146 1533 et

223 1554 296 1621 dicit
318 1554 480 1622 Dominus:
502 1554 678 1621 Extendens
701 1555 861 1618 coctumst
874 1556 1011 1639 [umus
1025 1566 1145 1621 terrum

223 1644 389 1797 etsuqcus
410 1646 553 1729 spiritum
577 1642 709 1709 taurinis
730 1644 764 1707 in
785 1664 831 1722 eo,
854 1643 992 1724 zachar„
1032 1645 1084 1724 te,
1107 1644 1140 1708 1.

222 1731 256 1798 Vi
280 1745 348 1798 etur
370 1735 463 1819 igitur
488 1733 571 1817 quod
594 1732 724 1819 Spiritus
746 1730 876 1798 Sanctus
912 1734 951 1797 sit
986 1747 1141 1798 creatura.

289 1820 408 1898 Adhuc,
430 1820 511 1889 Dicit
533 1820 696 1896 Dominus,
718 1819 758 1884 de
794 1820 909 1907 Spiritu
942 1821 1055 1886 Sancto
1092 1821 1141 1886 io-

221 1928 329 1996 quens:
351 1910 421 1977 Nou
444 1912 584 1998 loquetur
605 1931 626 1975 n
648 1910 820 1992 semetipso:
841 1909 897 1974 sed
932 1929 1142 1996 quoecumque
1225 1937 1226 1956 t

220 1999 326 2064 audiet
350 2002 498 2086 loquetur,
520 1999 620 2078 ioum,
645 1999 697 2076 16,
723 2000 774 2063 ts.
789 1999 832 2063 Ex
846 2019 909 2085 quo
922 2000 1139 2086 videturquod

220 2087 298 2152 nihil
321 2087 479 2156 ultroneae
502 2089 659 2173 potestatis
690 2088 868 2153 auctoritate
905 2088 1059 2176 loquatur,
1079 2089 1138 2154 sed

213 2174 338 2261 jubenti
361 2198 417 2264 per
440 2177 643 2244 ministerium
667 2175 843 2254 famuletun
865 2175 1138 2263 lequienimquae

221 2265 288 2350 quis
311 2265 395 2332 audit
417 2265 592 2333 temulentis
613 2285 683 2330 esse
715 2265 844 2331 ridetur.
879 2265 1005 2333 Vntetur
1042 2267 1138 2351 igitur
1224 2282 1225 2291 ¹

220 2353 350 2441 Spiritus
372 2354 502 2422 Souotus
525 2373 592 2418 esse
614 2365 753 2419 creatura
776 2353 843 2418 Deo'
865 2354 1012 2439 subjecta.

286 2441 372 2522 Item,
395 2444 468 2509 Mitti
493 2441 646 2509 interioris
669 2461 736 2507 esse
760 2441 892 2518 videtur,
914 2462 985 2508 cum
1009 2443 1041 2507 in
1063 2443 1138 2508 mit·

218 2540 300 2596 tente
323 2531 506 2618 importetur
528 2531 701 2596 auctoritas.
724 2528 855 2616 Spiritus
878 2544 981 2595 autem
1004 2530 1137 2598 Sanctus

216 2638 234 2683 a
269 2618 358 2686 Patre
381 2635 411 2686 et
448 2621 525 2686 Filio
564 2622 701 2696 mittitur;
739 2619 812 2684 dicit
848 2620 932 2684 enim
970 2619 1136 2686 Dominust

217 2703 394 2777 Puruetitue
419 2709 554 2794 Spiritus
581 2706 725 2785 Sanetuu'
745 2727 838 2792 quem
860 2710 959 2773 mittet
985 2707 1138 2774 Peterin

215 2799 337 2862 tremine
359 2818 436 2878 meo,
458 2801 514 2864 ide
534 2817 588 2863 uos
610 2797 729 2862 docebit
752 2799 867 2875 omnio,
887 2797 996 2874 ioan,
1017 2795 1068 2875 tt,
1081 2797 1138 2878 263

206 2881 358 2951 'eteCum
380 2891 498 2954 uenerit
520 2886 716 2964 Parricidae,
738 2905 828 2970 qum
850 2906 905 2971 epo
939 2886 1062 2950 mittum
1081 2907 1139 2952 uo·

217 2972 263 3040 iris
284 2995 303 3039 o
328 2974 433 3055 Putre,
454 2976 553 3054 ioan,
580 2976 632 3054 tte,
654 2974 707 3040 uu.
729 2974 861 3060 Spiritus
895 2994 970 3060 ergo
1008 2973 1141 3045 Sanetus

215 3077 246 3127 et
269 3062 358 3129 Patre
382 3080 412 3131 et
434 3065 512 3130 Filio
534 3065 636 3129 minor
658 3083 725 3129 esse
748 3063 877 3128 videtur.

284 3151 403 3232 Adhuc,
425 3153 579 3241 Scriptura
604 3151 718 3228 divina,
741 3152 851 3217 Filium
875 3150 1138 3220 Patriassocians

217 3237 249 3304 iu
273 3239 320 3310 tus
342 3261 422 3328 quae
445 3242 609 3307 divinitatis
646 3261 714 3306 esse
751 3242 906 3320 videntur,
944 3239 997 3304 de.
1021 3239 1138 3326 Spiritu

214 3327 325 3396 Sancto
348 3331 540 3396 mentionem
566 3350 627 3395 non
652 3329 734 3403 iacit,
759 3343 971 3416 utputatcum
985 3328 1138 3395 Dominus

213 3418 294 3483 dicit:
316 3417 413 3485 Nemo
436 3421 521 3484 uouit
543 3418 670 3492 Filium,
692 3418 754 3483 uisi
776 3418 993 3503 Putereuoque
1009 3416 1137 3482 Putrem

216 3507 283 3589 quis
305 3510 399 3588 nouit,
421 3509 482 3574 uisi
504 3505 620 3580 Filius?
643 3506 759 3582 Datth„
783 3508 835 3588 tt,
859 3507 915 3587 ut,
950 3505 992 3574 de
1021 3505 1138 3594 Spiritu

1218 3804 1221 3949 t
