<?xml version="1.0" encoding="UTF-8"?>
<!DOCTYPE html PUBLIC "-//W3C//DTD XHTML 1.0 Transitional//EN"
    "http://www.w3.org/TR/xhtml1/DTD/xhtml1-transitional.dtd">
<html xmlns="http://www.w3.org/1999/xhtml" xml:lang="en" lang="en">
 <head>
  <title>
</title>
<meta http-equiv="Content-Type" content="text/html;charset=utf-8" />
  <meta name='ocr-system' content='tesseract 3.04.00' />
  <meta name='ocr-capabilities' content='ocr_page ocr_carea ocr_par ocr_line ocrx_word'/>
</head>
<body>
  <div class='ocr_page' id='page_1' title='image "./sanctithomaeaqu01thomgoog_0640.png"; bbox 0 0 2484 3975; ppageno 0'>
   <div class='ocr_carea' id='block_1_1' title="bbox 164 229 1089 405">
    <p class='ocr_par' dir='ltr' id='par_1_1' title="bbox 164 229 1089 405">
     <span class='ocr_line' id='line_1_1' title="bbox 164 229 998 296; baseline -0.004 -1"><span class='ocrx_word' id='word_1_1' title='bbox 164 229 229 296; x_wconf 75' lang='lat' dir='ltr'><strong>nto</strong></span> <span class='ocrx_word' id='word_1_2' title='bbox 538 245 710 294; x_wconf 80' lang='lat' dir='ltr'><strong>oruseutmr</strong></span> <span class='ocrx_word' id='word_1_3' title='bbox 994 278 998 280; x_wconf 13' lang='lat' dir='ltr'><strong>a</strong></span> 
     </span>
     <span class='ocr_line' id='line_1_2' title="bbox 164 315 1089 405; baseline -0.002 -21"><span class='ocrx_word' id='word_1_4' title='bbox 164 320 227 386; x_wconf 90' lang='lat' dir='ltr'><strong>imo</strong></span> <span class='ocrx_word' id='word_1_5' title='bbox 245 319 373 386; x_wconf 88' lang='lat' dir='ltr'><strong>innuere</strong></span> <span class='ocrx_word' id='word_1_6' title='bbox 388 315 507 384; x_wconf 85' lang='lat' dir='ltr'><strong>uidetur</strong></span> <span class='ocrx_word' id='word_1_7' title='bbox 529 316 613 405; x_wconf 86' lang='lat' dir='ltr'><strong>quod</strong></span> <span class='ocrx_word' id='word_1_8' title='bbox 635 336 701 382; x_wconf 86' lang='lat' dir='ltr'><strong>non</strong></span> <span class='ocrx_word' id='word_1_9' title='bbox 715 316 754 384; x_wconf 84' lang='lat' dir='ltr'><strong>rit</strong></span> <span class='ocrx_word' id='word_1_10' title='bbox 766 317 807 384; x_wconf 92' lang='lat' dir='ltr'><strong>ibi</strong></span> <span class='ocrx_word' id='word_1_11' title='bbox 820 317 1023 402; x_wconf 77' lang='lat' dir='ltr'><strong>repugnantia</strong></span> <span class='ocrx_word' id='word_1_12' title='bbox 1040 316 1089 384; x_wconf 94' lang='lat' dir='ltr'><strong>in·</strong></span> 
     </span>
    </p>
   </div>
   <div class='ocr_carea' id='block_1_2' title="bbox 156 405 1095 2007">
    <p class='ocr_par' dir='ltr' id='par_1_2' title="bbox 156 405 1095 2007">
     <span class='ocr_line' id='line_1_3' title="bbox 165 405 1090 492; baseline -0.003 -17"><span class='ocrx_word' id='word_1_13' title='bbox 165 409 355 484; x_wconf 84' lang='lat' dir='ltr'><strong>tellectuum;</strong></span> <span class='ocrx_word' id='word_1_14' title='bbox 381 406 464 472; x_wconf 90' lang='lat' dir='ltr'><strong>unde</strong></span> <span class='ocrx_word' id='word_1_15' title='bbox 487 407 570 486; x_wconf 90' lang='lat' dir='ltr'><strong>dicit,</strong></span> <span class='ocrx_word' id='word_1_16' title='bbox 592 405 633 471; x_wconf 93' lang='lat' dir='ltr'><strong>de</strong></span> <span class='ocrx_word' id='word_1_17' title='bbox 664 407 828 474; x_wconf 80' lang='lat' dir='ltr'><strong>Platonicis</strong></span> <span class='ocrx_word' id='word_1_18' title='bbox 857 406 1030 492; x_wconf 77' lang='lat' dir='ltr'><strong>loquens«</strong></span> <span class='ocrx_word' id='word_1_19' title='bbox 1055 405 1090 472; x_wconf 90' lang='lat' dir='ltr'><strong>ld</strong></span> 
     </span>
     <span class='ocr_line' id='line_1_4' title="bbox 165 494 1089 584; baseline -0.005 -19"><span class='ocrx_word' id='word_1_20' title='bbox 165 498 323 584; x_wconf 84' lang='lat' dir='ltr'><strong>quomodo</strong></span> <span class='ocrx_word' id='word_1_21' title='bbox 346 496 515 581; x_wconf 75' lang='lat' dir='ltr'><strong>intelligant</strong></span> <span class='ocrx_word' id='word_1_22' title='bbox 537 494 682 571; x_wconf 85' lang='lat' dir='ltr'><strong>viderint,</strong></span> <span class='ocrx_word' id='word_1_23' title='bbox 704 516 768 562; x_wconf 88' lang='lat' dir='ltr'><strong>non</strong></span> <span class='ocrx_word' id='word_1_24' title='bbox 791 516 859 562; x_wconf 89' lang='lat' dir='ltr'><strong>esse</strong></span> <span class='ocrx_word' id='word_1_25' title='bbox 873 496 933 560; x_wconf 91' lang='lat' dir='ltr'><strong>boc</strong></span> <span class='ocrx_word' id='word_1_26' title='bbox 946 495 1089 562; x_wconf 87' lang='lat' dir='ltr'><strong>uidelicet</strong></span> 
     </span>
     <span class='ocr_line' id='line_1_5' title="bbox 165 583 1087 676; baseline -0.002 -25"><span class='ocrx_word' id='word_1_27' title='bbox 165 587 322 676; x_wconf 86' lang='lat' dir='ltr'><strong>temporis,</strong></span> <span class='ocrx_word' id='word_1_28' title='bbox 355 584 409 650; x_wconf 86' lang='lat' dir='ltr'><strong>sed</strong></span> <span class='ocrx_word' id='word_1_29' title='bbox 448 584 672 655; x_wconf 81' lang='lat' dir='ltr'><strong>substitutionis</strong></span> <span class='ocrx_word' id='word_1_30' title='bbox 705 585 839 652; x_wconf 89' lang='lat' dir='ltr'><strong>initium.</strong></span> <span class='ocrx_word' id='word_1_31' title='bbox 871 583 956 650; x_wconf 87' lang='lat' dir='ltr'><strong>Sicut</strong></span> <span class='ocrx_word' id='word_1_32' title='bbox 990 585 1087 662; x_wconf 89' lang='lat' dir='ltr'><strong>enim,</strong></span> 
     </span>
     <span class='ocr_line' id='line_1_6' title="bbox 156 672 1089 770; baseline -0.005 -28"><span class='ocrx_word' id='word_1_33' title='bbox 156 678 319 763; x_wconf 84' lang='lat' dir='ltr'><strong>inquiunt,</strong></span> <span class='ocrx_word' id='word_1_34' title='bbox 341 675 365 740; x_wconf 88' lang='lat' dir='ltr'><strong>si</strong></span> <span class='ocrx_word' id='word_1_35' title='bbox 390 693 443 760; x_wconf 86' lang='lat' dir='ltr'><strong>pes</strong></span> <span class='ocrx_word' id='word_1_36' title='bbox 466 695 590 760; x_wconf 86' lang='lat' dir='ltr'><strong>semper</strong></span> <span class='ocrx_word' id='word_1_37' title='bbox 623 696 661 742; x_wconf 83' lang='lat' dir='ltr'><strong>ex</strong></span> <span class='ocrx_word' id='word_1_38' title='bbox 698 675 877 770; x_wconf 72' lang='lat' dir='ltr'><strong>aeternitate</strong></span> <span class='ocrx_word' id='word_1_39' title='bbox 911 672 1017 739; x_wconf 89' lang='lat' dir='ltr'><strong>luisset</strong></span> <span class='ocrx_word' id='word_1_40' title='bbox 1055 673 1089 737; x_wconf 93' lang='lat' dir='ltr'><strong>iu</strong></span> 
     </span>
     <span class='ocr_line' id='line_1_7' title="bbox 167 762 1089 854; baseline -0.007 -22"><span class='ocrx_word' id='word_1_41' title='bbox 167 764 303 854; x_wconf 81' lang='lat' dir='ltr'><strong>pulvere,</strong></span> <span class='ocrx_word' id='word_1_42' title='bbox 326 783 449 850; x_wconf 81' lang='lat' dir='ltr'><strong>semper</strong></span> <span class='ocrx_word' id='word_1_43' title='bbox 472 763 499 828; x_wconf 92' lang='lat' dir='ltr'><strong>ei</strong></span> <span class='ocrx_word' id='word_1_44' title='bbox 523 763 663 831; x_wconf 79' lang='lat' dir='ltr'><strong>subesset</strong></span> <span class='ocrx_word' id='word_1_45' title='bbox 685 764 859 848; x_wconf 69' lang='lat' dir='ltr'><strong>uestigium</strong></span> <span class='ocrx_word' id='word_1_46' title='bbox 886 762 970 848; x_wconf 84' lang='lat' dir='ltr'><strong>qrtod</strong></span> <span class='ocrx_word' id='word_1_47' title='bbox 985 777 1089 829; x_wconf 86' lang='lat' dir='ltr'><strong>tamen</strong></span> 
     </span>
     <span class='ocr_line' id='line_1_8' title="bbox 167 851 1091 940; baseline -0.003 -22"><span class='ocrx_word' id='word_1_48' title='bbox 167 855 329 940; x_wconf 83' lang='lat' dir='ltr'><strong>vestigium</strong></span> <span class='ocrx_word' id='word_1_49' title='bbox 354 872 390 917; x_wconf 84' lang='lat' dir='ltr'><strong>ex</strong></span> <span class='ocrx_word' id='word_1_50' title='bbox 414 853 550 918; x_wconf 87' lang='lat' dir='ltr'><strong>caleante</strong></span> <span class='ocrx_word' id='word_1_51' title='bbox 573 852 688 920; x_wconf 87' lang='lat' dir='ltr'><strong>lactum</strong></span> <span class='ocrx_word' id='word_1_52' title='bbox 713 872 805 933; x_wconf 80' lang='lat' dir='ltr'><strong>neruo</strong></span> <span class='ocrx_word' id='word_1_53' title='bbox 828 851 993 929; x_wconf 75' lang='lat' dir='ltr'><strong>dubitaren</strong></span> <span class='ocrx_word' id='word_1_54' title='bbox 1030 871 1091 916; x_wconf 89' lang='lat' dir='ltr'><strong>nec</strong></span> 
     </span>
     <span class='ocr_line' id='line_1_9' title="bbox 167 939 1091 1030; baseline -0.006 -20"><span class='ocrx_word' id='word_1_55' title='bbox 167 944 297 1010; x_wconf 88' lang='lat' dir='ltr'><strong>alterum</strong></span> <span class='ocrx_word' id='word_1_56' title='bbox 322 941 420 1006; x_wconf 81' lang='lat' dir='ltr'><strong>altero</strong></span> <span class='ocrx_word' id='word_1_57' title='bbox 444 942 528 1030; x_wconf 89' lang='lat' dir='ltr'><strong>prius</strong></span> <span class='ocrx_word' id='word_1_58' title='bbox 551 957 641 1017; x_wconf 87' lang='lat' dir='ltr'><strong>esset,</strong></span> <span class='ocrx_word' id='word_1_59' title='bbox 663 942 806 1028; x_wconf 83' lang='lat' dir='ltr'><strong>quamvis</strong></span> <span class='ocrx_word' id='word_1_60' title='bbox 828 941 960 1006; x_wconf 89' lang='lat' dir='ltr'><strong>alterum</strong></span> <span class='ocrx_word' id='word_1_61' title='bbox 983 941 1021 1007; x_wconf 87' lang='lat' dir='ltr'><strong>ab</strong></span> <span class='ocrx_word' id='word_1_62' title='bbox 1043 939 1091 1004; x_wconf 89' lang='lat' dir='ltr'><strong>al·</strong></span> 
     </span>
     <span class='ocr_line' id='line_1_10' title="bbox 168 1027 1091 1116; baseline -0.004 -20"><span class='ocrx_word' id='word_1_63' title='bbox 168 1047 233 1099; x_wconf 90' lang='lat' dir='ltr'><strong>tero</strong></span> <span class='ocrx_word' id='word_1_64' title='bbox 256 1029 368 1096; x_wconf 87' lang='lat' dir='ltr'><strong>lactum</strong></span> <span class='ocrx_word' id='word_1_65' title='bbox 394 1043 483 1098; x_wconf 82' lang='lat' dir='ltr'><strong>esset.</strong></span> <span class='ocrx_word' id='word_1_66' title='bbox 507 1031 568 1106; x_wconf 89' lang='lat' dir='ltr'><strong>Sic,</strong></span> <span class='ocrx_word' id='word_1_67' title='bbox 590 1033 743 1116; x_wconf 84' lang='lat' dir='ltr'><strong>inquiunt,</strong></span> <span class='ocrx_word' id='word_1_68' title='bbox 766 1045 795 1096; x_wconf 88' lang='lat' dir='ltr'><strong>ct</strong></span> <span class='ocrx_word' id='word_1_69' title='bbox 819 1029 955 1096; x_wconf 89' lang='lat' dir='ltr'><strong>mundus</strong></span> <span class='ocrx_word' id='word_1_70' title='bbox 992 1045 1023 1094; x_wconf 93' lang='lat' dir='ltr'><strong>et</strong></span> <span class='ocrx_word' id='word_1_71' title='bbox 1046 1027 1091 1094; x_wconf 91' lang='lat' dir='ltr'><strong>dii</strong></span> 
     </span>
     <span class='ocr_line' id='line_1_11' title="bbox 167 1119 1092 1206; baseline -0.004 -20"><span class='ocrx_word' id='word_1_72' title='bbox 167 1123 199 1187; x_wconf 93' lang='lat' dir='ltr'><strong>in</strong></span> <span class='ocrx_word' id='word_1_73' title='bbox 223 1121 274 1186; x_wconf 92' lang='lat' dir='ltr'><strong>illo</strong></span> <span class='ocrx_word' id='word_1_74' title='bbox 299 1120 391 1185; x_wconf 88' lang='lat' dir='ltr'><strong>creati</strong></span> <span class='ocrx_word' id='word_1_75' title='bbox 416 1141 539 1206; x_wconf 86' lang='lat' dir='ltr'><strong>semper</strong></span> <span class='ocrx_word' id='word_1_76' title='bbox 562 1119 696 1198; x_wconf 86' lang='lat' dir='ltr'><strong>inerunt,</strong></span> <span class='ocrx_word' id='word_1_77' title='bbox 725 1139 849 1206; x_wconf 86' lang='lat' dir='ltr'><strong>semper</strong></span> <span class='ocrx_word' id='word_1_78' title='bbox 882 1122 1029 1185; x_wconf 81' lang='lat' dir='ltr'><strong>existente</strong></span> <span class='ocrx_word' id='word_1_79' title='bbox 1053 1136 1092 1182; x_wconf 90' lang='lat' dir='ltr'><strong>eo</strong></span> 
     </span>
     <span class='ocr_line' id='line_1_12' title="bbox 168 1207 1092 1296; baseline -0.005 -20"><span class='ocrx_word' id='word_1_80' title='bbox 168 1212 221 1296; x_wconf 83' lang='lat' dir='ltr'><strong>qui</strong></span> <span class='ocrx_word' id='word_1_81' title='bbox 245 1209 329 1285; x_wconf 87' lang='lat' dir='ltr'><strong>lecit,</strong></span> <span class='ocrx_word' id='word_1_82' title='bbox 349 1223 380 1276; x_wconf 91' lang='lat' dir='ltr'><strong>et</strong></span> <span class='ocrx_word' id='word_1_83' title='bbox 403 1221 506 1274; x_wconf 88' lang='lat' dir='ltr'><strong>tamen</strong></span> <span class='ocrx_word' id='word_1_84' title='bbox 529 1208 599 1274; x_wconf 85' lang='lat' dir='ltr'><strong>lacti</strong></span> <span class='ocrx_word' id='word_1_85' title='bbox 623 1221 694 1276; x_wconf 89' lang='lat' dir='ltr'><strong>suut</strong></span> <span class='ocrx_word' id='word_1_86' title='bbox 715 1209 768 1294; x_wconf 83' lang='lat' dir='ltr'><strong>(l)</strong></span> <span class='ocrx_word' id='word_1_87' title='bbox 791 1237 821 1274; x_wconf 78' lang='grc' dir='ltr'><strong>ι.</strong></span> <span class='ocrx_word' id='word_1_88' title='bbox 856 1207 919 1274; x_wconf 78' lang='lat' dir='ltr'><strong>Nec</strong></span> <span class='ocrx_word' id='word_1_89' title='bbox 954 1227 1092 1295; x_wconf 86' lang='lat' dir='ltr'><strong>unquam</strong></span> 
     </span>
     <span class='ocr_line' id='line_1_13' title="bbox 169 1297 1093 1385; baseline -0.004 -20"><span class='ocrx_word' id='word_1_90' title='bbox 169 1299 241 1369; x_wconf 88' lang='lat' dir='ltr'><strong>dicit</strong></span> <span class='ocrx_word' id='word_1_91' title='bbox 264 1299 323 1364; x_wconf 86' lang='lat' dir='ltr'><strong>boc</strong></span> <span class='ocrx_word' id='word_1_92' title='bbox 345 1317 407 1362; x_wconf 87' lang='lat' dir='ltr'><strong>non</strong></span> <span class='ocrx_word' id='word_1_93' title='bbox 432 1317 521 1385; x_wconf 85' lang='lat' dir='ltr'><strong>posse</strong></span> <span class='ocrx_word' id='word_1_94' title='bbox 546 1299 684 1381; x_wconf 75' lang='lat' dir='ltr'><strong>intelligi,</strong></span> <span class='ocrx_word' id='word_1_95' title='bbox 706 1299 762 1364; x_wconf 91' lang='lat' dir='ltr'><strong>sed</strong></span> <span class='ocrx_word' id='word_1_96' title='bbox 785 1298 844 1364; x_wconf 89' lang='lat' dir='ltr'><strong>alio</strong></span> <span class='ocrx_word' id='word_1_97' title='bbox 868 1297 962 1362; x_wconf 92' lang='lat' dir='ltr'><strong>modo</strong></span> <span class='ocrx_word' id='word_1_98' title='bbox 985 1317 1093 1384; x_wconf 89' lang='lat' dir='ltr'><strong>proce·</strong></span> 
     </span>
     <span class='ocr_line' id='line_1_14' title="bbox 170 1386 1094 1472; baseline -0.009 -18"><span class='ocrx_word' id='word_1_99' title='bbox 170 1388 214 1454; x_wconf 88' lang='lat' dir='ltr'><strong>dit</strong></span> <span class='ocrx_word' id='word_1_100' title='bbox 237 1402 342 1454; x_wconf 85' lang='lat' dir='ltr'><strong>contra</strong></span> <span class='ocrx_word' id='word_1_101' title='bbox 367 1407 430 1453; x_wconf 87' lang='lat' dir='ltr'><strong>eos.</strong></span> <span class='ocrx_word' id='word_1_102' title='bbox 454 1387 530 1452; x_wconf 87' lang='lat' dir='ltr'><strong>item</strong></span> <span class='ocrx_word' id='word_1_103' title='bbox 553 1386 635 1452; x_wconf 87' lang='lat' dir='ltr'><strong>dicit:</strong></span> <span class='ocrx_word' id='word_1_104' title='bbox 665 1415 679 1446; x_wconf 76' lang='grc' dir='ltr'>ι</span> <span class='ocrx_word' id='word_1_105' title='bbox 704 1387 763 1468; x_wconf 87' lang='lat' dir='ltr'><strong>Qui</strong></span> <span class='ocrx_word' id='word_1_106' title='bbox 786 1400 889 1452; x_wconf 90' lang='lat' dir='ltr'><strong>autem</strong></span> <span class='ocrx_word' id='word_1_107' title='bbox 913 1386 1094 1472; x_wconf 85' lang='lat' dir='ltr'><strong>aDeoqui-</strong></span> 
     </span>
     <span class='ocr_line' id='line_1_15' title="bbox 170 1474 1094 1553; baseline -0.005 -10"><span class='ocrx_word' id='word_1_108' title='bbox 170 1477 243 1543; x_wconf 92' lang='lat' dir='ltr'><strong>dem</strong></span> <span class='ocrx_word' id='word_1_109' title='bbox 266 1477 380 1543; x_wconf 89' lang='lat' dir='ltr'><strong>lactum</strong></span> <span class='ocrx_word' id='word_1_110' title='bbox 403 1475 553 1542; x_wconf 88' lang='lat' dir='ltr'><strong>mnndum</strong></span> <span class='ocrx_word' id='word_1_111' title='bbox 577 1474 720 1553; x_wconf 89' lang='lat' dir='ltr'><strong>latentur,</strong></span> <span class='ocrx_word' id='word_1_112' title='bbox 733 1497 795 1541; x_wconf 94' lang='lat' dir='ltr'><strong>non</strong></span> <span class='ocrx_word' id='word_1_113' title='bbox 809 1488 912 1540; x_wconf 85' lang='lat' dir='ltr'><strong>tamen</strong></span> <span class='ocrx_word' id='word_1_114' title='bbox 928 1489 1094 1541; x_wconf 90' lang='lat' dir='ltr'><strong>enmtem·</strong></span> 
     </span>
     <span class='ocr_line' id='line_1_16' title="bbox 170 1564 1094 1653; baseline -0.004 -21"><span class='ocrx_word' id='word_1_115' title='bbox 170 1567 252 1653; x_wconf 90' lang='lat' dir='ltr'><strong>poris</strong></span> <span class='ocrx_word' id='word_1_116' title='bbox 276 1564 382 1631; x_wconf 86' lang='lat' dir='ltr'><strong>volunt</strong></span> <span class='ocrx_word' id='word_1_117' title='bbox 405 1564 531 1642; x_wconf 87' lang='lat' dir='ltr'><strong>babere,</strong></span> <span class='ocrx_word' id='word_1_118' title='bbox 553 1564 606 1631; x_wconf 89' lang='lat' dir='ltr'><strong>sed</strong></span> <span class='ocrx_word' id='word_1_119' title='bbox 630 1585 706 1630; x_wconf 83' lang='lat' dir='ltr'><strong>suae</strong></span> <span class='ocrx_word' id='word_1_120' title='bbox 728 1565 890 1630; x_wconf 80' lang='lat' dir='ltr'><strong>creationis</strong></span> <span class='ocrx_word' id='word_1_121' title='bbox 914 1565 1046 1643; x_wconf 90' lang='lat' dir='ltr'><strong>initium,</strong></span> <span class='ocrx_word' id='word_1_122' title='bbox 1060 1576 1094 1629; x_wconf 90' lang='lat' dir='ltr'><strong>nt</strong></span> 
     </span>
     <span class='ocr_line' id='line_1_17' title="bbox 171 1651 1093 1741; baseline -0.004 -21"><span class='ocrx_word' id='word_1_123' title='bbox 171 1655 266 1721; x_wconf 92' lang='lat' dir='ltr'><strong>modo</strong></span> <span class='ocrx_word' id='word_1_124' title='bbox 289 1653 425 1741; x_wconf 87' lang='lat' dir='ltr'><strong>quodam</strong></span> <span class='ocrx_word' id='word_1_125' title='bbox 449 1654 497 1718; x_wconf 85' lang='lat' dir='ltr'><strong>vix</strong></span> <span class='ocrx_word' id='word_1_126' title='bbox 535 1654 715 1739; x_wconf 82' lang='lat' dir='ltr'><strong>intelligibili</strong></span> <span class='ocrx_word' id='word_1_127' title='bbox 751 1673 874 1737; x_wconf 82' lang='lat' dir='ltr'><strong>temper</strong></span> <span class='ocrx_word' id='word_1_128' title='bbox 912 1654 951 1720; x_wconf 90' lang='lat' dir='ltr'><strong>sit</strong></span> <span class='ocrx_word' id='word_1_129' title='bbox 983 1651 1093 1728; x_wconf 74' lang='lat' dir='ltr'><strong>lactus,</strong></span> 
     </span>
     <span class='ocr_line' id='line_1_18' title="bbox 172 1742 1095 1830; baseline -0.002 -22"><span class='ocrx_word' id='word_1_130' title='bbox 172 1743 277 1811; x_wconf 90' lang='lat' dir='ltr'><strong>dicunt</strong></span> <span class='ocrx_word' id='word_1_131' title='bbox 300 1742 426 1830; x_wconf 90' lang='lat' dir='ltr'><strong>quidem</strong></span> <span class='ocrx_word' id='word_1_132' title='bbox 450 1742 576 1828; x_wconf 88' lang='lat' dir='ltr'><strong>aliquid,</strong></span> <span class='ocrx_word' id='word_1_133' title='bbox 599 1743 682 1808; x_wconf 92' lang='lat' dir='ltr'><strong>unde</strong></span> <span class='ocrx_word' id='word_1_134' title='bbox 716 1744 774 1809; x_wconf 92' lang='lat' dir='ltr'><strong>sibi</strong></span> <span class='ocrx_word' id='word_1_135' title='bbox 810 1743 911 1808; x_wconf 89' lang='lat' dir='ltr'><strong>Deum</strong></span> <span class='ocrx_word' id='word_1_136' title='bbox 950 1742 1095 1808; x_wconf 84' lang='lat' dir='ltr'><strong>ridentur</strong></span> 
     </span>
     <span class='ocr_line' id='line_1_19' title="bbox 173 1825 1095 1916; baseline 0 -22"><span class='ocrx_word' id='word_1_137' title='bbox 173 1825 255 1900; x_wconf 86' lang='lat' dir='ltr'><strong>&#39;velut</strong></span> <span class='ocrx_word' id='word_1_138' title='bbox 278 1855 294 1898; x_wconf 90' lang='lat' dir='ltr'><strong>a</strong></span> <span class='ocrx_word' id='word_1_139' title='bbox 320 1832 442 1898; x_wconf 78' lang='lat' dir='ltr'><strong>fortuita</strong></span> <span class='ocrx_word' id='word_1_140' title='bbox 467 1833 640 1898; x_wconf 85' lang='lat' dir='ltr'><strong>temeritate</strong></span> <span class='ocrx_word' id='word_1_141' title='bbox 663 1829 831 1897; x_wconf 79' lang='lat' dir='ltr'><strong>defendere</strong></span> <span class='ocrx_word' id='word_1_142' title='bbox 854 1859 867 1890; x_wconf 78' lang='grc' dir='ltr'>ι</span> <span class='ocrx_word' id='word_1_143' title='bbox 899 1831 964 1916; x_wconf 60' lang='lat' dir='ltr'><strong>(b),</strong></span> <span class='ocrx_word' id='word_1_144' title='bbox 994 1829 1095 1896; x_wconf 85' lang='lat' dir='ltr'><strong>Causa</strong></span> 
     </span>
     <span class='ocr_line' id='line_1_20' title="bbox 173 1920 1095 2007; baseline -0.002 -22"><span class='ocrx_word' id='word_1_145' title='bbox 173 1936 276 1989; x_wconf 88' lang='lat' dir='ltr'><strong>autem</strong></span> <span class='ocrx_word' id='word_1_146' title='bbox 300 1940 394 2007; x_wconf 85' lang='lat' dir='ltr'><strong>quare</strong></span> <span class='ocrx_word' id='word_1_147' title='bbox 419 1921 467 1986; x_wconf 85' lang='lat' dir='ltr'><strong>vix</strong></span> <span class='ocrx_word' id='word_1_148' title='bbox 490 1934 535 1986; x_wconf 89' lang='lat' dir='ltr'><strong>est</strong></span> <span class='ocrx_word' id='word_1_149' title='bbox 559 1920 758 2007; x_wconf 86' lang='lat' dir='ltr'><strong>intelligibilis</strong></span> <span class='ocrx_word' id='word_1_150' title='bbox 796 1934 891 1986; x_wconf 89' lang='lat' dir='ltr'><strong>tacta.</strong></span> <span class='ocrx_word' id='word_1_151' title='bbox 910 1935 955 1986; x_wconf 89' lang='lat' dir='ltr'><strong>cst</strong></span> <span class='ocrx_word' id='word_1_152' title='bbox 992 1921 1095 2006; x_wconf 89' lang='lat' dir='ltr'><strong>prima</strong></span> 
     </span>
    </p>
   </div>
   <div class='ocr_carea' id='block_1_3' title="bbox 65 2008 1098 2096">
    <p class='ocr_par' dir='ltr' id='par_1_3' title="bbox 65 2008 1098 2096">
     <span class='ocr_line' id='line_1_21' title="bbox 65 2008 1098 2096; baseline -0.004 -19"><span class='ocrx_word' id='word_1_153' title='bbox 65 2058 68 2069; x_wconf 68' lang='grc'>.</span> <span class='ocrx_word' id='word_1_154' title='bbox 174 2012 301 2077; x_wconf 88' lang='lat' dir='ltr'><strong>ratione.</strong></span> <span class='ocrx_word' id='word_1_155' title='bbox 326 2010 435 2076; x_wconf 88' lang='lat' dir='ltr'><strong>Mirum</strong></span> <span class='ocrx_word' id='word_1_156' title='bbox 458 2023 505 2077; x_wconf 89' lang='lat' dir='ltr'><strong>est</strong></span> <span class='ocrx_word' id='word_1_157' title='bbox 527 2016 620 2076; x_wconf 86' lang='lat' dir='ltr'><strong>etiam</strong></span> <span class='ocrx_word' id='word_1_158' title='bbox 644 2011 802 2096; x_wconf 89' lang='lat' dir='ltr'><strong>quomodo</strong></span> <span class='ocrx_word' id='word_1_159' title='bbox 825 2009 1006 2076; x_wconf 88' lang='lat' dir='ltr'><strong>nobilissimi</strong></span> <span class='ocrx_word' id='word_1_160' title='bbox 1027 2008 1098 2094; x_wconf 85' lang='lat' dir='ltr'><strong>pbi-</strong></span> 
     </span>
    </p>
   </div>
   <div class='ocr_carea' id='block_1_4' title="bbox 175 2098 1108 3341">
    <p class='ocr_par' dir='ltr' id='par_1_4' title="bbox 175 2098 1108 3341">
     <span class='ocr_line' id='line_1_22' title="bbox 175 2098 1097 2187; baseline -0.003 -22"><span class='ocrx_word' id='word_1_161' title='bbox 175 2100 376 2187; x_wconf 86' lang='lat' dir='ltr'><strong>losophorum</strong></span> <span class='ocrx_word' id='word_1_162' title='bbox 399 2099 478 2164; x_wconf 90' lang='lat' dir='ltr'><strong>banc</strong></span> <span class='ocrx_word' id='word_1_163' title='bbox 501 2100 736 2185; x_wconf 87' lang='lat' dir='ltr'><strong>repugnantiam</strong></span> <span class='ocrx_word' id='word_1_164' title='bbox 760 2120 822 2166; x_wconf 93' lang='lat' dir='ltr'><strong>non</strong></span> <span class='ocrx_word' id='word_1_165' title='bbox 846 2098 998 2165; x_wconf 74' lang='lat' dir='ltr'><strong>uiderunt.</strong></span> <span class='ocrx_word' id='word_1_166' title='bbox 1015 2098 1097 2164; x_wconf 86' lang='lat' dir='ltr'><strong>[licit</strong></span> 
     </span>
     <span class='ocr_line' id='line_1_23' title="bbox 175 2187 1098 2275; baseline -0.004 -20"><span class='ocrx_word' id='word_1_167' title='bbox 175 2194 258 2255; x_wconf 88' lang='lat' dir='ltr'><strong>enim</strong></span> <span class='ocrx_word' id='word_1_168' title='bbox 282 2188 476 2274; x_wconf 75' lang='lat' dir='ltr'><strong>Augustinus,</strong></span> <span class='ocrx_word' id='word_1_169' title='bbox 501 2202 606 2252; x_wconf 88' lang='lat' dir='ltr'><strong>contra</strong></span> <span class='ocrx_word' id='word_1_170' title='bbox 631 2189 698 2253; x_wconf 91' lang='lat' dir='ltr'><strong>illos</strong></span> <span class='ocrx_word' id='word_1_171' title='bbox 736 2187 866 2275; x_wconf 89' lang='lat' dir='ltr'><strong>loquens</strong></span> <span class='ocrx_word' id='word_1_172' title='bbox 899 2188 939 2253; x_wconf 90' lang='lat' dir='ltr'><strong>de</strong></span> <span class='ocrx_word' id='word_1_173' title='bbox 974 2188 1098 2273; x_wconf 85' lang='lat' dir='ltr'><strong>quibus,</strong></span> 
     </span>
     <span class='ocr_line' id='line_1_24' title="bbox 176 2274 1098 2364; baseline -0.001 -22"><span class='ocrx_word' id='word_1_174' title='bbox 176 2279 206 2343; x_wconf 95' lang='lat' dir='ltr'><strong>in</strong></span> <span class='ocrx_word' id='word_1_175' title='bbox 232 2277 427 2364; x_wconf 87' lang='lat' dir='ltr'><strong>praecedenti</strong></span> <span class='ocrx_word' id='word_1_176' title='bbox 451 2278 640 2353; x_wconf 90' lang='lat' dir='ltr'><strong>anctoritate,</strong></span> <span class='ocrx_word' id='word_1_177' title='bbox 664 2276 741 2343; x_wconf 87' lang='lat' dir='ltr'><strong>lacta</strong></span> <span class='ocrx_word' id='word_1_178' title='bbox 763 2291 809 2343; x_wconf 88' lang='lat' dir='ltr'><strong>est</strong></span> <span class='ocrx_word' id='word_1_179' title='bbox 831 2278 957 2343; x_wconf 88' lang='lat' dir='ltr'><strong>mentio:</strong></span> <span class='ocrx_word' id='word_1_180' title='bbox 981 2305 995 2336; x_wconf 78' lang='grc' dir='ltr'>ι</span> <span class='ocrx_word' id='word_1_181' title='bbox 1017 2274 1098 2342; x_wconf 84' lang='lat' dir='ltr'><strong>Cum</strong></span> 
     </span>
     <span class='ocr_line' id='line_1_25' title="bbox 176 2365 1099 2452; baseline -0.001 -21"><span class='ocrx_word' id='word_1_182' title='bbox 176 2367 222 2433; x_wconf 89' lang='lat' dir='ltr'><strong>lris</strong></span> <span class='ocrx_word' id='word_1_183' title='bbox 246 2368 329 2431; x_wconf 91' lang='lat' dir='ltr'><strong>enim</strong></span> <span class='ocrx_word' id='word_1_184' title='bbox 353 2368 472 2449; x_wconf 86' lang='lat' dir='ltr'><strong>agimus</strong></span> <span class='ocrx_word' id='word_1_185' title='bbox 496 2365 548 2451; x_wconf 92' lang='lat' dir='ltr'><strong>qui</strong></span> <span class='ocrx_word' id='word_1_186' title='bbox 572 2381 601 2431; x_wconf 92' lang='lat' dir='ltr'><strong>ct</strong></span> <span class='ocrx_word' id='word_1_187' title='bbox 624 2367 725 2431; x_wconf 91' lang='lat' dir='ltr'><strong>Deum</strong></span> <span class='ocrx_word' id='word_1_188' title='bbox 749 2367 966 2452; x_wconf 88' lang='lat' dir='ltr'><strong>incorporeum</strong></span> <span class='ocrx_word' id='word_1_189' title='bbox 989 2380 1099 2430; x_wconf 87' lang='lat' dir='ltr'><strong>etum·</strong></span> 
     </span>
     <span class='ocr_line' id='line_1_26' title="bbox 175 2455 1099 2540; baseline -0.002 -18"><span class='ocrx_word' id='word_1_190' title='bbox 175 2457 261 2522; x_wconf 89' lang='lat' dir='ltr'><strong>nium</strong></span> <span class='ocrx_word' id='word_1_191' title='bbox 287 2473 475 2535; x_wconf 88' lang='lat' dir='ltr'><strong>naturarum,</strong></span> <span class='ocrx_word' id='word_1_192' title='bbox 502 2474 581 2540; x_wconf 89' lang='lat' dir='ltr'><strong>quae</strong></span> <span class='ocrx_word' id='word_1_193' title='bbox 605 2477 666 2519; x_wconf 94' lang='lat' dir='ltr'><strong>non</strong></span> <span class='ocrx_word' id='word_1_194' title='bbox 690 2468 762 2520; x_wconf 93' lang='lat' dir='ltr'><strong>sunt</strong></span> <span class='ocrx_word' id='word_1_195' title='bbox 783 2455 866 2539; x_wconf 86' lang='lat' dir='ltr'><strong>quod</strong></span> <span class='ocrx_word' id='word_1_196' title='bbox 881 2455 957 2540; x_wconf 87' lang='lat' dir='ltr'><strong>ipse,</strong></span> <span class='ocrx_word' id='word_1_197' title='bbox 979 2468 1099 2520; x_wconf 89' lang='lat' dir='ltr'><strong>creato-</strong></span> 
     </span>
     <span class='ocr_line' id='line_1_27' title="bbox 176 2542 1098 2630; baseline -0.001 -22"><span class='ocrx_word' id='word_1_198' title='bbox 176 2564 243 2610; x_wconf 87' lang='lat' dir='ltr'><strong>rem</strong></span> <span class='ocrx_word' id='word_1_199' title='bbox 267 2546 427 2610; x_wconf 89' lang='lat' dir='ltr'><strong>nobiscum</strong></span> <span class='ocrx_word' id='word_1_200' title='bbox 450 2544 585 2609; x_wconf 87' lang='lat' dir='ltr'><strong>sentiunt</strong></span> <span class='ocrx_word' id='word_1_201' title='bbox 607 2572 639 2623; x_wconf 65' lang='grc' dir='ltr'><strong>ις</strong></span> <span class='ocrx_word' id='word_1_202' title='bbox 662 2543 834 2630; x_wconf 89' lang='lat' dir='ltr'><strong>dequibus</strong></span> <span class='ocrx_word' id='word_1_203' title='bbox 857 2557 962 2629; x_wconf 90' lang='lat' dir='ltr'><strong>postea</strong></span> <span class='ocrx_word' id='word_1_204' title='bbox 983 2542 1098 2609; x_wconf 90' lang='lat' dir='ltr'><strong>subdit:</strong></span> 
     </span>
     <span class='ocr_line' id='line_1_28' title="bbox 184 2632 1101 2719; baseline -0.002 -20"><span class='ocrx_word' id='word_1_205' title='bbox 184 2662 197 2691; x_wconf 70' lang='grc' dir='ltr'>ι</span> <span class='ocrx_word' id='word_1_206' title='bbox 221 2632 271 2699; x_wconf 87' lang='lat' dir='ltr'><strong>lsti</strong></span> <span class='ocrx_word' id='word_1_207' title='bbox 295 2633 468 2719; x_wconf 87' lang='lat' dir='ltr'><strong>philosophi</strong></span> <span class='ocrx_word' id='word_1_208' title='bbox 491 2646 628 2699; x_wconf 88' lang='lat' dir='ltr'><strong>caeteros</strong></span> <span class='ocrx_word' id='word_1_209' title='bbox 651 2632 809 2698; x_wconf 90' lang='lat' dir='ltr'><strong>nobilitate</strong></span> <span class='ocrx_word' id='word_1_210' title='bbox 843 2646 935 2719; x_wconf 88' lang='lat' dir='ltr'><strong>atque</strong></span> <span class='ocrx_word' id='word_1_211' title='bbox 968 2633 1101 2698; x_wconf 84' lang='lat' dir='ltr'><strong>auctori·</strong></span> 
     </span>
     <span class='ocr_line' id='line_1_29' title="bbox 177 2721 1102 2809; baseline -0.003 -21"><span class='ocrx_word' id='word_1_212' title='bbox 177 2736 238 2788; x_wconf 85' lang='lat' dir='ltr'><strong>tate</strong></span> <span class='ocrx_word' id='word_1_213' title='bbox 261 2723 435 2787; x_wconf 78' lang='lat' dir='ltr'><strong>uicerunt»</strong></span> <span class='ocrx_word' id='word_1_214' title='bbox 466 2722 527 2809; x_wconf 77' lang='lat'><strong>(5).</strong></span> <span class='ocrx_word' id='word_1_215' title='bbox 551 2721 586 2785; x_wconf 88' lang='lat' dir='ltr'><strong>Et</strong></span> <span class='ocrx_word' id='word_1_216' title='bbox 608 2721 669 2786; x_wconf 92' lang='lat' dir='ltr'><strong>boc</strong></span> <span class='ocrx_word' id='word_1_217' title='bbox 691 2722 784 2788; x_wconf 88' lang='lat' dir='ltr'><strong>etiam</strong></span> <span class='ocrx_word' id='word_1_218' title='bbox 819 2734 902 2807; x_wconf 91' lang='lat' dir='ltr'><strong>patet</strong></span> <span class='ocrx_word' id='word_1_219' title='bbox 935 2721 1102 2805; x_wconf 82' lang='lat' dir='ltr'><strong>diligenter</strong></span> 
     </span>
     <span class='ocr_line' id='line_1_30' title="bbox 177 2808 1102 2898; baseline -0.001 -22"><span class='ocrx_word' id='word_1_220' title='bbox 177 2810 383 2878; x_wconf 73' lang='lat' dir='ltr'><strong>consideranti</strong></span> <span class='ocrx_word' id='word_1_221' title='bbox 408 2810 524 2877; x_wconf 88' lang='lat' dir='ltr'><strong>dictum</strong></span> <span class='ocrx_word' id='word_1_222' title='bbox 547 2830 657 2877; x_wconf 89' lang='lat' dir='ltr'><strong>eorum</strong></span> <span class='ocrx_word' id='word_1_223' title='bbox 679 2811 732 2895; x_wconf 88' lang='lat' dir='ltr'><strong>qui</strong></span> <span class='ocrx_word' id='word_1_224' title='bbox 763 2822 933 2898; x_wconf 86' lang='lat' dir='ltr'><strong>posuerunt</strong></span> <span class='ocrx_word' id='word_1_225' title='bbox 947 2808 1102 2875; x_wconf 87' lang='lat' dir='ltr'><strong>mundum</strong></span> 
     </span>
     <span class='ocr_line' id='line_1_31' title="bbox 178 2898 1106 2986; baseline -0.002 -21"><span class='ocrx_word' id='word_1_226' title='bbox 178 2920 302 2986; x_wconf 88' lang='lat' dir='ltr'><strong>semper</strong></span> <span class='ocrx_word' id='word_1_227' title='bbox 326 2899 430 2975; x_wconf 82' lang='lat' dir='ltr'><strong>luisse,</strong></span> <span class='ocrx_word' id='word_1_228' title='bbox 452 2898 521 2984; x_wconf 89' lang='lat' dir='ltr'><strong>qnia</strong></span> <span class='ocrx_word' id='word_1_229' title='bbox 547 2898 751 2965; x_wconf 89' lang='lat' dir='ltr'><strong>nibilominus</strong></span> <span class='ocrx_word' id='word_1_230' title='bbox 774 2912 892 2985; x_wconf 91' lang='lat' dir='ltr'><strong>ponunt</strong></span> <span class='ocrx_word' id='word_1_231' title='bbox 915 2920 988 2965; x_wconf 92' lang='lat' dir='ltr'><strong>eum</strong></span> <span class='ocrx_word' id='word_1_232' title='bbox 1002 2920 1020 2964; x_wconf 86' lang='lat' dir='ltr'><strong>a</strong></span> <span class='ocrx_word' id='word_1_233' title='bbox 1036 2898 1106 2963; x_wconf 87' lang='lat' dir='ltr'><strong>Deo</strong></span> 
     </span>
     <span class='ocr_line' id='line_1_32' title="bbox 179 2986 1106 3074; baseline -0.002 -21"><span class='ocrx_word' id='word_1_234' title='bbox 179 2987 304 3067; x_wconf 84' lang='lat' dir='ltr'><strong>lactum,</strong></span> <span class='ocrx_word' id='word_1_235' title='bbox 327 2987 403 3054; x_wconf 91' lang='lat' dir='ltr'><strong>nibil</strong></span> <span class='ocrx_word' id='word_1_236' title='bbox 426 2986 465 3053; x_wconf 86' lang='lat' dir='ltr'><strong>de</strong></span> <span class='ocrx_word' id='word_1_237' title='bbox 489 2989 547 3053; x_wconf 90' lang='lat' dir='ltr'><strong>bac</strong></span> <span class='ocrx_word' id='word_1_238' title='bbox 569 2988 773 3074; x_wconf 88' lang='lat' dir='ltr'><strong>repugnantia</strong></span> <span class='ocrx_word' id='word_1_239' title='bbox 797 2987 1009 3053; x_wconf 81' lang='lat' dir='ltr'><strong>intellectuum</strong></span> <span class='ocrx_word' id='word_1_240' title='bbox 1033 3006 1106 3052; x_wconf 87' lang='lat' dir='ltr'><strong>sen-</strong></span> 
     </span>
     <span class='ocr_line' id='line_1_33' title="bbox 180 3075 1107 3163; baseline -0.002 -22"><span class='ocrx_word' id='word_1_241' title='bbox 180 3079 298 3143; x_wconf 79' lang='lat' dir='ltr'><strong>tientes.</strong></span> <span class='ocrx_word' id='word_1_242' title='bbox 323 3076 401 3161; x_wconf 84' lang='lat' dir='ltr'><strong>Ergo</strong></span> <span class='ocrx_word' id='word_1_243' title='bbox 426 3076 467 3143; x_wconf 90' lang='lat' dir='ltr'><strong>illi</strong></span> <span class='ocrx_word' id='word_1_244' title='bbox 491 3078 544 3163; x_wconf 90' lang='lat' dir='ltr'><strong>qui</strong></span> <span class='ocrx_word' id='word_1_245' title='bbox 568 3090 631 3141; x_wconf 87' lang='lat' dir='ltr'><strong>tam</strong></span> <span class='ocrx_word' id='word_1_246' title='bbox 653 3075 806 3143; x_wconf 87' lang='lat' dir='ltr'><strong>subtiliter</strong></span> <span class='ocrx_word' id='word_1_247' title='bbox 828 3097 897 3142; x_wconf 86' lang='lat' dir='ltr'><strong>enm</strong></span> <span class='ocrx_word' id='word_1_248' title='bbox 932 3076 1107 3163; x_wconf 87' lang='lat' dir='ltr'><strong>percipiunt</strong></span> 
     </span>
     <span class='ocr_line' id='line_1_34' title="bbox 180 3165 1028 3251; baseline -0.002 -20"><span class='ocrx_word' id='word_1_249' title='bbox 180 3166 237 3232; x_wconf 90' lang='lat' dir='ltr'><strong>soli</strong></span> <span class='ocrx_word' id='word_1_250' title='bbox 261 3179 332 3231; x_wconf 88' lang='lat' dir='ltr'><strong>sunt</strong></span> <span class='ocrx_word' id='word_1_251' title='bbox 354 3165 507 3243; x_wconf 83' lang='lat' dir='ltr'><strong>homines,</strong></span> <span class='ocrx_word' id='word_1_252' title='bbox 532 3177 562 3231; x_wconf 88' lang='lat' dir='ltr'><strong>et</strong></span> <span class='ocrx_word' id='word_1_253' title='bbox 585 3185 658 3230; x_wconf 90' lang='lat' dir='ltr'><strong>eum</strong></span> <span class='ocrx_word' id='word_1_254' title='bbox 682 3165 726 3229; x_wconf 91' lang='lat' dir='ltr'><strong>eis</strong></span> <span class='ocrx_word' id='word_1_255' title='bbox 748 3166 846 3230; x_wconf 89' lang='lat' dir='ltr'><strong>oritur</strong></span> <span class='ocrx_word' id='word_1_256' title='bbox 868 3166 1028 3251; x_wconf 90' lang='lat' dir='ltr'><strong>sapientia.</strong></span> 
     </span>
     <span class='ocr_line' id='line_1_35' title="bbox 247 3253 1108 3341; baseline -0.002 -20"><span class='ocrx_word' id='word_1_257' title='bbox 247 3254 320 3333; x_wconf 88' lang='lat' dir='ltr'><strong>Sed,</strong></span> <span class='ocrx_word' id='word_1_258' title='bbox 343 3256 414 3341; x_wconf 90' lang='lat' dir='ltr'><strong>quia</strong></span> <span class='ocrx_word' id='word_1_259' title='bbox 438 3254 591 3340; x_wconf 87' lang='lat' dir='ltr'><strong>quaedam</strong></span> <span class='ocrx_word' id='word_1_260' title='bbox 614 3254 810 3321; x_wconf 86' lang='lat' dir='ltr'><strong>auctoritates</strong></span> <span class='ocrx_word' id='word_1_261' title='bbox 826 3253 969 3320; x_wconf 86' lang='lat' dir='ltr'><strong>videntur</strong></span> <span class='ocrx_word' id='word_1_262' title='bbox 992 3274 1049 3341; x_wconf 91' lang='lat' dir='ltr'><strong>pro</strong></span> <span class='ocrx_word' id='word_1_263' title='bbox 1062 3254 1108 3319; x_wconf 86' lang='lat' dir='ltr'><strong>eis</strong></span> 
     </span>
    </p>
   </div>
   <div class='ocr_carea' id='block_1_5' title="bbox 233 3390 708 3603">
    <p class='ocr_par' dir='ltr' id='par_1_5' title="bbox 233 3390 708 3603">
     <span class='ocr_line' id='line_1_36' title="bbox 233 3390 708 3461; baseline 0.002 -16"><span class='ocrx_word' id='word_1_264' title='bbox 233 3392 273 3459; x_wconf 78' lang='lat' dir='ltr'><strong>(ll</strong></span> <span class='ocrx_word' id='word_1_265' title='bbox 290 3394 330 3447; x_wconf 81' lang='lat' dir='ltr'><strong>Dr</strong></span> <span class='ocrx_word' id='word_1_266' title='bbox 351 3393 426 3447; x_wconf 83' lang='lat' dir='ltr'><strong>Cloit.</strong></span> <span class='ocrx_word' id='word_1_267' title='bbox 447 3394 504 3461; x_wconf 85' lang='lat' dir='ltr'><strong>Dei,</strong></span> <span class='ocrx_word' id='word_1_268' title='bbox 526 3394 541 3447; x_wconf 91' lang='lat'><strong>1.</strong></span> <span class='ocrx_word' id='word_1_269' title='bbox 561 3390 604 3459; x_wconf 85' lang='lat' dir='ltr'><strong>lO,</strong></span> <span class='ocrx_word' id='word_1_270' title='bbox 624 3410 646 3446; x_wconf 91' lang='lat' dir='ltr'><strong>c.</strong></span> <span class='ocrx_word' id='word_1_271' title='bbox 665 3390 708 3446; x_wconf 69' lang='lat' dir='ltr'><strong>dl.</strong></span> 
     </span>
     <span class='ocr_line' id='line_1_37' title="bbox 236 3462 566 3529; baseline -0.012 -10"><span class='ocrx_word' id='word_1_272' title='bbox 236 3464 272 3529; x_wconf 70' lang='grc'><strong>12)</strong></span> <span class='ocrx_word' id='word_1_273' title='bbox 291 3464 359 3517; x_wconf 83' lang='lat' dir='ltr'><strong>ibid.</strong></span> <span class='ocrx_word' id='word_1_274' title='bbox 371 3501 380 3527; x_wconf 91' lang='lat'><strong>,</strong></span> <span class='ocrx_word' id='word_1_275' title='bbox 400 3466 416 3517; x_wconf 88' lang='lat' dir='ltr'><strong>l.</strong></span> <span class='ocrx_word' id='word_1_276' title='bbox 438 3463 481 3527; x_wconf 90' lang='lat' dir='ltr'><strong>ll,</strong></span> <span class='ocrx_word' id='word_1_277' title='bbox 501 3480 523 3518; x_wconf 88' lang='lat' dir='ltr'><strong>c.</strong></span> <span class='ocrx_word' id='word_1_278' title='bbox 540 3462 566 3517; x_wconf 71' lang='lat' dir='ltr'><strong>l.</strong></span> 
     </span>
     <span class='ocr_line' id='line_1_38' title="bbox 234 3533 557 3603; baseline 0.006 -18"><span class='ocrx_word' id='word_1_279' title='bbox 234 3534 273 3603; x_wconf 73' lang='grc' dir='ltr'><strong>(ὅ)</strong></span> <span class='ocrx_word' id='word_1_280' title='bbox 290 3534 376 3601; x_wconf 79' lang='lat' dir='ltr'><strong>ibid,</strong></span> <span class='ocrx_word' id='word_1_281' title='bbox 395 3536 414 3591; x_wconf 92' lang='lat' dir='ltr'><strong>l.</strong></span> <span class='ocrx_word' id='word_1_282' title='bbox 431 3533 473 3602; x_wconf 89' lang='lat' dir='ltr'><strong>ll,</strong></span> <span class='ocrx_word' id='word_1_283' title='bbox 492 3550 514 3587; x_wconf 87' lang='lat' dir='ltr'><strong>e.</strong></span> <span class='ocrx_word' id='word_1_284' title='bbox 534 3533 557 3587; x_wconf 78' lang='lat'><strong>5.</strong></span> 
     </span>
    </p>
   </div>
   <div class='ocr_carea' id='block_1_6' title="bbox 0 0 1268 3975">
    <p class='ocr_par' dir='ltr' id='par_1_6' title="bbox 0 0 1268 3975">
     <span class='ocr_line' id='line_1_39' title="bbox 0 0 1268 3975; baseline 0 0"><span class='ocrx_word' id='word_1_285' title='bbox 0 0 1268 3975; x_wconf 95' lang='lat' dir='ltr'><strong> </strong></span> 
     </span>
    </p>
   </div>
  </div>
 </body>
</html>
