2484 3975
237 226 300 290 1110
545 243 599 287 1111.
625 242 663 286 11.
687 241 749 286 mr.
774 243 861 288 xxxv.

231 315 271 378 de
295 325 401 378 tratura
427 325 471 378 εει
487 313 636 414 quassum
659 312 702 374 sic
725 312 807 376 enim
832 313 962 377 dicimus
978 312 1153 379 humanam

182 478 186 485 ¹
231 416 372 468 naturam
397 422 465 467 esse
488 403 519 466 in
543 400 664 466 Christo
687 414 717 465 et
739 401 883 467 divinam.
921 401 984 467 Si
977 403 1080 487 igitur,
1120 419 1155 469 ut

230 479 384 578 Eutyches
406 492 520 593 posuit,
542 491 677 554 humana
703 503 810 554 natura
835 505 865 555 et
887 490 989 556 divina
1024 490 1155 556 luerunt

231 580 311 645 duae
334 591 424 644 ante
428 581 585 654 unionem,
607 577 663 642 sed
686 597 724 642 ex
746 578 791 642 eis
812 579 844 644 in
868 579 982 644 unione
1015 581 1154 644 conflata
1217 638 1218 659 ,

231 683 277 734 εει
300 689 360 734 una
381 683 502 746 natura,
525 679 645 752 oportet
668 665 727 731 hoc
749 687 816 731 esse
839 667 944 754 aliquo
960 688 1070 734 eorum
1083 689 1151 734 mo·

232 757 344 824 dorum
368 757 538 822 secundum
562 775 641 841 quos
663 773 700 820 ex
724 756 829 820 multis
852 770 957 821 natum
981 773 1027 822 est
1046 779 1152 823 unum

230 840 307 912 fieri.
331 847 378 910 Fit
387 861 502 923 autem
527 864 625 908 unum
648 862 685 909 ex
700 843 815 908 multis:
831 843 897 910 Uno
910 845 1037 931 quidem
1055 848 1154 910 modo

230 907 402 1000 secundum
428 933 568 999 ordinem
593 946 722 1009 tantum,
740 932 822 997 sieut
844 953 883 997 ex
908 933 1013 998 multis
1051 935 1155 999 domi-

231 1023 289 1089 bus
314 1022 348 1088 fit
368 1003 475 1087 civitas
498 1035 528 1086 ct
551 1041 589 1086 ex
614 1021 717 1086 multis
740 1020 888 1086 militibus
918 1022 952 1086 fit
986 1024 1155 1089 exercitus:

231 1112 291 1177 elio
315 1111 421 1184 modo,
445 1111 555 1176 ordine
578 1124 608 1174 et
632 1111 866 1196 compositione,
887 1111 966 1174 sicut
988 1130 1029 1176 ex
1056 1115 1155 1196 parti·

230 1201 289 1266 bus
320 1200 431 1265 domus
454 1199 626 1286 conjunctis
648 1212 678 1261 ει
701 1217 755 1284 per
777 1212 953 1264 contactum
975 1215 1006 1263 et
1022 1221 1079 1285 per
1090 1202 1156 1265 col-

230 1287 408 1374 ligationem
437 1288 548 1353 domus
572 1288 614 1352 fit.
637 1286 700 1351 Sed
724 1287 755 1351 hi
780 1287 842 1352 duo
867 1286 952 1369 modi
974 1307 1038 1352 non
1062 1309 1152 1354 com·

229 1391 336 1463 petunt
360 1378 398 1441 ad
421 1376 784 1443 constitutionemtunius
808 1389 985 1441 natureeex
998 1377 1153 1464 pluribus.

231 1467 272 1531 lla
296 1469 389 1552 igitur
404 1485 536 1552 quorum
559 1465 659 1530 lorma
689 1478 736 1528 εει
769 1464 846 1529 ordo
885 1465 933 1529 rel
966 1469 1156 1552 compositio

229 1576 294 1620 non
317 1569 388 1620 sunt
411 1573 460 1619 res
483 1554 648 1631 naturales,
674 1566 707 1616 ut
730 1553 905 1618 siccorum
931 1556 1032 1619 unitas
1054 1558 1156 1640 possit

231 1643 301 1709 dici
313 1643 413 1708 unitas
436 1659 573 1708 naturae
598 1641 704 1706 Tertio
730 1641 835 1716 modo,
870 1663 908 1707 ex
941 1642 1084 1728 pluribus
1121 1645 1155 1708 111

230 1753 326 1798 uuum
351 1751 406 1818 per
427 1731 689 1808 commixtionem,
710 1729 788 1794 sicut
810 1750 848 1795 ex
870 1743 1000 1816 quatuor
1012 1731 1154 1798 clemen

181 1883 183 1888 s
229 1823 267 1886 tis
292 1821 326 1885 fit
348 1841 459 1906 corpus
484 1823 621 1885 mixtum.
642 1815 718 1883 llic
716 1819 816 1882 etiam
830 1819 941 1884 modus
957 1819 1042 1884 nullo
1055 1824 1156 1885 modo

229 1909 375 2013 competit
398 1909 436 1972 ad
460 1911 661 2011 propositum:
684 1941 729 1954 -
743 1907 862 1994 primo
900 1908 1037 2010 quidem,
1080 1911 1153 1996 quia

229 2002 335 2063 mixtio
359 2018 421 2062 non
445 2013 491 2062 εει
514 2000 571 2063 nisi
594 2018 703 2061 eorum
737 2016 816 2081 quae
853 1998 1086 2062 communicant
1122 2022 1154 2063 m
1217 2031 1219 2052 ÷

227 2088 355 2153 materia
379 2099 409 2149 et
432 2106 510 2171 qnae
533 2106 625 2171 agere
647 2098 678 2149 et
693 2089 755 2171 pati
778 2085 817 2149 ad
840 2083 971 2150 invicem
985 2101 1157 2151 natasunt:

228 2176 313 2263 quod
329 2174 455 2260 quidem
468 2176 517 2239 iric
540 2195 608 2239 esse
631 2194 693 2239 non
708 2187 817 2259 potest:
830 2189 987 2240 ostensum
1004 2189 1049 2240 est
1065 2178 1154 2240 enim

220 2259 263 2353 '(l.
289 2266 318 2338 l,
342 2284 368 2327 c.
394 2262 434 2327 ld
458 2276 488 2327 ει
513 2264 568 2349 17)
592 2264 676 2348 quod
699 2263 782 2326 Deus
805 2261 1015 2328 immaterialis
1038 2278 1069 2327 ει
1082 2285 1154 2329 om·

226 2357 302 2418 nino
326 2352 597 2437 impassibilisest:
621 2388 665 2399 -
687 2352 835 2428 secundo,
857 2352 932 2455 quia
952 2371 989 2416 ex
1013 2352 1155 2438 lrisquo-

228 2464 299 2507 rum
323 2460 420 2505 unum
444 2441 576 2505 multum
599 2441 718 2505 excedit
741 2440 824 2503 aliud
848 2440 955 2504 mixtio
994 2440 1060 2504 steri
1086 2463 1151 2505 non

227 2544 340 2617 potest;
363 2530 389 2593 si
412 2531 480 2614 quis
503 2532 586 2594 enim
610 2543 727 2614 guttam
761 2529 820 2591 viui
857 2530 955 2592 mittat
993 2529 1024 2593 in
1064 2530 1153 2595 mille

227 2620 393 2705 amphoras
416 2638 524 2703 aquae,
548 2617 610 2683 noir
627 2620 683 2681 erit
707 2617 823 2718 mixtio,
838 2616 892 2681 ced
906 2616 1062 2703 corruptio
1070 2619 1153 2719 ''vini3

228 2722 355 2794 propter
377 2708 461 2792 quod
485 2708 576 2771 etiam
600 2726 659 2771 neu
681 2706 763 2789 ligna
803 2707 833 2769 in
871 2704 1076 2770 fornacem
1068 2710 1152 2790 ignis

226 2797 319 2861 missa
342 2796 472 2860 dicimus
492 2796 613 2861 misceri
650 2795 723 2877 igni,
744 2793 799 2857 sed
834 2792 904 2857 ab'
897 2814 968 2877 igne
995 2799 1152 2873 consumi,

228 2900 354 2971 propter
367 2884 610 2949 excellentem'
603 2884 681 2967 ignis
716 2883 870 2957 virtutem
902 2884 1005 2946 divim
1042 2898 1152 2948 autern

226 2988 338 3039 natura
362 2972 392 3035 in
415 2972 568 3037 inlinitum
593 2973 761 3035 humanam
784 2970 914 3049 excedit,
940 2990 1012 3035 cum
1051 2975 1152 3037 virtus

118 3075 124 3089 ¹
226 3059 284 3127 Dei
306 3061 345 3127 sit
367 3060 496 3137 inlinita,
520 3076 552 3127 ut
576 3074 733 3125 ostensum
755 3073 802 3122 cst
825 3059 858 3141 (Ι.
877 3061 907 3135 1,
925 3060 1033 3143 c.;l5)
1061 3061 1151 3132 nullo

226 3150 324 3234 igitur
345 3149 440 3215 modo
465 3164 567 3250 posset
591 3150 656 3213 lieri
685 3148 791 3211 mixtio
814 3149 973 3251 utriusque
1009 3162 1150 3214 naturae.

231 3276 275 3285 -
299 3239 398 3313 tertio,
423 3242 504 3323 quia,
538 3239 610 3303 dato
646 3237 729 3322 quod
753 3236 840 3300 fieret
883 3237 998 3311 mixtio,
1037 3253 1150 3302 neutra

228 3334 338 3394 natura
362 3341 535 3391 remaneret
558 3326 652 3401 salta3
675 3324 835 3389 miseibilla
860 3324 944 3388 enim
981 3326 1012 3388 in
1048 3327 1150 3391 mixto

227 3435 292 3479 non
314 3415 479 3491 salvantur,
504 3416 528 3479 si
552 3419 590 3479 sit
613 3434 684 3477 cera
707 3414 824 3488 mixti03
847 3411 924 3477 lacta
949 3414 1040 3497 igitur
1076 3436 1150 3500 per-

230 3504 377 3567 mixtione
402 3503 558 3588 utriusque
581 3517 718 3581 naturae,
740 3478 861 3566 divinoe
885 3502 999 3583 scillcet
1021 3514 1052 3566 et
1088 3506 1150 3568 1111-
