2484 3975
223 237 288 304 tint
473 275 477 280 ·
596 257 769 306 onusounnu
822 251 824 256 '
885 277 888 290 ·

219 328 319 397 nullus
342 325 491 414 appetitus
513 347 581 391 esre
604 329 724 394 videtur
747 327 804 392 nisi
834 325 1047 406 intellecturus⁹
1087 329 1141 413 tini

217 415 341 501 quidem
365 428 411 479 est
447 417 627 503 simpliciter
649 417 732 487 boni.
757 430 789 482 ut
825 435 879 503 per
913 416 1141 503 Philosophum

217 518 298 590 petet
320 504 534 591 (Metopltys.‚
562 507 601 571 ll
613 508 636 585 l.
659 505 879 571 Nullosoutenr
895 504 1027 572 elliu'tur
1040 505 1143 570 molus

217 613 254 659 ex
277 592 336 658 lton
358 593 441 677 quod
464 593 530 678 ejus
552 595 723 660 intellectus
759 593 940 680 simpliciter
974 593 1072 660 tendit
1109 593 1143 658 in

216 682 276 746 hoo
299 681 383 765 quod
407 696 451 747 est
473 683 654 768 simpliciter
677 682 804 761 bonum,
825 681 879 748 sed
914 704 951 748 ex
976 684 1035 749 hoo
1058 681 1144 768 gttotl

218 770 316 836 tendit
340 770 370 834 in
393 771 507 853 ulignid
532 772 614 857 qood
637 785 683 836 est
705 771 874 838 seeundum
898 771 972 857 qnid
1012 772 1144 848 bonurn,

219 879 253 926 oc
276 858 302 924 si
325 874 405 924 esset
426 859 604 945 simplicitet·
634 860 762 926 bonurn.
801 859 868 925 Non
907 879 981 944 engo
1019 859 1145 925 videtur

219 967 288 1014 esse
311 948 457 1034 possibile
479 948 563 1032 quod
586 951 711 1037 proprio
734 951 868 1035 appetitu
902 949 1004 1033 aliquo
1039 949 1145 1013 incor-

218 1055 312 1123 poreo
334 1050 364 1100 ει
387 1037 598 1103 intellectualis
620 1039 787 1104 substantio
811 1037 891 1102 molo
920 1036 1080 1103 efficiatur.
1233 1115 1234 1120 ἵ

285 1124 400 1190 Rursus
424 1126 580 1212 inpetitus
603 1147 670 1194 esse
693 1146 754 1192 non
779 1140 878 1212 potest
902 1127 957 1192 nisi
993 1125 1068 1192 boni
1094 1125 1144 1190 tel

215 1214 391 1301 opponentis
413 1215 500 1281 boni:
521 1215 743 1288 bonumenim
766 1231 812 1280 est
840 1215 924 1300 qood
958 1213 1066 1280 onmia
1088 1235 1142 1297 ερ-

216 1315 331 1387 petunt.
355 1303 397 1370 lix
420 1305 480 1368 boo
501 1316 604 1370 ootern
628 1304 709 1389 quod
733 1304 844 1390 uliquis
878 1323 984 1369 verum
1019 1302 1140 1368 bonnm

215 1390 330 1477 oppetit
354 1413 415 1457 non
438 1390 567 1458 efficitur
589 1394 699 1458 molus.
723 1390 850 1478 Oportet
880 1393 983 1476 igitur,
1006 1389 1140 1456 inomni

214 1497 252 1543 eo
275 1479 327 1565 qui
351 1502 406 1567 por
431 1482 588 1567 proprium
601 1482 769 1568 appetitum
786 1481 884 1546 mulus
900 1479 1042 1554 elfioitur.
1055 1478 1140 1565 qnod

214 1581 337 1654 npetnt
357 1588 511 1657 ,opponens
548 1569 665 1636 bonum
703 1585 860 1654 totnquom
899 1590 970 1634 vene
1008 1569 1141 1634 nonum.

242 1671 404 1724 ouantem
428 1679 490 1724 non
514 1672 611 1744 potest
634 1679 713 1736 esse,
733 1659 792 1724 nisi
817 1659 846 1724 in
870 1678 926 1724 tuo
946 1655 1139 1742 judioiol‘ol·

214 1744 304 1822 loton
327 1746 409 1830 quod
432 1768 494 1812 non
519 1747 639 1812 videtur
661 1767 751 1833 posse
773 1747 951 1832 contingere
990 1747 1020 1810 in
1066 1744 1140 1810 sob-

213 1834 322 1900 stuntin
346 1837 525 1922 incorporeo
550 1835 756 1913 intellectuali,
779 1855 858 1922 quoe
894 1834 989 1900 lolsoe
1022 1854 1136 1920 uppre-

213 1921 369 1991 hensionis
392 1944 497 2012 onpot,
521 1938 553 1988 ut
577 1923 708 2002 videtur,
730 1945 797 1991 esse
825 1943 886 1990 nott
925 1936 1034 2010 potest.
1057 1921 1135 1989 Nnrn

214 2024 245 2077 ει
268 2012 298 2077 in
322 2013 421 2091 nobis,
443 2013 568 2098 quondo
591 2013 788 2098 intelligimus
824 2033 895 2077 rere
928 2012 1056 2099 aliquid,
1080 2011 1137 2077 tot·

213 2100 286 2166 situs
308 2122 375 2166 esse
397 2122 460 2167 non
485 2113 593 2185 potesu
615 2102 699 2167 untle
720 2101 907 2183 Augustinus
941 2100 1014 2167 dicit
1052 2101 1137 2186 quoti

221 2219 243 2249 ι.
257 2191 357 2255 omnis
380 2192 431 2276 qui
457 2189 578 2268 fallitur,
601 2189 632 2255 id
656 2192 685 2255 in
710 2212 774 2277 quo
796 2190 910 2255 lollltur
938 2210 1001 2253 non
1025 2188 1137 2255 intelli·

214 2277 257 2363 git
280 2306 294 2337 ι
324 2278 413 2365 (lib.
438 2276 693 2363 Octogintntrinm
718 2277 880 2364 Quaest.);
903 2277 1034 2343 undeet
1056 2277 1137 2344 citou

213 2388 249 2432 en
272 2386 351 2452 qnae
374 2368 496 2455 proprie
512 2367 666 2433 intellectu
684 2369 833 2454 cupimus,
848 2370 925 2431 siout
938 2366 1018 2430 circo
1037 2367 1136 2450 primo

213 2456 371 2543 principio,
394 2456 495 2521 nullus
518 2457 617 2541 decipi
641 2471 750 2541 potest.
775 2454 966 2542 lntpossibilo
977 2456 1071 2538 igitur
1095 2458 1138 2518 ui·

211 2544 301 2609 detor
322 2542 404 2631 quod
428 2545 529 2631 ulique
553 2546 734 2631 incorporeo
768 2560 799 2609 et
829 2544 1042 2609 intellectualis
1065 2543 1139 2610 sub-

209 2633 318 2699 stantio
342 2656 397 2720 per
420 2635 577 2719 proprium
602 2634 770 2719 appetitum
795 2632 874 2697 malo
899 2632 960 2697 ssot.

277 2722 397 2802 Adlmo,
421 2723 452 2787 ln
476 2723 644 2787 substantie
667 2742 746 2809 quoe
769 2735 814 2786 est
843 2718 1057 2786 intellectualis
1078 2739 1136 2785 nr·

208 2824 294 2875 turae
317 2833 334 2877 n
357 2832 486 2898 corporo
508 2824 658 2897 separatu,
682 2830 807 2876 neeesse
829 2824 875 2877 est
897 2808 981 2895 quod
1004 2811 1044 2873 sit
1059 2828 1134 2895 ope-

207 2900 284 2963 rutio
308 2922 324 2963 a
349 2915 487 2986 ternpore
510 2899 660 2976 absolutio
684 2899 819 2986 potentio
843 2899 925 2963 enim
940 2896 1134 2985 uniuscujus-

206 3006 266 3074 qtte
288 2990 332 3055 rei
356 3011 393 3055 ex
415 2988 481 3074 eius
503 2989 681 3075 operatione
704 2987 954 3076 deprehenditur.
995 2986 1134 3072 operatio

210 3098 283 3141 reso
308 3080 538 3163 recognoscitur
562 3096 599 3141 ex
623 3076 753 3162 objecto.
788 3073 982 3159 intelligibile
1019 3089 1135 3153 nutem,

207 3167 388 3250 inquantum
413 3165 601 3249 hujusmodi,
624 3186 726 3251 neque
748 3179 793 3231 est
817 3166 866 3230 hio
895 3184 996 3250 neque
1035 3182 1132 3229 unum

205 3274 349 3334 numero,
372 3254 426 3320 sed
450 3255 635 3319 obstructum
653 3256 740 3319 siout
765 3277 781 3319 o
805 3254 864 3321 looi
888 3251 1134 3318 dimensionibus

204 3342 245 3408 its
269 3347 338 3409 ειέ
362 3358 535 3429 temporum
559 3344 763 3409 successione.
802 3342 868 3428 lpsu
897 3342 989 3425 igitur
1013 3339 1132 3406 intelle-

204 3430 312 3497 otmlis
332 3433 481 3518 operatio,
504 3433 527 3495 si
553 3452 607 3515 ner
631 3452 664 3495 se
680 3433 901 3507 consideretur,
913 3442 1033 3514 oportet
1046 3428 1129 3514 quod

204 3522 283 3582 siout
304 3532 351 3583 est
373 3519 523 3585 abstracto
546 3521 584 3584 nb
620 3522 705 3603 omni
741 3521 892 3607 corporali
926 3518 1130 3609 dimensione,
