2484 3975
234 214 277 285 w
382 192 384 200 '
546 220 806 287 mmmm

233 320 268 375 ut
290 306 454 395 probaturb
477 308 570 397 est(l.
596 308 627 390 l,
648 330 676 377 o.
699 310 769 392 ll),
803 307 937 396 (oonstot
952 308 1158 396 sutemquod

230 395 327 463 etiarn
350 398 440 464 Pater
462 410 509 463 est
530 398 596 486 ipsu
620 397 904 481 essentialibus),
941 397 1061 464 videtur
1103 420 1158 465 re·

232 484 331 571 linqui
353 486 437 572 quod
459 486 551 553 Pater
572 501 603 553 et
627 488 721 553 Filius
757 487 942 553 conueniunt
976 486 1008 551 iu
1040 484 1155 553 eadem

231 595 268 639 re
289 574 483 643 subsistente.
506 575 565 642 lies
589 590 692 641 autern
715 576 885 641 subsistens
907 576 940 639 in
963 573 1157 660 instrenuo

230 662 312 729 libus
335 665 453 729 naturis
490 677 616 743 voantur
653 684 796 752 persona.
833 662 979 751 Sequitur
1017 683 1103 747 ergo,
1127 666 1155 729 si

231 752 328 817 Filius
350 765 396 819 est
419 753 484 838 ipsa
507 752 610 819 divino
633 754 777 832 essentia,
799 752 882 839 quod
900 751 1036 818 Pateret
1057 751 1156 820 Filius
1225 759 1226 770 ¹

232 843 417 907 conveniant
439 840 471 905 in
495 860 637 926 persona.
672 841 705 905 Si
739 854 842 907 autern
877 840 973 907 Filius
1005 861 1068 905 non
1108 856 1158 907 est

232 929 242 995 i
265 950 298 995 sa
325 929 426 995 divina
448 930 591 1009 essentia,
614 950 677 995 non
701 944 748 996 est
772 950 862 996 verus
883 928 979 1006 Deus3
996 928 1157 997 boeenim

233 951 273 1083 tle
296 1017 363 1083 Deo
385 1016 549 1105 probatum
573 1030 620 1083 est
639 1017 677 1105 (l.
702 1019 733 1097 l,
754 1039 781 1083 o.
804 1018 874 1103 bl).
897 1016 1024 1086 Videtur
1061 1018 1159 1103 igitur

233 1105 317 1193 quud
340 1105 389 1174 vel
412 1105 507 1171 Filius
540 1126 602 1173 nou
637 1108 677 1173 sit
711 1127 801 1174 verus
834 1106 930 1189 Deua,
965 1118 998 1171 ut
1031 1105 1158 1173 dioebat

232 1195 333 1269 Arius,
355 1194 405 1260 vel
427 1214 491 1262 nou
521 1196 559 1261 sit
592 1196 671 1263 alius
703 1195 906 1284 personaliter
939 1215 959 1263 s
996 1192 1096 1271 Patre,
1120 1212 1158 1273 ut

233 1282 387 1351 Sabellius
409 1283 575 1351 asserebat.

300 1370 417 1446 Adbuo.
442 1371 519 1439 lllud
543 1370 629 1459 quod
651 1385 698 1439 est
710 1372 894 1461 principium
906 1369 1158 1439 individustiouis

237 1460 268 1527 in
293 1480 481 1547 unoquoque
509 1460 700 1548 impossibile
733 1476 780 1528 est
814 1463 917 1528 inesse
948 1460 1036 1527 alteri
1069 1462 1159 1549 quod

231 1549 391 1637 supposito
413 1548 619 1633 distinguatur
644 1550 683 1615 ab
705 1571 755 1628 eo;
778 1550 862 1636 quod
885 1549 971 1615 enim
994 1550 1026 1616 iu
1050 1551 1160 1617 multis
1225 1569 1226 1590 ¹

233 1651 365 1705 estnon
388 1649 435 1703 est
465 1637 716 1705 individuationis
740 1638 935 1727 principium.
959 1638 1027 1726 lpsa
1050 1653 1158 1705 auteur

231 1728 366 1793 essentia
388 1725 446 1791 Dei
469 1739 516 1791 ost
538 1747 594 1813 per
615 1728 816 1813 quameeus
848 1726 1069 1806 individuaton
1088 1748 1156 1794 non

234 1816 318 1881 euim
341 1816 476 1881 essentia¹
495 1814 554 1880 Dei
587 1829 634 1881 est
655 1814 755 1882 lorma
788 1816 820 1881 iu
855 1816 995 1895 materia,
1027 1828 1062 1881 ut
1097 1837 1158 1903 per

233 1903 395 1973 materiam
419 1902 603 1971 individuari
625 1918 740 1992 possen
761 1924 825 1985 non
858 1919 905 1971 est
938 1904 1032 1991 igitur
1068 1904 1157 1974 aliud

234 1995 266 2058 in
290 1993 357 2059 Deo
380 1992 470 2058 Patre
493 2013 550 2080 per
572 1993 656 2079 quod
678 1993 887 2061 individuetur
908 2013 1004 2082 quum
1025 2013 1080 2061 soa
1103 2017 1156 2062 es·

233 2082 342 2148 sentia.
365 2081 437 2167 Ejus
459 2081 552 2167 igitur
572 2084 705 2148 essentia
727 2084 760 2150 in
783 2082 869 2148 nullo
896 2083 957 2152 alio
993 2086 1158 2171 supposito
1224 2102 1225 2105 ’

234 2191 302 2238 esse
325 2183 434 2257 potest.
456 2170 515 2235 but
538 2170 630 2255 igitur
651 2186 774 2237 nonest
794 2172 828 2237 in
849 2171 937 2250 Filio,
949 2183 981 2238 et
1001 2173 1046 2239 sio
1059 2171 1158 2241 Filius

141 2295 146 2302 ·
235 2280 298 2326 nou
321 2273 368 2325 est
391 2279 482 2324 verus
504 2259 599 2337 Deus,
621 2262 794 2326 seeundum
817 2260 935 2338 Arium;
968 2273 1023 2328 out
1058 2261 1159 2330 Filius

234 2369 297 2414 non
320 2359 367 2414 est
389 2347 466 2415 alius
485 2349 645 2433 supposito
668 2369 686 2414 a
709 2349 812 2428 Patre,
841 2351 937 2415 etsie
959 2360 1005 2416 est
1042 2349 1159 2416 eadem

234 2456 366 2525 persona
390 2435 560 2522 utriusque,
582 2436 754 2503 seoundum
780 2435 961 2507 sabellium.

300 2526 450 2612 Amplius,
472 2523 504 2590 Si
526 2524 617 2610 Pater
640 2540 672 2592 et
691 2526 786 2593 Filius
807 2540 879 2603 sunt
911 2525 974 2592 duo
996 2527 1160 2614 supposita

234 2614 299 2682 site
320 2614 402 2680 duae
425 2633 586 2701 personae,
598 2625 745 2681 ettamen
760 2629 832 2681 sunt
853 2614 885 2680 in
896 2615 1028 2682 essentia
1044 2635 1161 2696 unum,

234 2715 356 2790 oportet
377 2702 476 2768 ineis
498 2721 566 2768 esse
588 2702 705 2788 aliquid
742 2715 863 2790 praeter
896 2705 1060 2782 essentiam
1098 2725 1162 2791 per

234 2790 319 2878 quod
342 2790 580 2875 distinguantuu
602 2811 676 2856 nam
698 2790 1017 2863 esseutiaoommunis
1032 2790 1161 2880 utrique

231 2879 367 2968 ponitur;
389 2879 473 2966 quod
496 2890 601 2948 sutem
626 2899 795 2946 commune
816 2893 941 2946 estnon
971 2895 1161 2967 potestesse

235 2967 436 3035 distinotionis
459 2967 657 3057 principium3
679 2981 800 3057 oportet
827 2968 920 3054 igitur
952 2969 985 3034 id
1020 2989 1083 3056 quo
1106 2970 1162 3036 di-

232 3051 431 3143 stinguuntur
453 3057 543 3123 Pater
566 3068 596 3122 et
619 3056 714 3124 Filius
735 3077 806 3124 esse
827 3054 912 3123 aliud
949 3058 989 3125 ab
1022 3062 1196 3130 essentia.

234 3145 355 3212 divina..
371 3145 422 3212 Est
443 3165 518 3230 ergo
540 3164 674 3232 persona
698 3144 765 3213 Filii
786 3144 958 3234 composita
972 3144 1162 3229 exiluobus,

234 3247 265 3300 et
287 3233 427 3306 similiter
448 3253 580 3321 persono
602 3234 712 3313 Patris,
734 3233 850 3302 seilicet
871 3255 909 3301 ex
924 3235 1056 3311 essenus
1068 3255 1163 3303 wm-

233 3322 321 3390 muni
344 3336 374 3389 et
397 3342 435 3390 er
456 3321 607 3409 principio
641 3322 858 3409 distinguente.
894 3323 1028 3410 Uterque
1059 3321 1163 3411 igitur

229 3425 278 3478 est
300 3412 500 3498 compositus
521 3422 632 3478 neuter
653 3431 729 3498 ergo
752 3425 800 3478 est
821 3431 912 3479 versu
935 3412 1029 3480 Deus

299 3497 422 3586 siquis
452 3511 557 3568 sutem
589 3497 671 3568 dieat
706 3499 791 3590 quod
825 3499 1055 3590 distinguuntur
1088 3502 1162 3575 sola
