2484 3975
231 321 285 404 un
312 323 479 408 attunt
510 324 641 408 vnum
668 324 944 410 retentamus

445 509 600 586 [eiuse-
617 508 735 583 nu]

534 672 641 725 »nates

194 849 347 932 Quoniam
372 848 451 914 cirea
475 864 617 916 naturam
653 849 737 914 verbi
772 847 955 924 intellectus,
986 850 1054 915 sine

128 960 190 1025 quo
215 946 317 1022 imago
340 937 496 1004 Trinitatis
518 957 583 1002 non
607 939 761 1004 invenitur
782 939 813 1002 in
851 937 979 1004 bomine
1002 958 1053 1004 er·

128 1048 244 1115 pressa,
264 1025 422 1111 multiplex
447 1027 608 1094 difficultas
630 1040 661 1092 et
683 1027 839 1114 prolixitas
869 1027 963 1092 nimia
988 1028 1056 1094 nni·

127 1137 214 1184 mum
239 1115 376 1194 involvit,
399 1115 469 1182 ideo
491 1116 671 1182 summatim
693 1116 761 1202 ejus
776 1127 918 1182 naturam
932 1115 1054 1180 tradere

128 1205 330 1282 intendimus,
350 1204 476 1291 insuper
496 1221 529 1272 et
549 1205 743 1272 difficultates
766 1205 868 1292 ipsum
893 1217 1053 1289 tangentes

128 1294 221 1361 simul
244 1291 450 1360 manifestare.

194 1381 360 1449 Sciendum
384 1396 429 1446 est
453 1382 546 1468 igitur
568 1383 670 1470 primo
693 1382 775 1468 quod
815 1381 943 1448 verbum
981 1402 1054 1448 curn

128 1493 162 1540 re
185 1471 265 1538 diota
288 1491 344 1559 per
367 1471 496 1537 verbum
518 1472 765 1538 convenientiam
789 1470 883 1537 habet
898 1471 1053 1555 majorem

112 1563 160 1646 ,in
185 1573 292 1626 natura
316 1579 371 1624 sua
395 1581 487 1646 quam
511 1581 582 1626 oum
606 1561 737 1641 dicente,
771 1559 843 1626 lieet
867 1560 897 1626 in
932 1561 1054 1626 dicente

129 1650 167 1717 sit
190 1664 224 1716 ut
246 1650 277 1715 in
300 1648 448 1734 subjecto.
472 1649 721 1736 Unumquodque
752 1650 838 1714 enim
860 1649 900 1714 ab
923 1648 977 1714 illo
997 1668 1053 1714 na·

129 1753 231 1806 turem
253 1738 379 1804 sortitur
408 1759 510 1825 aquo
545 1739 682 1826 speeiem
721 1738 830 1824 scalpit
868 1750 899 1802 et
937 1757 1053 1802 nomen

129 1829 267 1904 sortitur,
291 1827 376 1892 ¹oum
416 1829 534 1914 speeies
573 1829 611 1892 sit
647 1841 709 1892 tota
744 1840 852 1893 notura
890 1827 944 1892 rei.
982 1825 1056 1894 ller-

130 1915 205 1982 hum
231 1929 336 1982 autem
358 1917 492 2002 speeiem
517 1917 629 2003 accipit
661 1938 679 1980 a
717 1906 750 1983 're
773 1915 853 1982 dieta
887 1930 917 1981 ot
950 1934 1054 1981 nona

131 2006 263 2081 dicente,
284 2006 343 2071 nisi
367 2004 446 2073 lorte
479 2006 603 2093 quando
641 2004 714 2077 dieit
735 2026 780 2084 se;
813 2007 891 2073 sieut
927 2005 1054 2071 verbum

130 2094 240 2181 lapidis
263 2095 362 2160 dillert
384 2096 486 2182 speeie
510 2116 527 2161 a
549 2095 645 2160 verbo
667 2094 757 2172 asini;
796 2095 926 2161 verbum
960 2094 1055 2159 etiam

131 2182 245 2249 dietum
270 2205 287 2249 a
311 2184 438 2249 diversis
462 2184 501 2249 de
524 2183 635 2249 eadem
659 2204 692 2248 re
714 2183 799 2248 idem
820 2183 923 2269 speeie
945 2196 1000 2248 est.
1017 2180 1054 2247 Et

130 2271 223 2357 liujus
245 2272 322 2337 ratio
345 2286 391 2338 est
414 2274 485 2359 quin
509 2273 635 2338 effeetus
657 2271 786 2359 quilibet
801 2272 900 2355 magis
912 2272 1055 2337 convenit

130 2382 202 2427 eum
225 2361 374 2448 principio
397 2382 461 2447 quo
482 2380 577 2445 agens
600 2361 662 2445 agit
697 2382 790 2446 quam
828 2381 899 2425 eum
932 2375 1056 2445 agente,

129 2451 179 2515 oui
202 2449 303 2515 solum
325 2451 510 2517 assimilatur
532 2450 651 2515 ratione
688 2450 783 2535 ipsius
806 2449 957 2535 principii3
995 2448 1055 2516 hoo

130 2539 213 2603 enim
235 2552 283 2603 est
306 2539 390 2625 quod
413 2539 661 2615 communicatur
683 2538 803 2603 effectui
831 2541 1055 2624 peractionem

129 2627 259 2712 agentis.
284 2626 459 2694 Similitudo
484 2642 588 2693 autem
611 2628 656 2693 tei
679 2626 779 2691 dietae
801 2640 847 2691 est
869 2626 1055 2714 prinicipium
1107 2683 1110 2689 t

131 2734 194 2801 quo
217 2714 346 2782 verbum
369 2718 413 2781 rei
438 2716 580 2795 eflicitur,
601 2736 682 2800 quae
704 2716 797 2781 etiam
820 2715 851 2780 in
887 2716 982 2781 verbo
1005 2735 1054 2780 ra·

130 2804 249 2890 peritur
271 2826 289 2871 a
312 2804 432 2872 dicente
455 2803 512 2869 sibi
536 2806 775 2880 eommunicetm
797 2816 828 2869 et
850 2803 920 2869 ideo
954 2806 1056 2887 ipsum

130 2893 259 2958 verbum
283 2893 469 2979 quandoque
486 2892 597 2960 dieitur
611 2893 780 2959 similitudo
796 2891 852 2971 rei,
867 2892 1055 2980 quandoque

129 3000 203 3061 vero
226 2982 356 3048 verbum
380 2982 424 3049 rei
448 2981 636 3067 ubicumque
658 2981 708 3047 illa
746 2981 915 3049 similitudo
952 2981 1054 3067 etpri-

129 3072 235 3149 mitur,
257 3071 320 3137 sive
342 3071 373 3135 in
398 3084 484 3158 parte
516 3071 723 3153 imaginativa,
757 3071 840 3136 sieut>
872 3070 1054 3157 pltamasma

130 3158 323 3243 Carthaginis
345 3172 390 3225 est
414 3160 541 3227 verbum
565 3158 769 3244 Carthaginis,
798 3158 971 3225 seeundum
994 3157 1054 3225 dn·

129 3250 301 3332 guatinum,
323 3247 386 3313 sive
420 3248 452 3312 in
487 3247 643 3313 intellectu
680 3260 799 3325 nostro,
832 3246 883 3313 ubi
918 3245 1052 3332 perleotn

132 3336 209 3403 ratio
233 3336 317 3403 verbi
342 3335 506 3417 invenitur,
529 3336 612 3423 quod
640 3335 679 3400 ad
708 3336 876 3420 imaginem
911 3336 1052 3422 pertinet.

132 3424 166 3491 ln
190 3426 291 3491 verbis
313 3424 397 3491 enim
421 3446 500 3511 quae
524 3426 555 3490 in
590 3425 787 3509 imaginativa
821 3424 900 3491 liunt
920 3444 986 3488 non
1006 3440 1054 3490 est

130 3513 208 3581 rstio
231 3515 316 3580 vorbi
339 3534 494 3603 expressa.
517 3514 606 3581 Aliud
629 3532 764 3601 namque
786 3526 833 3581 est
855 3514 886 3579 in
910 3533 946 3578 ea
970 3512 1053 3579 unde
