2484 3975
396 223 586 271 mssrnrnno
640 272 643 275 ,
887 205 953 273 355

82 292 228 369 cumbens,
251 292 282 357 in
306 311 342 357 ea
365 294 458 358 rerba
481 293 591 379 erupit:
622 319 636 351 ι
658 290 750 355 llodo
772 291 954 361 conclusam

82 396 208 447 tcontra
233 381 384 447 haeresim
407 381 576 447 Manichaei
599 408 631 444 ».
657 381 687 444 ld
711 400 785 465 ergo
798 382 951 465 acciderit,

83 492 110 535 m
133 470 250 535 Parisiis
272 490 350 557 opus
373 469 549 536 delineabat
572 469 724 548 Thomas,
747 489 858 553 regens
894 476 954 559 pri·

82 562 175 625 rvice
202 560 397 644 gymnasium
435 558 691 636 Saniacohacum,
730 572 799 643 post
836 579 952 629 annum

83 649 132 727 dl,
155 670 214 735 qno
237 650 268 712 in
291 668 422 732 regnum
445 669 483 715 er
513 646 640 712 Oriente
656 648 876 731 remigraverat
890 652 954 718 ller

82 753 254 803 notissimus.

100 828 134 890 At
156 847 218 891 rern
244 827 322 890 henc
344 824 383 889 ad
407 822 569 891 Summam
610 823 826 908 Theolopt'cam
859 825 953 893 relert

85 915 211 979 illelmus
234 914 273 978 dc
296 912 409 979 Tocco.
446 914 545 979 Verbo
579 927 652 977 sunt
685 911 885 979 disertissima
919 916 952 981 in

82 1027 97 1067 a
121 1005 175 1090 (c.
200 1004 231 1081 7,
254 1023 340 1067 num.
364 1002 407 1066 ll
423 1001 446 1089 ):
476 1029 492 1061 ι
514 1002 591 1067 Cum
615 1002 712 1067 semel
722 1000 754 1067 S.
767 1000 951 1083 ludovicus,

82 1093 139 1157 hex
169 1093 326 1169 Franciae,
349 1092 451 1178 ipsum
487 1091 697 1174 (Thomam)
732 1090 771 1155 od
813 1111 953 1160 marisam

82 1203 159 1247 marn
189 1183 354 1256 invitasset,
375 1193 406 1245 et
427 1180 493 1267 ipse
521 1200 554 1245 se
588 1179 744 1245 humiliter
779 1196 954 1246 excusasset

82 1286 194 1357 ›rupter
216 1290 293 1355 opus
317 1266 462 1336 stammas
483 1271 517 1333 in
544 1268 812 1353 Theolopio,quod
825 1271 953 1337 dictaret

82 1381 144 1425 une
167 1359 323 1444 temporis,
346 1358 504 1424 obtinente
522 1372 625 1421 antem
650 1357 794 1422 mandato
821 1358 955 1443 Regis...,

82 1449 199 1513 limisso
231 1467 287 1511 suo
310 1447 424 1525 studio,
447 1467 519 1511 cum
543 1446 593 1511 illa
618 1446 846 1529 imaginatione,
860 1468 954 1533 quam

82 1558 202 1601 nancns
230 1536 261 1599 in
284 1536 360 1601 cella
388 1549 583 1619 conceperat,
606 1536 732 1599 accessit
766 1534 805 1600 ad
829 1537 955 1620 Regem.

82 1627 161 1691 luxta
185 1645 277 1710 quem
318 1624 503 1689 eristensiu
539 1643 656 1695 mense,
692 1623 794 1688 subito
828 1626 954 1689 veritate

82 1714 148 1779 iidci
171 1715 328 1800 inspirata,
350 1732 489 1777 mensam
515 1714 663 1799 percussit
685 1726 716 1776 et
739 1712 823 1777 dixit:
853 1741 867 1770 «
889 1713 952 1777 lllo-

82 1804 114 1867 lo
138 1804 318 1867 conclusum
342 1815 387 1867 est
402 1814 508 1867 contra
525 1800 676 1865 haeresim
714 1800 882 1866 Manichaei
918 1829 950 1866 ι.

85 1891 269 1967 ludovicus
294 1912 372 1955 nova
396 1892 426 1955 in
450 1889 637 1955 Sarracenos
667 1889 861 1975 expeditione
899 1911 950 1956 stt·

82 1997 143 2067 pta,
166 1980 289 2046 Parisiis
312 2001 395 2046 enno
420 1976 505 2044 l970
521 1978 811 2046 discessitlralcndis
823 1979 952 2059 martiis,

86 2071 180 2136 habet
206 2068 462 2155 chronographia
484 2067 651 2154 Spondani.
678 2067 751 2132 Eam
775 2068 805 2132 in
840 2069 950 2133 urbem

82 2160 160 2236 tarn,
185 2179 267 2223 anno
306 2158 401 2234 trec,
425 2157 646 2241 remigraverint
668 2157 815 2233 Thomas,
839 2159 950 2222 iterum

108 2248 282 2332 regendum
322 2247 518 2332 gymnasium
559 2260 699 2310 nostrum
735 2247 766 2311 in
815 2245 953 2311 Comidis

82 2337 152 2400 linis
189 2336 226 2399 ad
252 2336 463 2400 Pentecostem
488 2333 651 2398 celebretis
679 2333 866 2419 designatus3
890 2354 953 2421 quo

82 2445 171 2511 rpore
200 2424 413 2509 Theolopieam
447 2420 621 2497 Summam,
658 2435 735 2488 teste
773 2422 952 2488 Ptolomaeo

82 2514 158 2593 ensi,
182 2513 369 2578 elaborabat.
392 2511 469 2576 lliuc
492 2526 613 2597 tempus
637 2524 718 2598 potet
741 2513 954 2596 quoadmen-

82 2603 202 2686 aregis
225 2602 345 2668 invitari
368 2600 512 2688 potuerit,
547 2619 677 2686 seseque
715 2620 771 2685 pro
808 2615 952 2665 excusato

82 2693 150 2770 ieri,
174 2691 334 2756 humiliter
357 2689 526 2755 exoraverit
549 2702 703 2776 «propter
715 2709 793 2775 opus
805 2688 952 2757 Summae

90 2780 259 2865 Theolupiu
282 2807 314 2844 a.

94 2868 240 2934 Bollandi
263 2866 491 2933 continuatores
514 2865 607 2952 (not.
630 2865 683 2951 ll)
718 2865 886 2930 admonent
923 2868 952 2931 in

99 2979 163 3042 quo
189 2957 362 3034 utebantur,
384 2953 490 3020 codice
506 2974 580 3020 mse
603 2954 673 3039 legi:
692 2982 707 3014 ι
723 2971 847 3042 propter
862 2955 963 3022 Sum:

82 3067 97 3109 c
125 3045 349 3130 Compendium
386 3071 417 3108 ι.
457 3042 648 3127 Theologiac
684 3046 903 3129 compendium
935 3070 953 3109 a

82 3155 153 3200 oma
178 3133 354 3200 conlectum
376 3147 494 3197 veteres
517 3129 687 3218 Scriptores
717 3146 877 3212 testantur,
916 3133 954 3200 il-

82 3244 145 3310 que
171 3226 251 3288 inter
274 3219 430 3309 Opuscule
455 3234 578 3306 prostat.
602 3220 664 3285 Sed
689 3221 764 3285 haec
787 3241 882 3308 opera
908 3219 955 3290 le·

82 3333 106 3389 r,
147 3325 180 3378 ut
220 3312 314 3377 habet
354 3309 511 3374 Echardus
548 3310 579 3372 in
617 3307 703 3374 Notis
740 3308 780 3374 ad
812 3311 956 3395 Elogimn

82 3403 202 3476 rinatls,
216 3422 277 3466 non
295 3397 462 3483 legitimam
477 3396 668 3484 praebuisset
683 3400 914 3465 excusationem
928 3421 960 3470 ιιι

82 3510 173 3556 rensa
198 3486 289 3576 Regis
312 3509 345 3556 se
368 3488 548 3576 retraheret3
571 3503 674 3575 neque
691 3501 795 3554 tamen
815 3489 954 3559 inverisi-
