2484 3975
215 201 281 268 208
536 221 591 266 tto.
615 223 653 268 rt.
679 223 741 268 car.
766 224 814 270 ut.

211 291 346 377 jectione
368 288 481 365 divina,
491 291 692 359 subsecutum
716 305 762 358 est
784 291 868 379 quod
890 311 948 356 nce
972 290 1147 358 inleriorcs

215 380 293 446 siret
317 379 451 465 perfecte
473 380 584 446 rationi
606 380 810 466 subjiciantur
842 401 899 446 uec
923 381 1045 446 animae
1068 402 1148 446 cor·

215 489 283 556 pus3
306 481 337 532 et
358 469 417 534 ltoc
440 488 502 534 non
527 480 645 535 tantum
684 471 715 534 in
753 471 853 556 primo
888 483 1044 556 peccante,
1079 469 1145 535 sed

214 557 297 624 idem
319 556 457 623 delectus
478 557 653 636 communis
676 559 815 644 pervenit
848 559 886 624 ad
922 571 1072 644 posteros,
1099 559 1145 622 ad

214 664 292 731 quos
315 645 407 711 etiam
431 646 510 711 dicta
533 645 690 730 originalis
710 646 826 732 justitia
861 659 1045 734 perventura
1059 662 1144 711 erat.

213 735 264 800 Sic
286 736 379 820 igitur
402 747 561 822 peccatum
585 734 675 821 primi
716 736 860 814 hominis,
898 757 915 801 a
939 755 1001 823 quo
1024 755 1145 800 omnes

215 821 278 905 alii,
299 826 472 889 secundum
511 823 682 888 doctrinam
722 824 805 900 fidei,
839 837 911 890 sunt
933 825 1072 900 derivati,
1098 837 1146 905 ‚ct

216 913 377 998 personale
400 911 466 991 luit,
490 915 676 998 inquantum
702 911 804 998 ipsum
822 915 956 1000 primuni
973 911 1143 978 hominem

215 1001 339 1090 proprio
362 1001 446 1065 bono
469 1001 609 1087 privavit,
632 1013 663 1066 et
686 1002 836 1079 naturale,
875 1003 1058 1088 inquantum
1080 1001 1143 1066 ab·

215 1088 299 1154 stulit
321 1089 379 1154 sibi
402 1103 434 1153 et
455 1090 519 1155 suls
541 1089 670 1175 posteris
693 1105 919 1176 consequenter
950 1089 1143 1155 beneficium

215 1177 360 1243 collatum
385 1179 438 1242 toti
461 1178 616 1243 hnmanae
640 1192 784 1244 naturae,
816 1179 867 1245 Sic
904 1179 996 1263 igitur
1031 1176 1145 1263 hujus-

216 1264 300 1330 modi
324 1264 474 1344 delectus,
496 1267 528 1331 in
552 1266 619 1332 aliis
657 1287 854 1354 consequens
889 1268 1051 1352 exprimo
1085 1288 1144 1353 pa-

217 1367 315 1433 rente,
338 1355 430 1419 etiam
454 1356 484 1419 in
507 1355 575 1420 aliis
590 1356 742 1422 rationem
765 1357 874 1443 culpae
910 1357 1013 1434 hauet,
1048 1370 1145 1442 prout

217 1463 326 1508 omnes
349 1443 491 1508 homines
514 1458 733 1530 computantur
757 1466 836 1510 unus
872 1445 966 1509 homo
989 1463 1045 1530 per
1069 1462 1143 1530 par-

216 1530 423 1618 ticipationem
446 1545 575 1597 naturae
596 1536 781 1600 communis.
805 1533 855 1599 Sic
877 1533 960 1598 euim
985 1533 1146 1597 invenitur

216 1620 423 1685 voluntarium
448 1620 812 1710 hujusmodipeucatum
850 1622 1011 1687 uoluntate
1048 1621 1145 1707 primi

214 1709 359 1794 parentis,
382 1709 647 1795 quemadmodum
671 1723 702 1776 ct
731 1712 809 1776 actio
848 1730 959 1776 marrus
982 1711 1139 1776 rationem

214 1795 323 1884 eulpae
346 1799 439 1863 habet
461 1819 498 1862 et
536 1799 692 1864 voluntate
731 1801 821 1886 primi
856 1798 1018 1876 moventis,
1052 1800 1143 1884 quod

215 1899 260 1949 est
282 1888 372 1965 ratio,
395 1888 494 1952 utsic
516 1889 718 1953 aestimentur
741 1891 771 1953 in
787 1901 912 1976 peccato
943 1902 1071 1952 naturae
1094 1887 1144 1950 di·

215 1975 294 2039 versi
317 1975 457 2040 homines
480 1976 566 2062 quasi
590 1990 719 2043 rmturae
742 1978 917 2044 communis
934 1977 1144 2063 partes‚sicut

215 2063 246 2127 iu
270 2078 395 2149 peccato
419 2065 572 2151 personali
595 2066 735 2131 diversae
759 2068 850 2133 unius
874 2066 1009 2131 hominis
1025 2078 1142 2151 partes.

281 2151 459 2219 Secundum
482 2154 542 2218 hoc
564 2155 657 2240 igitur
681 2175 787 2221 verum
826 2168 873 2219 est
907 2154 1009 2233 dicere
1043 2154 1143 2239 quod,

215 2260 278 2305 uuo
302 2256 461 2327 peccante,
483 2262 592 2308 omnes
616 2256 827 2330 peccaverunt
848 2244 879 2307 in
903 2242 981 2329 ipso,
1004 2255 1037 2307 ut
1060 2247 1143 2327 Apo-

213 2329 309 2395 stolus
332 2330 416 2408 tlicit,
439 2331 540 2409 Rom,
563 2331 596 2410 li,
621 2332 675 2411 19,
697 2332 871 2397 secundum
893 2332 976 2417 quod
1001 2330 1141 2395 secunda

214 2420 290 2485 ratio
313 2419 518 2505 proponebat,
541 2441 603 2485 nou
617 2421 700 2507 quod
724 2435 826 2485 essent
851 2434 920 2485 actu
946 2419 1060 2505 inipso
1085 2418 1139 2483 alii

214 2507 368 2585 homines,
392 2508 447 2573 sed
471 2508 593 2587 virtute,
624 2512 702 2575 sicut
740 2510 771 2573 in
811 2508 952 2593 originali
976 2507 1141 2595 principlo;

214 2615 271 2660 neo
294 2595 439 2661 dicuntur
461 2617 604 2683 peccasse
634 2598 666 2662 in
689 2618 728 2663 eo
752 2598 838 2683 quasi
862 2596 997 2683 aliquem
1032 2612 1152 2662 actum·

213 2698 401 2764 exercentes,
423 2686 478 2750 setl
507 2688 690 2771 inquantum
726 2687 880 2772 pertinent
916 2685 955 2750 atl
995 2700 1139 2751 naturam

213 2773 307 2857 ipsius
329 2793 410 2860 quae
433 2794 489 2860 per
511 2789 670 2860 peccatum
691 2792 835 2861 corrupta
859 2787 915 2839 est.
999 2848 1002 2855 ,

278 2860 340 2927 Nec
363 2876 466 2927 tamen
489 2866 638 2949 sequitur,
654 2863 679 2927 si
702 2877 866 2948 peccatum
906 2883 923 2927 a
948 2864 1048 2948 primo
1084 2883 1139 2947 pn-

212 2963 299 3014 rente
321 2965 508 3037 propagatur
531 2957 561 3015 'tn
585 2966 735 3038 posteros,
759 2972 831 3016 curn
867 2951 1041 3036 subjectum
1065 2971 1138 3036 pec-

211 3039 269 3102 cati
291 3039 330 3103 sit
353 3042 455 3103 anima
479 3041 648 3118 sationalis,
671 3038 771 3125 quod,
790 3041 892 3105 anima
917 3038 1072 3104 rationalis
1094 3041 1135 3103 si-

212 3127 277 3192 mul
299 3127 512 3193 cumseminc
536 3145 734 3215 propagetur,
757 3130 930 3194 secundum
954 3146 1136 3213 processum

212 3215 318 3281 tertiae
354 3216 492 3284 rationis.
514 3216 579 3283 lloc
601 3220 686 3281 enim
725 3217 819 3283 modo
854 3230 1041 3303 propagatur
1075 3216 1136 3281 hou

211 3319 371 3389 peccatum
394 3317 533 3382 natutae,
554 3306 639 3391 quotl
661 3306 810 3389 originale
848 3308 970 3383 dicitur,
1003 3308 1082 3370 sicut
1105 3320 1135 3369 et

212 3395 276 3484 ipsa
299 3406 409 3459 natura
431 3395 544 3478 speciei
567 3414 659 3479 qnae,
675 3396 816 3479 quamuis
839 3413 895 3481 per
933 3394 1070 3457 animam
1087 3412 1134 3457 ra·

213 3480 358 3545 tronalem
382 3481 567 3567 perliciatur,
602 3502 664 3547 non
705 3496 809 3547 tumen
842 3497 1029 3570 propagatur
1063 3500 1134 3547 cunt
