2484 3975
395 230 432 275 aa
456 231 529 278 aare
553 232 588 276 ar
611 230 747 277 assensu
964 210 1029 281 lib

106 299 284 374 differentia,
306 302 448 385 quamvis
470 321 577 367 earum
601 299 794 367 differentiae
816 300 959 387 propriae
971 322 1027 367 no-

106 389 151 455 bis
174 388 315 455 occultae
338 389 408 453 sint.
432 388 466 453 lu
488 390 582 456 rebus
605 391 690 455 enim
714 388 911 455 sensibilibus
934 391 1028 457 etiarn

106 479 186 564 ipsae
210 477 400 542 differentiae
414 480 592 545 essentiales
607 478 698 545 nubis
714 478 837 562 ignotae
852 493 934 555 sunu
946 476 1029 545 uude

104 567 312 651 significantur
338 585 395 652 per
426 566 613 633 differentias
635 566 840 632 accidentales
875 587 954 653 quae
990 586 1029 633 ex

105 655 317 721 essentialibus
339 658 491 735 oriuntur,
513 656 592 722 sicut
615 677 709 723 eausa
747 656 938 740 significatur
972 675 1028 742 per

102 764 191 809 suum
213 744 368 822 ellectum,
390 745 469 809 sieut
492 746 578 832 bipes
601 743 909 831 poniturdillerentia
927 746 1028 810 hami·

103 833 157 896 nis.
180 833 353 897 Accidentia
377 848 480 897 autem
504 839 629 920 propria
652 833 893 899 substantiarum
918 834 1028 899 imma·

104 921 252 986 terialium
277 922 367 986 nabis
391 924 492 1006 ignota
517 937 598 1000 sunu
624 921 1026 989 undctlillereutiaeearum

103 1030 159 1075 nec
181 1032 236 1096 per
257 1030 292 1074 se
315 1030 373 1075 nee
398 1031 453 1095 per
476 1012 681 1077 accidentales
715 1009 903 1077 differentias
936 1010 1027 1077 nubis

105 1098 268 1183 significari
291 1114 428 1185 possunt.

165 1187 229 1252 lloc
253 1200 356 1252 tamea
390 1188 552 1253 sciendum
576 1189 660 1274 quod
684 1207 747 1253 nan
784 1188 896 1253 eodem
932 1188 1026 1254 modu

102 1277 233 1341 sumitur
255 1289 399 1361 genuset
423 1276 594 1342 differentia
618 1279 649 1342 ia
685 1276 745 1343 illis
779 1276 957 1343 substantiis
994 1290 1026 1343 et

101 1366 130 1430 ia
167 1364 344 1431 substantiis
386 1365 592 1431 sensibilibus:
631 1367 714 1451 quia,
752 1364 783 1431 in
817 1365 1026 1445 sensibilibus,

99 1473 196 1538 genus
234 1453 366 1520 sumitur
399 1454 439 1519 ab
474 1475 513 1520 eu
546 1455 630 1542 quod
661 1468 707 1519 est
743 1455 902 1520 materiale
927 1455 957 1519 in
981 1475 1026 1533 rc,

101 1543 270 1608 differentia
305 1562 379 1607 vero
412 1543 453 1607 ab
485 1563 528 1607 ea·
546 1544 629 1629 quad
653 1556 699 1608 est
734 1540 864 1608 formale
887 1544 918 1607 in
948 1544 1028 1629 ipsas

101 1633 184 1696 unde
220 1632 293 1697 dicit
329 1632 482 1695 Asicenua
517 1634 570 1720 (l)
604 1631 688 1718 quad
723 1631 832 1711 lurma,
868 1632 898 1696 in
932 1632 1026 1698 rebus

101 1722 279 1807 compositis
316 1738 353 1785 ex
392 1721 518 1785 materia
557 1735 587 1785 et
633 1720 743 1798 forma,
776 1734 822 1785 est
855 1721 1026 1787 differentia

102 1811 232 1896 simplex
265 1808 334 1894 ejus
366 1809 449 1894 quad
484 1810 679 1875 constituitur
717 1830 756 1875 ex
793 1808 853 1886 illa;
885 1830 947 1875 non
970 1829 1025 1876 au·

105 1912 167 1963 tent
190 1899 233 1963 ita
255 1896 339 1986 quud
354 1899 419 1983 ipsa
442 1897 540 1963 larma
563 1898 601 1963 sit
624 1898 805 1975 differentia,
828 1899 965 1984 sedquia
981 1913 1027 1965 est

100 1989 286 2074 principium
310 1985 510 2067 differentiae,
542 2002 576 2053 ut
613 1986 696 2054 idem
710 1989 784 2055 dicit
799 1989 860 2074 (liz
874 1988 956 2055 Talis
969 1986 1026 2054 dil-

100 2075 229 2142 lereatia
247 2090 298 2142 est
320 2074 492 2142 differentia
514 2076 658 2162 simplex,
680 2078 752 2165 quia
769 2080 903 2144 sumitur
926 2078 965 2143 ab
987 2097 1027 2144 ea

91 2165 185 2252 ,quad
207 2180 253 2231 est
277 2186 347 2251 pars
369 2165 546 2251 quidditatis
569 2167 626 2244 rei,
648 2167 763 2232 seilicet
785 2188 802 2232 a
826 2165 935 2232 larana.
949 2166 1026 2234 Cum

99 2269 205 2318 autem
228 2254 417 2320 substantiae
440 2254 613 2339 spirituales
651 2256 711 2320 sint
745 2254 900 2342 simplices
937 2255 1028 2342 quid·

98 2341 221 2422 ditares,
237 2363 298 2408 uun
322 2356 422 2427 potest
445 2343 476 2407 in
498 2345 544 2410 eis
556 2343 726 2410 differentia
740 2346 819 2410 sumi
836 2345 928 2410 abeo
944 2344 1028 2432 quod

98 2446 147 2496 est
169 2451 240 2517 pars
262 2431 452 2519 quidditatis,
474 2431 529 2496 aed
553 2454 570 2496 a
605 2445 668 2498 tota
702 2431 882 2519 quidditate;
904 2447 935 2498 et
957 2433 1028 2500 ideo

98 2519 174 2584 dicit
195 2520 349 2586 Aaiceana
371 2522 421 2606 (5)
448 2520 531 2606 quad
554 2519 759 2588 differentiam
775 2521 947 2608 simplicem
965 2541 1028 2588 aiau

97 2608 227 2687 habent,
248 2610 304 2674 uisi
328 2611 446 2695 species
469 2629 600 2696 quarum
624 2611 775 2675 essentiae
804 2625 877 2676 sunt
900 2629 1031 2698 compo·

97 2699 177 2764 sitae
199 2717 237 2762 ex
260 2698 389 2764 materia
404 2711 435 2763 et
458 2696 568 2764 forma.
591 2697 742 2765 Similiter
765 2701 857 2764 etiam
881 2698 913 2762 in
936 2699 1029 2766 aises

97 2799 163 2852 tata
187 2788 319 2852 essentia
342 2789 474 2852 sumitur
496 2807 605 2873 genus,
633 2787 727 2853 modo
751 2801 853 2853 tamen
867 2787 1029 2866 differente

96 2893 163 2941 una
186 2877 268 2940 euim
292 2876 460 2941 substantia
483 2890 623 2962 separata
647 2876 789 2942 convenit
811 2897 883 2941 cum
914 2876 972 2941 alia
997 2878 1029 2943 in
1118 2915 1121 2920 ·

96 2963 369 3029 immaterialitate:
393 2964 538 3030 aruerunt
560 2978 665 3030 autem
681 2965 720 3030 ab
737 2966 868 3030 invicem
885 2964 917 3030 in
930 2965 1028 3048 gradu

96 3052 307 3140 perlectianis,
331 3053 505 3118 secundum
541 3073 696 3120 recessum
721 3073 738 3118 a
763 3053 984 3142 potentialitate
999 3070 1030 3119 et

95 3161 260 3208 accessum
284 3143 322 3205 ad
346 3157 449 3207 actum
473 3161 596 3229 purum.
622 3142 659 3208 lit
695 3141 766 3209 ideo
800 3143 839 3209 ab
874 3162 912 3208 eu
945 3143 1029 3228 quod

94 3231 241 3318 sequitur
262 3231 342 3311 illas,
357 3231 539 3316 inquantum
562 3246 634 3300 sunt
656 3231 887 3312 immateriales,
898 3232 1031 3298 sumitur

156 3367 196 3439 (l)
216 3368 373 3435 Deterrima,
393 3368 450 3420 inu.
530 3377 536 3382 ’

156 3442 196 3515 tbi
214 3441 362 3509 Metuplrps.

156 3513 195 3585 pt)
216 3513 257 3568 lle
275 3516 381 3579 Arsiana,
398 3510 455 3563 init.
