<?xml version="1.0" encoding="UTF-8"?>
<!DOCTYPE html PUBLIC "-//W3C//DTD XHTML 1.0 Transitional//EN"
    "http://www.w3.org/TR/xhtml1/DTD/xhtml1-transitional.dtd">
<html xmlns="http://www.w3.org/1999/xhtml" xml:lang="en" lang="en">
 <head>
  <title>
</title>
<meta http-equiv="Content-Type" content="text/html;charset=utf-8" />
  <meta name='ocr-system' content='tesseract 3.04.00' />
  <meta name='ocr-capabilities' content='ocr_page ocr_carea ocr_par ocr_line ocrx_word'/>
</head>
<body>
  <div class='ocr_page' id='page_1' title='image "./sanctithomaeaqu01thomgoog_0208.png"; bbox 0 0 2484 3975; ppageno 0'>
   <div class='ocr_carea' id='block_1_1' title="bbox 141 221 1160 1112">
    <p class='ocr_par' dir='ltr' id='par_1_1' title="bbox 141 221 1160 1112">
     <span class='ocr_line' id='line_1_1' title="bbox 223 221 830 289; baseline -0.002 0"><span class='ocrx_word' id='word_1_1' title='bbox 223 221 290 289; x_wconf 73' lang='grc' dir='ltr'><strong>2οι</strong></span> <span class='ocrx_word' id='word_1_2' title='bbox 561 244 618 289; x_wconf 84' lang='grc' dir='ltr'>ιιι.</span> <span class='ocrx_word' id='word_1_3' title='bbox 643 245 681 288; x_wconf 86' lang='grc' dir='ltr'>ιιι.</span> <span class='ocrx_word' id='word_1_4' title='bbox 705 243 769 288; x_wconf 83' lang='grc' dir='ltr'>ιιι.</span> <span class='ocrx_word' id='word_1_5' title='bbox 794 244 830 288; x_wconf 89' lang='grc' dir='ltr'><strong>ιι.</strong></span> 
     </span>
     <span class='ocr_line' id='line_1_2' title="bbox 141 305 1160 416; baseline 0.005 -41"><span class='ocrx_word' id='word_1_6' title='bbox 141 305 147 310; x_wconf 77' lang='grc'><strong>’</strong></span> <span class='ocrx_word' id='word_1_7' title='bbox 224 327 287 377; x_wconf 86' lang='lat' dir='ltr'><strong>tem</strong></span> <span class='ocrx_word' id='word_1_8' title='bbox 310 309 374 376; x_wconf 86' lang='lat' dir='ltr'><strong>sive</strong></span> <span class='ocrx_word' id='word_1_9' title='bbox 397 311 556 416; x_wconf 78' lang='lat' dir='ltr'><strong>generatio</strong></span> <span class='ocrx_word' id='word_1_10' title='bbox 579 313 725 390; x_wconf 87' lang='lat' dir='ltr'><strong>humana,</strong></span> <span class='ocrx_word' id='word_1_11' title='bbox 747 332 818 378; x_wconf 89' lang='lat' dir='ltr'><strong>cum</strong></span> <span class='ocrx_word' id='word_1_12' title='bbox 841 311 880 376; x_wconf 91' lang='lat' dir='ltr'><strong>sit</strong></span> <span class='ocrx_word' id='word_1_13' title='bbox 916 323 1000 377; x_wconf 88' lang='lat' dir='ltr'><strong>actus</strong></span> <span class='ocrx_word' id='word_1_14' title='bbox 1037 324 1160 399; x_wconf 89' lang='lat' dir='ltr'><strong>poten·</strong></span> 
     </span>
     <span class='ocr_line' id='line_1_3' title="bbox 225 363 1159 487; baseline 0.002 -21"><span class='ocrx_word' id='word_1_15' title='bbox 225 403 284 466; x_wconf 88' lang='lat' dir='ltr'><strong>tlae</strong></span> <span class='ocrx_word' id='word_1_16' title='bbox 307 403 510 485; x_wconf 73' lang='lat' dir='ltr'><strong>generatione,</strong></span> <span class='ocrx_word' id='word_1_17' title='bbox 534 421 613 486; x_wconf 86' lang='lat' dir='ltr'><strong>quae</strong></span> <span class='ocrx_word' id='word_1_18' title='bbox 636 363 725 468; x_wconf 75' lang='lat' dir='ltr'><strong>uulld</strong></span> <span class='ocrx_word' id='word_1_19' title='bbox 739 401 833 472; x_wconf 93' lang='lat' dir='ltr'><strong>modo</strong></span> <span class='ocrx_word' id='word_1_20' title='bbox 872 403 1031 487; x_wconf 86' lang='lat' dir='ltr'><strong>participat</strong></span> <span class='ocrx_word' id='word_1_21' title='bbox 1056 404 1159 469; x_wconf 84' lang='grc' dir='ltr'>ιιιίο</span> 
     </span>
     <span class='ocr_line' id='line_1_4' title="bbox 223 489 1158 578; baseline 0.004 -24"><span class='ocrx_word' id='word_1_22' title='bbox 223 510 309 565; x_wconf 85' lang='lat' dir='ltr'><strong>nem,</strong></span> <span class='ocrx_word' id='word_1_23' title='bbox 331 509 393 554; x_wconf 92' lang='lat' dir='ltr'><strong>noo</strong></span> <span class='ocrx_word' id='word_1_24' title='bbox 407 502 506 576; x_wconf 87' lang='lat' dir='ltr'><strong>potest</strong></span> <span class='ocrx_word' id='word_1_25' title='bbox 528 489 674 556; x_wconf 86' lang='lat' dir='ltr'><strong>habere</strong></span> <span class='ocrx_word' id='word_1_26' title='bbox 667 513 697 556; x_wconf 90' lang='grc' dir='ltr'><strong>ιιι</strong></span> <span class='ocrx_word' id='word_1_27' title='bbox 721 511 754 556; x_wconf 85' lang='lat' dir='ltr'><strong>se</strong></span> <span class='ocrx_word' id='word_1_28' title='bbox 771 491 877 556; x_wconf 88' lang='lat' dir='ltr'><strong>vitium</strong></span> <span class='ocrx_word' id='word_1_29' title='bbox 901 490 1158 578; x_wconf 89' lang='lat' dir='ltr'><strong>quodpertiueat</strong></span> 
     </span>
     <span class='ocr_line' id='line_1_5' title="bbox 224 577 1156 679; baseline 0.004 -37"><span class='ocrx_word' id='word_1_30' title='bbox 224 577 264 642; x_wconf 85' lang='lat' dir='ltr'><strong>ad</strong></span> <span class='ocrx_word' id='word_1_31' title='bbox 287 598 385 679; x_wconf 78' lang='lat' dir='ltr'><strong>genus</strong></span> <span class='ocrx_word' id='word_1_32' title='bbox 406 578 526 663; x_wconf 85' lang='lat' dir='ltr'><strong>culpae,</strong></span> <span class='ocrx_word' id='word_1_33' title='bbox 549 580 621 663; x_wconf 84' lang='lat' dir='ltr'><strong>quia</strong></span> <span class='ocrx_word' id='word_1_34' title='bbox 647 580 676 644; x_wconf 91' lang='lat' dir='ltr'><strong>in</strong></span> <span class='ocrx_word' id='word_1_35' title='bbox 714 579 764 644; x_wconf 80' lang='lat' dir='ltr'><strong>tria</strong></span> <span class='ocrx_word' id='word_1_36' title='bbox 787 579 859 644; x_wconf 89' lang='lat' dir='ltr'><strong>solis</strong></span> <span class='ocrx_word' id='word_1_37' title='bbox 893 579 1010 645; x_wconf 86' lang='lat' dir='ltr'><strong>actibus</strong></span> <span class='ocrx_word' id='word_1_38' title='bbox 1046 595 1156 666; x_wconf 89' lang='lat' dir='ltr'><strong>potest</strong></span> 
     </span>
     <span class='ocr_line' id='line_1_6' title="bbox 224 666 1156 756; baseline 0.003 -25"><span class='ocrx_word' id='word_1_39' title='bbox 224 686 293 732; x_wconf 86' lang='lat' dir='ltr'><strong>esse</strong></span> <span class='ocrx_word' id='word_1_40' title='bbox 317 667 411 733; x_wconf 87' lang='lat' dir='ltr'><strong>virtus</strong></span> <span class='ocrx_word' id='word_1_41' title='bbox 440 666 488 732; x_wconf 83' lang='lat' dir='ltr'><strong>vel</strong></span> <span class='ocrx_word' id='word_1_42' title='bbox 528 667 634 733; x_wconf 87' lang='lat' dir='ltr'><strong>vitium</strong></span> <span class='ocrx_word' id='word_1_43' title='bbox 668 669 723 755; x_wconf 91' lang='lat' dir='ltr'><strong>qui</strong></span> <span class='ocrx_word' id='word_1_44' title='bbox 763 668 938 734; x_wconf 91' lang='lat' dir='ltr'><strong>subduntur</strong></span> <span class='ocrx_word' id='word_1_45' title='bbox 975 669 1156 756; x_wconf 81' lang='lat' dir='ltr'>aliqualiter</span> 
     </span>
     <span class='ocr_line' id='line_1_7' title="bbox 224 755 1154 859; baseline 0.005 -40"><span class='ocrx_word' id='word_1_46' title='bbox 224 755 348 833; x_wconf 89' lang='lat' dir='ltr'><strong>ratioui;</strong></span> <span class='ocrx_word' id='word_1_47' title='bbox 371 755 454 820; x_wconf 87' lang='lat' dir='ltr'><strong>unde</strong></span> <span class='ocrx_word' id='word_1_48' title='bbox 484 776 548 820; x_wconf 92' lang='lat' dir='ltr'><strong>non</strong></span> <span class='ocrx_word' id='word_1_49' title='bbox 586 757 755 859; x_wconf 74' lang='lat' dir='ltr'>imputatur</span> <span class='ocrx_word' id='word_1_50' title='bbox 793 756 912 822; x_wconf 88' lang='lat' dir='ltr'><strong>homini</strong></span> <span class='ocrx_word' id='word_1_51' title='bbox 950 755 989 822; x_wconf 91' lang='lat' dir='ltr'><strong>ad</strong></span> <span class='ocrx_word' id='word_1_52' title='bbox 1023 758 1154 844; x_wconf 88' lang='lat' dir='ltr'><strong>culpam</strong></span> 
     </span>
     <span class='ocr_line' id='line_1_8' title="bbox 224 843 1154 932; baseline 0.005 -26"><span class='ocrx_word' id='word_1_53' title='bbox 224 843 252 907; x_wconf 82' lang='lat' dir='ltr'><strong>si</strong></span> <span class='ocrx_word' id='word_1_54' title='bbox 273 857 398 930; x_wconf 89' lang='lat' dir='ltr'><strong>propter</strong></span> <span class='ocrx_word' id='word_1_55' title='bbox 422 845 557 910; x_wconf 87' lang='lat' dir='ltr'><strong>vitiatam</strong></span> <span class='ocrx_word' id='word_1_56' title='bbox 574 846 725 929; x_wconf 78' lang='lat' dir='ltr'>originem</span> <span class='ocrx_word' id='word_1_57' title='bbox 766 858 909 911; x_wconf 85' lang='lat' dir='ltr'><strong>nascatur</strong></span> <span class='ocrx_word' id='word_1_58' title='bbox 931 846 1073 932; x_wconf 85' lang='lat' dir='ltr'><strong>leprosus</strong></span> <span class='ocrx_word' id='word_1_59' title='bbox 1096 846 1154 912; x_wconf 83' lang='lat' dir='ltr'><strong>vel</strong></span> 
     </span>
     <span class='ocr_line' id='line_1_9' title="bbox 225 933 1155 1038; baseline 0.003 -42"><span class='ocrx_word' id='word_1_60' title='bbox 225 951 345 998; x_wconf 88' lang='lat' dir='ltr'><strong>caecus.</strong></span> <span class='ocrx_word' id='word_1_61' title='bbox 368 933 489 998; x_wconf 88' lang='lat' dir='ltr'><strong>Nullo</strong></span> <span class='ocrx_word' id='word_1_62' title='bbox 481 933 573 1016; x_wconf 72' lang='lat' dir='ltr'><strong>igitur</strong></span> <span class='ocrx_word' id='word_1_63' title='bbox 597 934 691 999; x_wconf 92' lang='lat' dir='ltr'><strong>modo</strong></span> <span class='ocrx_word' id='word_1_64' title='bbox 715 933 852 1000; x_wconf 84' lang='lat' dir='ltr'><strong>delectus</strong></span> <span class='ocrx_word' id='word_1_65' title='bbox 892 935 1053 1020; x_wconf 87' lang='lat' dir='ltr'><strong>culpabilis</strong></span> <span class='ocrx_word' id='word_1_66' title='bbox 1078 956 1155 1038; x_wconf 82' lang='lat' dir='ltr'><strong>pro·</strong></span> 
     </span>
     <span class='ocr_line' id='line_1_10' title="bbox 226 1021 1153 1112; baseline 0.01 -30"><span class='ocrx_word' id='word_1_67' title='bbox 226 1021 331 1087; x_wconf 86' lang='lat' dir='ltr'><strong>venire</strong></span> <span class='ocrx_word' id='word_1_68' title='bbox 355 1033 454 1109; x_wconf 87' lang='lat' dir='ltr'><strong>potest</strong></span> <span class='ocrx_word' id='word_1_69' title='bbox 477 1043 493 1086; x_wconf 93' lang='lat' dir='ltr'><strong>a</strong></span> <span class='ocrx_word' id='word_1_70' title='bbox 518 1023 618 1107; x_wconf 87' lang='lat' dir='ltr'><strong>primo</strong></span> <span class='ocrx_word' id='word_1_71' title='bbox 644 1037 770 1110; x_wconf 87' lang='lat' dir='ltr'><strong>parente</strong></span> <span class='ocrx_word' id='word_1_72' title='bbox 794 1024 824 1089; x_wconf 92' lang='lat' dir='ltr'><strong>in</strong></span> <span class='ocrx_word' id='word_1_73' title='bbox 861 1036 1000 1112; x_wconf 86' lang='lat' dir='ltr'><strong>posteros</strong></span> <span class='ocrx_word' id='word_1_74' title='bbox 1023 1045 1080 1111; x_wconf 89' lang='lat' dir='ltr'><strong>per</strong></span> <span class='ocrx_word' id='word_1_75' title='bbox 1103 1027 1153 1091; x_wconf 86' lang='lat' dir='ltr'><strong>vi·</strong></span> 
     </span>
    </p>
   </div>
   <div class='ocr_carea' id='block_1_2' title="bbox 111 1110 516 1194">
    <p class='ocr_par' dir='ltr' id='par_1_2' title="bbox 111 1110 516 1194">
     <span class='ocr_line' id='line_1_11' title="bbox 111 1110 516 1194; baseline 0 -19"><span class='ocrx_word' id='word_1_76' title='bbox 111 1170 120 1184; x_wconf 73' lang='grc'>,</span> <span class='ocrx_word' id='word_1_77' title='bbox 226 1111 331 1176; x_wconf 88' lang='lat' dir='ltr'><strong>tiatam</strong></span> <span class='ocrx_word' id='word_1_78' title='bbox 355 1110 516 1194; x_wconf 81' lang='lat' dir='ltr'><strong>originem</strong></span> 
     </span>
    </p>
   </div>
   <div class='ocr_carea' id='block_1_3' title="bbox 223 1199 1159 3595">
    <p class='ocr_par' dir='ltr' id='par_1_3' title="bbox 224 1199 1155 1820">
     <span class='ocr_line' id='line_1_12' title="bbox 292 1199 1151 1287; baseline 0.003 -23"><span class='ocrx_word' id='word_1_79' title='bbox 292 1199 409 1278; x_wconf 87' lang='lat' dir='ltr'><strong>lldhuc,</strong></span> <span class='ocrx_word' id='word_1_80' title='bbox 433 1199 565 1264; x_wconf 77' lang='lat' dir='ltr'><strong>Naturae</strong></span> <span class='ocrx_word' id='word_1_81' title='bbox 589 1201 706 1266; x_wconf 88' lang='lat' dir='ltr'><strong>bonum</strong></span> <span class='ocrx_word' id='word_1_82' title='bbox 732 1221 786 1286; x_wconf 83' lang='lat' dir='ltr'><strong>per</strong></span> <span class='ocrx_word' id='word_1_83' title='bbox 810 1215 972 1287; x_wconf 91' lang='lat' dir='ltr'><strong>peceatum</strong></span> <span class='ocrx_word' id='word_1_84' title='bbox 997 1222 1060 1267; x_wconf 95' lang='lat' dir='ltr'><strong>non</strong></span> <span class='ocrx_word' id='word_1_85' title='bbox 1088 1201 1151 1267; x_wconf 90' lang='lat' dir='ltr'><strong>tol·</strong></span> 
     </span>
     <span class='ocr_line' id='line_1_13' title="bbox 225 1287 1152 1364; baseline 0.002 -10"><span class='ocrx_word' id='word_1_86' title='bbox 225 1289 309 1364; x_wconf 88' lang='lat' dir='ltr'><strong>litur;</strong></span> <span class='ocrx_word' id='word_1_87' title='bbox 333 1289 415 1353; x_wconf 89' lang='lat' dir='ltr'><strong>unde</strong></span> <span class='ocrx_word' id='word_1_88' title='bbox 449 1287 540 1352; x_wconf 87' lang='lat' dir='ltr'><strong>ctiam</strong></span> <span class='ocrx_word' id='word_1_89' title='bbox 566 1290 596 1354; x_wconf 93' lang='lat' dir='ltr'><strong>io</strong></span> <span class='ocrx_word' id='word_1_90' title='bbox 620 1289 825 1356; x_wconf 81' lang='lat' dir='ltr'><strong>daemonibus</strong></span> <span class='ocrx_word' id='word_1_91' title='bbox 849 1304 974 1356; x_wconf 88' lang='lat' dir='ltr'><strong>manent</strong></span> <span class='ocrx_word' id='word_1_92' title='bbox 997 1291 1152 1356; x_wconf 91' lang='lat' dir='ltr'><strong>naturalia</strong></span> 
     </span>
     <span class='ocr_line' id='line_1_14' title="bbox 224 1378 1152 1465; baseline 0.002 -23"><span class='ocrx_word' id='word_1_93' title='bbox 224 1378 317 1452; x_wconf 92' lang='lat' dir='ltr'><strong>bona,</strong></span> <span class='ocrx_word' id='word_1_94' title='bbox 341 1392 373 1442; x_wconf 97' lang='lat' dir='ltr'><strong>ut</strong></span> <span class='ocrx_word' id='word_1_95' title='bbox 395 1378 560 1462; x_wconf 84' lang='lat' dir='ltr'><strong>Dionysius</strong></span> <span class='ocrx_word' id='word_1_96' title='bbox 583 1378 656 1444; x_wconf 91' lang='lat' dir='ltr'><strong>dicit</strong></span> <span class='ocrx_word' id='word_1_97' title='bbox 680 1379 746 1462; x_wconf 92' lang='lat' dir='ltr'><strong>(de</strong></span> <span class='ocrx_word' id='word_1_98' title='bbox 770 1379 869 1444; x_wconf 88' lang='lat' dir='ltr'><strong>Dirin.</strong></span> <span class='ocrx_word' id='word_1_99' title='bbox 894 1379 1027 1456; x_wconf 78' lang='lat' dir='ltr'><strong>Nomio..</strong></span> <span class='ocrx_word' id='word_1_100' title='bbox 1049 1400 1078 1445; x_wconf 86' lang='lat' dir='ltr'><strong>c.</strong></span> <span class='ocrx_word' id='word_1_101' title='bbox 1099 1380 1152 1465; x_wconf 70' lang='lat' dir='ltr'><strong>b).</strong></span> 
     </span>
     <span class='ocr_line' id='line_1_15' title="bbox 225 1465 1155 1555; baseline 0.003 -25"><span class='ocrx_word' id='word_1_102' title='bbox 225 1465 390 1532; x_wconf 88' lang='lat' dir='ltr'><strong>Generatio</strong></span> <span class='ocrx_word' id='word_1_103' title='bbox 414 1480 518 1532; x_wconf 89' lang='lat' dir='ltr'><strong>autem</strong></span> <span class='ocrx_word' id='word_1_104' title='bbox 542 1481 587 1531; x_wconf 88' lang='lat' dir='ltr'><strong>est</strong></span> <span class='ocrx_word' id='word_1_105' title='bbox 611 1481 695 1532; x_wconf 80' lang='lat' dir='ltr'><strong>actus</strong></span> <span class='ocrx_word' id='word_1_106' title='bbox 720 1480 856 1532; x_wconf 80' lang='lat' dir='ltr'><strong>naturae.</strong></span> <span class='ocrx_word' id='word_1_107' title='bbox 891 1467 959 1533; x_wconf 88' lang='lat' dir='ltr'><strong>Nou</strong></span> <span class='ocrx_word' id='word_1_108' title='bbox 982 1467 1074 1552; x_wconf 76' lang='lat' dir='ltr'><strong>igitur</strong></span> <span class='ocrx_word' id='word_1_109' title='bbox 1094 1488 1155 1555; x_wconf 90' lang='lat' dir='ltr'><strong>per</strong></span> 
     </span>
     <span class='ocr_line' id='line_1_16' title="bbox 226 1555 1154 1642; baseline 0.004 -24"><span class='ocrx_word' id='word_1_110' title='bbox 226 1568 386 1641; x_wconf 89' lang='lat' dir='ltr'><strong>peccatum</strong></span> <span class='ocrx_word' id='word_1_111' title='bbox 411 1555 502 1642; x_wconf 89' lang='lat' dir='ltr'><strong>primi</strong></span> <span class='ocrx_word' id='word_1_112' title='bbox 527 1555 661 1620; x_wconf 90' lang='lat' dir='ltr'><strong>hominis</strong></span> <span class='ocrx_word' id='word_1_113' title='bbox 684 1555 780 1621; x_wconf 83' lang='lat' dir='ltr'><strong>vitiari</strong></span> <span class='ocrx_word' id='word_1_114' title='bbox 796 1558 892 1642; x_wconf 91' lang='lat' dir='ltr'><strong>potuit</strong></span> <span class='ocrx_word' id='word_1_115' title='bbox 916 1556 1072 1622; x_wconf 85' lang='lat' dir='ltr'><strong>humanae</strong></span> <span class='ocrx_word' id='word_1_116' title='bbox 1095 1577 1154 1642; x_wconf 77' lang='lat' dir='ltr'><strong>ge·</strong></span> 
     </span>
     <span class='ocr_line' id='line_1_17' title="bbox 225 1643 1151 1732; baseline 0.005 -25"><span class='ocrx_word' id='word_1_117' title='bbox 225 1643 392 1709; x_wconf 88' lang='lat' dir='ltr'><strong>nerationis</strong></span> <span class='ocrx_word' id='word_1_118' title='bbox 415 1644 513 1729; x_wconf 77' lang='lat' dir='ltr'><strong>origo,</strong></span> <span class='ocrx_word' id='word_1_119' title='bbox 535 1657 569 1708; x_wconf 93' lang='lat' dir='ltr'><strong>ut</strong></span> <span class='ocrx_word' id='word_1_120' title='bbox 591 1645 635 1710; x_wconf 84' lang='lat' dir='ltr'><strong>sic</strong></span> <span class='ocrx_word' id='word_1_121' title='bbox 658 1658 817 1731; x_wconf 84' lang='lat' dir='ltr'><strong>peccatum</strong></span> <span class='ocrx_word' id='word_1_122' title='bbox 842 1646 932 1732; x_wconf 88' lang='lat' dir='ltr'><strong>primi</strong></span> <span class='ocrx_word' id='word_1_123' title='bbox 957 1645 1092 1710; x_wconf 87' lang='lat' dir='ltr'><strong>hominis</strong></span> <span class='ocrx_word' id='word_1_124' title='bbox 1107 1646 1151 1712; x_wconf 89' lang='lat' dir='ltr'><strong>ad</strong></span> 
     </span>
     <span class='ocr_line' id='line_1_18' title="bbox 225 1733 588 1820; baseline 0.003 -24"><span class='ocrx_word' id='word_1_125' title='bbox 225 1744 366 1820; x_wconf 90' lang='lat' dir='ltr'><strong>posteros</strong></span> <span class='ocrx_word' id='word_1_126' title='bbox 388 1733 588 1798; x_wconf 66' lang='lat' dir='ltr'><strong>derivaretur.</strong></span> 
     </span>
    </p>

    <p class='ocr_par' dir='ltr' id='par_1_4' title="bbox 224 1821 1157 2529">
     <span class='ocr_line' id='line_1_19' title="bbox 292 1821 1154 1908; baseline 0.003 -22"><span class='ocrx_word' id='word_1_127' title='bbox 292 1821 440 1908; x_wconf 82' lang='lat' dir='ltr'><strong>Amplius,</strong></span> <span class='ocrx_word' id='word_1_128' title='bbox 463 1821 562 1887; x_wconf 85' lang='lat' dir='ltr'>Homo</span> <span class='ocrx_word' id='word_1_129' title='bbox 586 1835 714 1906; x_wconf 76' lang='lat' dir='ltr'><strong>generat</strong></span> <span class='ocrx_word' id='word_1_130' title='bbox 737 1821 795 1888; x_wconf 90' lang='lat' dir='ltr'><strong>sibi</strong></span> <span class='ocrx_word' id='word_1_131' title='bbox 819 1823 953 1888; x_wconf 85' lang='lat' dir='ltr'><strong>similem</strong></span> <span class='ocrx_word' id='word_1_132' title='bbox 976 1822 1154 1889; x_wconf 90' lang='lat' dir='ltr'><strong>secundum</strong></span> 
     </span>
     <span class='ocr_line' id='line_1_20' title="bbox 225 1910 1156 1997; baseline 0.002 -23"><span class='ocrx_word' id='word_1_133' title='bbox 225 1910 370 1995; x_wconf 87' lang='lat' dir='ltr'><strong>speciem.</strong></span> <span class='ocrx_word' id='word_1_134' title='bbox 395 1911 427 1975; x_wconf 94' lang='lat' dir='ltr'><strong>ln</strong></span> <span class='ocrx_word' id='word_1_135' title='bbox 452 1910 498 1975; x_wconf 89' lang='lat' dir='ltr'><strong>his</strong></span> <span class='ocrx_word' id='word_1_136' title='bbox 522 1931 597 1995; x_wconf 76' lang='lat' dir='ltr'><strong>ergo</strong></span> <span class='ocrx_word' id='word_1_137' title='bbox 614 1931 694 1995; x_wconf 89' lang='lat' dir='ltr'><strong>quae</strong></span> <span class='ocrx_word' id='word_1_138' title='bbox 719 1927 780 1976; x_wconf 90' lang='lat' dir='ltr'><strong>non</strong></span> <span class='ocrx_word' id='word_1_139' title='bbox 811 1912 965 1997; x_wconf 77' lang='lat' dir='ltr'><strong>pertinent</strong></span> <span class='ocrx_word' id='word_1_140' title='bbox 988 1912 1027 1976; x_wconf 90' lang='lat' dir='ltr'><strong>ad</strong></span> <span class='ocrx_word' id='word_1_141' title='bbox 1054 1931 1156 1997; x_wconf 77' lang='lat' dir='ltr'><strong>geue-</strong></span> 
     </span>
     <span class='ocr_line' id='line_1_21' title="bbox 224 2000 1158 2088; baseline 0.002 -25"><span class='ocrx_word' id='word_1_142' title='bbox 224 2000 376 2065; x_wconf 90' lang='lat' dir='ltr'><strong>rationem</strong></span> <span class='ocrx_word' id='word_1_143' title='bbox 399 2000 511 2084; x_wconf 89' lang='lat' dir='ltr'><strong>speciei</strong></span> <span class='ocrx_word' id='word_1_144' title='bbox 536 2021 598 2064; x_wconf 92' lang='lat' dir='ltr'><strong>non</strong></span> <span class='ocrx_word' id='word_1_145' title='bbox 621 2012 743 2085; x_wconf 80' lang='lat' dir='ltr'><strong>oportet</strong></span> <span class='ocrx_word' id='word_1_146' title='bbox 767 2000 864 2065; x_wconf 85' lang='lat' dir='ltr'><strong>filium</strong></span> <span class='ocrx_word' id='word_1_147' title='bbox 899 2001 1061 2066; x_wconf 83' lang='lat' dir='ltr'><strong>assimilari</strong></span> <span class='ocrx_word' id='word_1_148' title='bbox 1099 2022 1158 2088; x_wconf 90' lang='lat' dir='ltr'><strong>pa-</strong></span> 
     </span>
     <span class='ocr_line' id='line_1_22' title="bbox 225 2088 1156 2177; baseline 0.003 -25"><span class='ocrx_word' id='word_1_149' title='bbox 225 2088 372 2153; x_wconf 88' lang='lat' dir='ltr'><strong>rentibus.</strong></span> <span class='ocrx_word' id='word_1_150' title='bbox 396 2088 558 2153; x_wconf 82' lang='lat' dir='ltr'><strong>Peccatum</strong></span> <span class='ocrx_word' id='word_1_151' title='bbox 582 2104 686 2153; x_wconf 79' lang='lat' dir='ltr'><strong>atatem</strong></span> <span class='ocrx_word' id='word_1_152' title='bbox 712 2109 773 2153; x_wconf 91' lang='lat' dir='ltr'><strong>uon</strong></span> <span class='ocrx_word' id='word_1_153' title='bbox 798 2102 897 2175; x_wconf 83' lang='lat' dir='ltr'><strong>potest</strong></span> <span class='ocrx_word' id='word_1_154' title='bbox 933 2091 1088 2177; x_wconf 85' lang='lat' dir='ltr'><strong>pertinere</strong></span> <span class='ocrx_word' id='word_1_155' title='bbox 1112 2092 1156 2155; x_wconf 93' lang='lat' dir='ltr'><strong>ad</strong></span> 
     </span>
     <span class='ocr_line' id='line_1_23' title="bbox 227 2176 1156 2263; baseline 0.004 -23"><span class='ocrx_word' id='word_1_156' title='bbox 227 2178 378 2241; x_wconf 86' lang='lat' dir='ltr'><strong>rationem</strong></span> <span class='ocrx_word' id='word_1_157' title='bbox 401 2176 523 2263; x_wconf 86' lang='lat' dir='ltr'><strong>speciei.</strong></span> <span class='ocrx_word' id='word_1_158' title='bbox 557 2178 628 2262; x_wconf 89' lang='lat' dir='ltr'><strong>quia</strong></span> <span class='ocrx_word' id='word_1_159' title='bbox 668 2190 826 2263; x_wconf 87' lang='lat' dir='ltr'><strong>peccatum</strong></span> <span class='ocrx_word' id='word_1_160' title='bbox 863 2199 923 2243; x_wconf 96' lang='lat' dir='ltr'><strong>non</strong></span> <span class='ocrx_word' id='word_1_161' title='bbox 959 2193 1004 2243; x_wconf 90' lang='lat' dir='ltr'><strong>est</strong></span> <span class='ocrx_word' id='word_1_162' title='bbox 1041 2199 1156 2244; x_wconf 87' lang='lat' dir='ltr'><strong>corum</strong></span> 
     </span>
     <span class='ocr_line' id='line_1_24' title="bbox 225 2264 1157 2370; baseline 0.003 -41"><span class='ocrx_word' id='word_1_163' title='bbox 225 2279 399 2349; x_wconf 80' lang='lat' dir='ltr'><strong>quaesunt</strong></span> <span class='ocrx_word' id='word_1_164' title='bbox 422 2264 594 2329; x_wconf 89' lang='lat' dir='ltr'><strong>secundum</strong></span> <span class='ocrx_word' id='word_1_165' title='bbox 618 2280 773 2343; x_wconf 88' lang='lat' dir='ltr'><strong>naturam,</strong></span> <span class='ocrx_word' id='word_1_166' title='bbox 795 2266 850 2331; x_wconf 89' lang='lat' dir='ltr'><strong>sed</strong></span> <span class='ocrx_word' id='word_1_167' title='bbox 874 2266 972 2351; x_wconf 78' lang='lat' dir='ltr'><strong>magis</strong></span> <span class='ocrx_word' id='word_1_168' title='bbox 995 2268 1157 2370; x_wconf 85' lang='lat' dir='ltr'><strong>corruptio</strong></span> 
     </span>
     <span class='ocr_line' id='line_1_25' title="bbox 227 2353 1155 2443; baseline 0.005 -26"><span class='ocrx_word' id='word_1_169' title='bbox 227 2353 373 2419; x_wconf 85' lang='lat' dir='ltr'><strong>naturalis</strong></span> <span class='ocrx_word' id='word_1_170' title='bbox 396 2354 523 2419; x_wconf 85' lang='lat' dir='ltr'><strong>ordinis</strong></span> <span class='ocrx_word' id='word_1_171' title='bbox 546 2354 644 2417; x_wconf 90' lang='lat' dir='ltr'><strong>Non</strong></span> <span class='ocrx_word' id='word_1_172' title='bbox 638 2355 730 2439; x_wconf 84' lang='lat' dir='ltr'><strong>rgitnr</strong></span> <span class='ocrx_word' id='word_1_173' title='bbox 760 2369 881 2440; x_wconf 89' lang='lat' dir='ltr'><strong>oportet</strong></span> <span class='ocrx_word' id='word_1_174' title='bbox 895 2355 978 2439; x_wconf 90' lang='lat' dir='ltr'><strong>quod</strong></span> <span class='ocrx_word' id='word_1_175' title='bbox 996 2377 1033 2421; x_wconf 81' lang='lat' dir='ltr'><strong>er</strong></span> <span class='ocrx_word' id='word_1_176' title='bbox 1049 2357 1155 2443; x_wconf 88' lang='lat' dir='ltr'><strong>primo</strong></span> 
     </span>
     <span class='ocr_line' id='line_1_26' title="bbox 225 2442 994 2529; baseline 0.003 -22"><span class='ocrx_word' id='word_1_177' title='bbox 225 2442 352 2507; x_wconf 87' lang='lat' dir='ltr'><strong>lromine</strong></span> <span class='ocrx_word' id='word_1_178' title='bbox 375 2455 520 2529; x_wconf 88' lang='lat' dir='ltr'><strong>peccante</strong></span> <span class='ocrx_word' id='word_1_179' title='bbox 544 2442 592 2506; x_wconf 90' lang='lat' dir='ltr'><strong>alii</strong></span> <span class='ocrx_word' id='word_1_180' title='bbox 615 2458 792 2529; x_wconf 81' lang='lat' dir='ltr'><strong>peccatores</strong></span> <span class='ocrx_word' id='word_1_181' title='bbox 817 2457 994 2509; x_wconf 87' lang='lat' dir='ltr'><strong>nascantur.</strong></span> 
     </span>
    </p>

    <p class='ocr_par' dir='ltr' id='par_1_5' title="bbox 224 2530 1157 3039">
     <span class='ocr_line' id='line_1_27' title="bbox 293 2530 1156 2619; baseline 0.005 -24"><span class='ocrx_word' id='word_1_182' title='bbox 293 2531 477 2605; x_wconf 83' lang='lat' dir='ltr'><strong>Praeterea,</strong></span> <span class='ocrx_word' id='word_1_183' title='bbox 515 2530 582 2596; x_wconf 82' lang='lat' dir='ltr'><strong>Filii</strong></span> <span class='ocrx_word' id='word_1_184' title='bbox 624 2532 721 2614; x_wconf 78' lang='lat' dir='ltr'><strong>magis</strong></span> <span class='ocrx_word' id='word_1_185' title='bbox 760 2533 967 2597; x_wconf 84' lang='lat' dir='ltr'><strong>assimilantur</strong></span> <span class='ocrx_word' id='word_1_186' title='bbox 1004 2533 1156 2619; x_wconf 84' lang='lat' dir='ltr'><strong>proximis</strong></span> 
     </span>
     <span class='ocr_line' id='line_1_28' title="bbox 227 2619 1157 2722; baseline 0.005 -40"><span class='ocrx_word' id='word_1_187' title='bbox 227 2620 404 2722; x_wconf 83' lang='lat' dir='ltr'><strong>parentibus</strong></span> <span class='ocrx_word' id='word_1_188' title='bbox 436 2640 529 2707; x_wconf 87' lang='lat' dir='ltr'><strong>quam</strong></span> <span class='ocrx_word' id='word_1_189' title='bbox 580 2622 714 2685; x_wconf 88' lang='lat' dir='ltr'><strong>remotis.</strong></span> <span class='ocrx_word' id='word_1_190' title='bbox 750 2619 905 2707; x_wconf 83' lang='lat' dir='ltr'><strong>Contingit</strong></span> <span class='ocrx_word' id='word_1_191' title='bbox 931 2635 1034 2687; x_wconf 87' lang='lat' dir='ltr'><strong>autem</strong></span> <span class='ocrx_word' id='word_1_192' title='bbox 1068 2621 1157 2709; x_wconf 91' lang='lat' dir='ltr'><strong>quod</strong></span> 
     </span>
     <span class='ocr_line' id='line_1_29' title="bbox 227 2708 1157 2813; baseline 0.007 -42"><span class='ocrx_word' id='word_1_193' title='bbox 227 2708 357 2793; x_wconf 82' lang='lat' dir='ltr'><strong>proximi</strong></span> <span class='ocrx_word' id='word_1_194' title='bbox 382 2723 524 2796; x_wconf 90' lang='lat' dir='ltr'><strong>parentes</strong></span> <span class='ocrx_word' id='word_1_195' title='bbox 546 2722 617 2773; x_wconf 92' lang='lat' dir='ltr'><strong>sunt</strong></span> <span class='ocrx_word' id='word_1_196' title='bbox 639 2710 704 2772; x_wconf 86' lang='lat' dir='ltr'><strong>sine</strong></span> <span class='ocrx_word' id='word_1_197' title='bbox 729 2724 853 2812; x_wconf 85' lang='lat' dir='ltr'><strong>peccato</strong></span> <span class='ocrx_word' id='word_1_198' title='bbox 888 2722 917 2773; x_wconf 84' lang='lat' dir='ltr'><strong>ct</strong></span> <span class='ocrx_word' id='word_1_199' title='bbox 940 2710 976 2774; x_wconf 85' lang='lat' dir='ltr'><strong>id</strong></span> <span class='ocrx_word' id='word_1_200' title='bbox 1005 2722 1075 2777; x_wconf 90' lang='lat' dir='ltr'><strong>actu</strong></span> <span class='ocrx_word' id='word_1_201' title='bbox 1094 2731 1157 2813; x_wconf 37' lang='lat' dir='ltr'><strong>&#39;gc-</strong></span> 
     </span>
     <span class='ocr_line' id='line_1_30' title="bbox 224 2797 1157 2901; baseline 0.006 -42"><span class='ocrx_word' id='word_1_202' title='bbox 224 2817 299 2861; x_wconf 86' lang='lat' dir='ltr'><strong>nera</strong></span> <span class='ocrx_word' id='word_1_203' title='bbox 302 2797 392 2862; x_wconf 90' lang='lat' dir='ltr'><strong>tionis</strong></span> <span class='ocrx_word' id='word_1_204' title='bbox 415 2797 534 2863; x_wconf 92' lang='lat' dir='ltr'><strong>nullum</strong></span> <span class='ocrx_word' id='word_1_205' title='bbox 560 2799 945 2901; x_wconf 77' lang='lat' dir='ltr'><strong>peccatumnommittitur.</strong></span> <span class='ocrx_word' id='word_1_206' title='bbox 968 2798 1067 2865; x_wconf 88' lang='lat' dir='ltr'><strong>Non</strong></span> <span class='ocrx_word' id='word_1_207' title='bbox 1060 2801 1157 2885; x_wconf 74' lang='lat' dir='ltr'><strong>igitur</strong></span> 
     </span>
     <span class='ocr_line' id='line_1_31' title="bbox 225 2886 1157 2975; baseline 0.006 -28"><span class='ocrx_word' id='word_1_208' title='bbox 225 2899 351 2970; x_wconf 89' lang='lat' dir='ltr'><strong>propter</strong></span> <span class='ocrx_word' id='word_1_209' title='bbox 374 2899 533 2972; x_wconf 79' lang='lat' dir='ltr'><strong>peccatum</strong></span> <span class='ocrx_word' id='word_1_210' title='bbox 556 2886 648 2973; x_wconf 89' lang='lat' dir='ltr'><strong>primi</strong></span> <span class='ocrx_word' id='word_1_211' title='bbox 672 2887 806 2971; x_wconf 89' lang='lat' dir='ltr'><strong>parentis</strong></span> <span class='ocrx_word' id='word_1_212' title='bbox 833 2902 1010 2975; x_wconf 86' lang='lat' dir='ltr'><strong>peccatores</strong></span> <span class='ocrx_word' id='word_1_213' title='bbox 1044 2908 1157 2954; x_wconf 86' lang='lat' dir='ltr'><strong>ornnes</strong></span> 
     </span>
     <span class='ocr_line' id='line_1_32' title="bbox 226 2987 406 3039; baseline 0.006 -2"><span class='ocrx_word' id='word_1_214' title='bbox 226 2987 406 3039; x_wconf 87' lang='lat' dir='ltr'><strong>naseuntur.</strong></span> 
     </span>
    </p>

    <p class='ocr_par' dir='ltr' id='par_1_6' title="bbox 223 3061 1159 3501">
     <span class='ocr_line' id='line_1_33' title="bbox 291 3061 1157 3165; baseline 0.009 -40"><span class='ocrx_word' id='word_1_215' title='bbox 291 3061 422 3139; x_wconf 83' lang='lat' dir='ltr'><strong>Deinde,</strong></span> <span class='ocrx_word' id='word_1_216' title='bbox 445 3062 478 3126; x_wconf 92' lang='lat' dir='ltr'><strong>Si</strong></span> <span class='ocrx_word' id='word_1_217' title='bbox 501 3075 661 3165; x_wconf 77' lang='lat' dir='ltr'><strong>peccatum</strong></span> <span class='ocrx_word' id='word_1_218' title='bbox 687 3082 703 3126; x_wconf 93' lang='lat' dir='ltr'><strong>a</strong></span> <span class='ocrx_word' id='word_1_219' title='bbox 729 3062 831 3147; x_wconf 89' lang='lat' dir='ltr'><strong>primo</strong></span> <span class='ocrx_word' id='word_1_220' title='bbox 867 3062 994 3129; x_wconf 89' lang='lat' dir='ltr'><strong>homine</strong></span> <span class='ocrx_word' id='word_1_221' title='bbox 1018 3065 1048 3130; x_wconf 91' lang='lat' dir='ltr'><strong>in</strong></span> <span class='ocrx_word' id='word_1_222' title='bbox 1086 3064 1157 3133; x_wconf 82' lang='lat' dir='ltr'><strong>aliis</strong></span> 
     </span>
     <span class='ocr_line' id='line_1_34' title="bbox 224 3148 1159 3237; baseline 0.006 -23"><span class='ocrx_word' id='word_1_223' title='bbox 224 3148 397 3215; x_wconf 84' lang='lat' dir='ltr'><strong>derivatum</strong></span> <span class='ocrx_word' id='word_1_224' title='bbox 420 3165 476 3226; x_wconf 85' lang='lat' dir='ltr'><strong>est,</strong></span> <span class='ocrx_word' id='word_1_225' title='bbox 491 3150 615 3236; x_wconf 87' lang='lat' dir='ltr'><strong>majoris</strong></span> <span class='ocrx_word' id='word_1_226' title='bbox 638 3163 742 3215; x_wconf 87' lang='lat' dir='ltr'><strong>autem</strong></span> <span class='ocrx_word' id='word_1_227' title='bbox 766 3152 887 3217; x_wconf 88' lang='lat' dir='ltr'><strong>virtutis</strong></span> <span class='ocrx_word' id='word_1_228' title='bbox 912 3153 1085 3237; x_wconf 78' lang='lat' dir='ltr'><strong>iungendo</strong></span> <span class='ocrx_word' id='word_1_229' title='bbox 1110 3168 1159 3220; x_wconf 86' lang='lat' dir='ltr'><strong>est</strong></span> 
     </span>
     <span class='ocr_line' id='line_1_35' title="bbox 225 3237 1156 3329; baseline 0.005 -27"><span class='ocrx_word' id='word_1_230' title='bbox 225 3237 343 3304; x_wconf 93' lang='lat' dir='ltr'><strong>bonum</strong></span> <span class='ocrx_word' id='word_1_231' title='bbox 388 3259 482 3324; x_wconf 86' lang='lat' dir='ltr'><strong>quam</strong></span> <span class='ocrx_word' id='word_1_232' title='bbox 521 3238 650 3315; x_wconf 85' lang='lat' dir='ltr'><strong>malum,</strong></span> <span class='ocrx_word' id='word_1_233' title='bbox 684 3251 717 3303; x_wconf 93' lang='lat' dir='ltr'><strong>ut</strong></span> <span class='ocrx_word' id='word_1_234' title='bbox 751 3261 842 3325; x_wconf 90' lang='lat' dir='ltr'><strong>supra</strong></span> <span class='ocrx_word' id='word_1_235' title='bbox 879 3242 925 3328; x_wconf 88' lang='lat' dir='ltr'><strong>(l.</strong></span> <span class='ocrx_word' id='word_1_236' title='bbox 965 3243 996 3320; x_wconf 81' lang='lat' dir='ltr'><strong>t,</strong></span> <span class='ocrx_word' id='word_1_237' title='bbox 1018 3261 1044 3307; x_wconf 90' lang='lat' dir='ltr'><strong>c</strong></span> <span class='ocrx_word' id='word_1_238' title='bbox 1084 3242 1156 3329; x_wconf 71' lang='lat' dir='ltr'><strong>l2)</strong></span> 
     </span>
     <span class='ocr_line' id='line_1_36' title="bbox 225 3316 1158 3415; baseline 0.01 -25"><span class='ocrx_word' id='word_1_239' title='bbox 225 3339 384 3392; x_wconf 87' lang='lat' dir='ltr'><strong>ostensum</strong></span> <span class='ocrx_word' id='word_1_240' title='bbox 409 3342 465 3405; x_wconf 86' lang='lat' dir='ltr'><strong>est,</strong></span> <span class='ocrx_word' id='word_1_241' title='bbox 490 3316 707 3411; x_wconf 77' lang='lat' dir='ltr'><strong>multomagis</strong></span> <span class='ocrx_word' id='word_1_242' title='bbox 731 3328 894 3394; x_wconf 85' lang='lat' dir='ltr'><strong>satisl&#39;actio</strong></span> <span class='ocrx_word' id='word_1_243' title='bbox 931 3328 1014 3395; x_wconf 83' lang='lat' dir='ltr'><strong>Adae</strong></span> <span class='ocrx_word' id='word_1_244' title='bbox 1038 3343 1069 3395; x_wconf 89' lang='lat' dir='ltr'><strong>ct</strong></span> <span class='ocrx_word' id='word_1_245' title='bbox 1101 3330 1158 3415; x_wconf 88' lang='lat' dir='ltr'><strong>ju·</strong></span> 
     </span>
     <span class='ocr_line' id='line_1_37' title="bbox 223 3414 905 3501; baseline 0.006 -22"><span class='ocrx_word' id='word_1_246' title='bbox 223 3415 305 3480; x_wconf 78' lang='lat' dir='ltr'><strong>stitia</strong></span> <span class='ocrx_word' id='word_1_247' title='bbox 329 3414 396 3497; x_wconf 78' lang='lat' dir='ltr'><strong>ejus</strong></span> <span class='ocrx_word' id='word_1_248' title='bbox 421 3436 475 3501; x_wconf 89' lang='lat' dir='ltr'><strong>per</strong></span> <span class='ocrx_word' id='word_1_249' title='bbox 498 3436 570 3479; x_wconf 90' lang='lat' dir='ltr'><strong>eum</strong></span> <span class='ocrx_word' id='word_1_250' title='bbox 593 3416 631 3480; x_wconf 88' lang='lat' dir='ltr'><strong>ad</strong></span> <span class='ocrx_word' id='word_1_251' title='bbox 656 3416 733 3481; x_wconf 85' lang='lat' dir='ltr'><strong>alios</strong></span> <span class='ocrx_word' id='word_1_252' title='bbox 758 3418 905 3483; x_wconf 87' lang='lat' dir='ltr'><strong>transivit.</strong></span> 
     </span>
    </p>

    <p class='ocr_par' dir='ltr' id='par_1_7' title="bbox 291 3502 1156 3595">
     <span class='ocr_line' id='line_1_38' title="bbox 291 3502 1156 3595; baseline 0.009 -28"><span class='ocrx_word' id='word_1_253' title='bbox 291 3502 416 3582; x_wconf 79' lang='lat' dir='ltr'><strong>Adhuc,</strong></span> <span class='ocrx_word' id='word_1_254' title='bbox 436 3502 468 3568; x_wconf 88' lang='lat' dir='ltr'><strong>Si</strong></span> <span class='ocrx_word' id='word_1_255' title='bbox 493 3515 653 3590; x_wconf 89' lang='lat' dir='ltr'><strong>peccatum</strong></span> <span class='ocrx_word' id='word_1_256' title='bbox 676 3504 768 3592; x_wconf 89' lang='lat' dir='ltr'><strong>primi</strong></span> <span class='ocrx_word' id='word_1_257' title='bbox 785 3506 917 3573; x_wconf 87' lang='lat' dir='ltr'><strong>hominis</strong></span> <span class='ocrx_word' id='word_1_258' title='bbox 929 3526 986 3595; x_wconf 86' lang='lat' dir='ltr'><strong>per</strong></span> <span class='ocrx_word' id='word_1_259' title='bbox 1000 3506 1156 3595; x_wconf 79' lang='lat' dir='ltr'><strong>originem</strong></span> 
     </span>
    </p>
   </div>
   <div class='ocr_carea' id='block_1_4' title="bbox 0 0 1248 3975">
    <p class='ocr_par' dir='ltr' id='par_1_8' title="bbox 0 0 1248 3975">
     <span class='ocr_line' id='line_1_39' title="bbox 0 0 1248 3975; baseline 0 0"><span class='ocrx_word' id='word_1_260' title='bbox 0 0 1248 3975; x_wconf 95' lang='lat' dir='ltr'><strong> </strong></span> 
     </span>
    </p>
   </div>
  </div>
 </body>
</html>
