2484 3975
211 216 280 288 ‘lii
466 245 522 291 un.
546 245 583 290 ur.
608 243 672 291 cnr.
696 246 742 292 ns.
767 245 803 292 ar
825 239 882 291 tu.

214 310 329 378 babere
352 331 406 378 eos
428 314 480 402 qui
519 315 598 378 inter
634 315 808 381 mundanos
832 325 1069 386 conversantur,
1098 312 1144 376 nd

212 397 307 468 iidem
343 400 454 469 curisti
487 402 611 492 publice
632 403 851 481 confitendam,
873 403 959 490 quusi
985 402 1016 466 in
1050 421 1144 467 cam·

213 495 289 577 pum
313 491 489 557 certaminis
512 491 551 556 de
573 491 698 561 secretis
728 491 881 559 Ecclesiae
916 489 1029 555 linibus
1065 509 1144 577 pro·

212 579 308 646 ducti.
330 578 555 646 convenienter
577 583 670 646 etiam
695 582 754 647 boe
776 591 1004 648 sacramentum
1028 578 1145 644 asolis

213 667 414 735 Pontificibus
437 667 603 748 confertur,
627 669 679 757 qui
701 684 774 737 sunt
797 667 1029 757 quodammodo
1043 667 1146 732 duces

214 758 365 847 exereitus
387 757 555 834 christiana
577 775 651 824 nam
674 773 704 824 et
738 759 820 848 apud
843 757 1032 824 saecularem
1056 755 1143 820 mili-

215 849 288 916 tiam
312 847 352 912 ad
375 843 487 913 ducem
510 848 662 914 exereitus
684 851 816 936 pertinet
839 847 878 912 ad
918 845 1057 910 militiam
1082 845 1143 910 eli·

214 937 317 1023 gendo
340 936 492 1023 quosdam
515 935 703 1014 adscriscrm
742 951 774 1004 ut
797 935 842 1003 sic
876 933 929 1024 qui
954 935 1020 1000 boc
1035 951 1145 999 saera-

216 1039 355 1092 mentum
378 1025 549 1112 suscipiunt
581 1025 635 1090 ad
654 1023 844 1114 spiritualem
881 1023 1022 1089 militiam
1060 1037 1144 1108 quo-

215 1113 385 1180 dammodo
408 1114 570 1180 uideantur
591 1113 747 1202 adscripti;
766 1116 849 1180 unde
876 1129 907 1189 et
945 1111 989 1177 eis
1023 1130 1143 1178 manus

215 1203 386 1359 impppitur
418 1202 457 1268 ad
491 1203 716 1290 designandam
757 1203 980 1274 derivationem
1018 1201 1145 1268 uirtutis

217 1314 234 1357 a
306 1292 389 1359 risto.

537 1468 710 1538 CAPUT
746 1469 821 1538 LXl.

538 1647 583 1711 De
609 1647 816 1716 Eucharistiu.

281 1824 366 1892 Sicut
388 1837 492 1890 autem
514 1825 682 1912 corporalis
713 1826 773 1892 vita
806 1824 956 1892 materiali
991 1824 1144 1890 alimento

216 1911 343 2009 indiget,
367 1935 429 1980 non
452 1912 552 1978 solum
576 1914 614 1978 ad
638 1915 814 2001 quantitatis
840 1927 1054 2001 augmentum,
1080 1913 1139 1978 scd

217 2004 311 2069 ctiam
335 2004 374 2069 ad
396 2011 538 2069 naturam
551 2007 688 2092 corporis
701 1998 945 2083 sustentandam,
963 2024 1001 2069 ne
1013 2018 1144 2090 propter

216 2092 601 2159 resolutioncs'eontinuas
625 2092 807 2160 dissolvatur
832 2108 863 2159 et
886 2094 952 2179 ejus
974 2094 1070 2157 uirtus
1087 2092 1144 2156 de·

215 2196 331 2269 pereat,
354 2182 395 2247 ita
419 2182 627 2249 necessarium
652 2182 707 2249 luit
740 2183 771 2248 in
795 2181 943 2270 spirituali
967 2181 1026 2247 uita
1050 2180 1145 2267 spiri-

215 2270 501 2337 tuale'alimentum
536 2273 663 2351 babere,
685 2292 748 2358 quo
771 2272 943 2356 regenerati
967 2284 998 2336 et
1021 2270 1052 2334 in
1078 2270 1142 2333 vir·

213 2360 329 2425 tutibus
353 2375 575 2426 conserventur
596 2374 628 2425 et
649 2376 797 2427 crescant.
823 2360 868 2439 Et,
882 2360 953 2446 quia
966 2356 1142 2445 spirituales

213 2444 339 2515 edoctos
364 2449 422 2514 sub
444 2445 648 2515 similitudine
669 2448 836 2515 visibilium
861 2449 950 2526 liunt,
964 2461 1140 2532 congruum

214 2536 275 2602 ibit
295 2538 385 2603 nobis
409 2538 499 2616 tradi,
520 2552 554 2603 ut
576 2538 693 2603 dictum
718 2550 773 2615 est,
792 2536 969 2625 huiusmodi
981 2534 1143 2624 spirituale

215 2617 396 2692 alimentum
435 2627 493 2693 sub
530 2621 693 2715 speciebus
730 2626 852 2692 illarum
888 2643 992 2693 rerum
1026 2623 1142 2710 quibus

217 2715 360 2781 homines
377 2717 578 2784 ,communius
600 2712 640 2780 ad
663 2714 824 2803 corporale
848 2714 1029 2781 alimentum
1049 2723 1142 2777 ntun-

217 2817 276 2867 trtr.
302 2800 484 2890 llulusmodi
509 2818 611 2871 autem
635 2817 707 2869 sunt
729 2806 817 2892 panis
840 2818 869 2869 et
892 2805 1011 2879 vinum;
1026 2800 1142 2865 etidco

217 2892 276 2957 dub
298 2892 459 2981 speciebus
493 2895 558 2959 anis
571 2905 600 2959 et
613 2892 673 2958 vini
687 2893 746 2958 lroc
758 2892 889 2959 traditur
899 2886 1140 2957 sacramentum.

282 2979 344 3046 Sed
377 2916 638 3048 consilcrandn'm
667 2996 712 3048 est
746 2981 829 3069 quod
865 2978 952 3047 aliter
985 2994 1141 3066 generans

215 3068 363 3153 generato
386 3069 584 3160 conjungitur
606 3083 637 3137 et
660 3072 748 3136 aliter
769 3070 994 3136 nutrimentum
1012 3070 1148 3142 nutrito·

214 3162 245 3226 i‘n
268 3159 479 3248 corporalibus
502 3158 606 3227 rebus.
637 3156 796 3225 Generans
819 3160 902 3225 enim
926 3178 989 3224 non
1012 3169 1140 3243 oportet

212 3249 384 3314 secundum
397 3250 598 3315 substantiam
610 3262 758 3337 generato
781 3248 938 3336 conjungi,
964 3246 1018 3313 scd
1034 3244 1138 3311 solnm

212 3337 383 3402 secundom
408 3336 643 3403 similitudinem
668 3340 866 3415 etuirtutem3
885 3337 940 3402 sed
953 3335 1136 3402 alimentum

212 3420 333 3512 oporiet
345 3426 459 3490 nutrito
472 3427 643 3492 secundnm
656 3426 856 3491 substantiam
869 3423 1023 3511 conjungi.
1038 3422 1150 3499 Unde,'

210 3524 243 3572 ut
259 3510 478 3599 corporalibus
509 3514 603 3599 signis
636 3515 810 3600 spirituales
846 3512 971 3581 effectus
1007 3526 1150 3599 respon-²
