2484 3975
322 256 359 300 nu
382 257 562 303 nunsrtutns
584 257 738 303 sternaris
924 235 989 302 tet

76 342 128 410 per
147 322 278 390 inueniet
301 324 331 389 id
356 325 438 411 quud
477 340 522 391 est
559 327 726 394 maximum
765 345 889 392 eausam
920 346 992 394 esse

75 429 178 478 eorum
199 434 281 500 quoe
302 428 373 480 sunt
396 429 465 500 post
487 417 599 499 ipsum,
623 415 700 482 sieut
737 413 814 498 ignis
852 414 905 498 qni
944 428 993 486 est

75 499 273 568 oaldnstmus
295 523 385 568 eausa
409 518 454 568 est
477 504 637 570 caliditatis
660 505 690 570 in
714 503 991 570 eaeteriselemen·

75 590 139 655 tntis
160 591 349 676 emporibus.
373 591 510 664 Primum
534 606 637 657 autem
673 593 867 680 principium,
904 591 996 676 qund'

74 678 169 746 Deum
192 679 333 757 dicimus,
354 693 401 744 est
423 681 556 748 maxime
579 701 644 746 ens:
669 703 730 746 non
760 681 843 746 enim
877 694 922 746 est
946 681 992 746 ire

73 768 104 832 iu
126 768 277 834 inlinitum
300 770 331 832 in
355 789 460 836 rernm
485 769 603 848 ordine,
626 769 681 836 sed
704 770 743 835 ad
766 766 881 855 aliquid
908 789 993 836 sum-

74 875 157 922 mum
179 858 336 935 devenire,
358 858 441 942 quod
464 859 576 924 melius
599 871 644 924 est
671 878 738 924 ease
762 879 859 924 unum
897 879 992 944 quom

75 944 169 1030 plum:
191 947 275 1034 quod
297 959 400 1012 nutem
424 948 455 1012 in
478 949 621 1015 universo
643 947 752 1012 melius
786 960 832 1013 eat
866 967 991 1014 neeesse

75 1047 119 1099 est
140 1054 217 1110 este,
239 1035 309 1122 onia
334 1036 511 1103 uniuersum
535 1035 689 1123 dependet
711 1057 748 1100 er
771 1036 902 1102 essentia
936 1037 993 1104 bo-

75 1121 172 1190 nitatis
193 1123 270 1209 ejus
294 1123 425 1190 Necesse
448 1138 478 1191 et
501 1124 594 1210 igitur
615 1125 752 1212 primum
775 1143 992 1192 εεεεεεεεειι·

74 1231 137 1276 sam
159 1212 281 1278 essendi
302 1213 457 1278 omnibus.

136 1301 187 1366 llis
210 1315 313 1368 autem
337 1303 418 1381 uisis,
441 1300 528 1368 laoile
550 1315 596 1368 est
617 1301 737 1368 noluere
774 1301 907 1368 rationes
945 1302 992 1366 in-

73 1389 187 1456 ductas.

136 1477 227 1560 Quod
250 1478 333 1544 enim
358 1477 474 1563 antiqui
497 1478 657 1546 naturales
683 1478 771 1565 quasi
809 1478 995 1566 principium

71 1580 297 1653 supposuerunt
320 1567 368 1632 En
391 1568 487 1632 nidilo
511 1569 590 1633 nintt
612 1568 689 1654 fieri,
714 1587 751 1632 ex
774 1565 835 1632 bne
850 1569 998 1654 prooessit

71 1658 141 1742 quia
164 1657 267 1722 solum
291 1656 330 1722 ad
354 1656 572 1741 partieularem
586 1655 681 1722 liendi
697 1655 826 1722 modum
839 1658 999 1740 peruenire

72 1759 247 1832 potuerunt,
271 1746 324 1830 qui
347 1759 392 1811 est
416 1765 471 1828 per
495 1744 697 1810 mutationem
722 1744 770 1808 vel
793 1757 922 1812 motum.

139 1835 270 1919 Denuo
293 1834 386 1899 etiam
410 1833 502 1900 fiendi
527 1832 623 1903 modo
645 1831 781 1899 secunda
820 1834 899 1900 rttiu
932 1855 1002 1920 prn-

74 1924 213 1991 eedehat.
237 1923 270 1989 ln
295 1923 342 1989 bis
366 1923 451 1991 enim
474 1943 555 2008 nune
593 1923 671 1989 liunt
707 1942 763 2009 per
798 1923 1001 1991 mutationem

73 2014 121 2077 vel
145 2026 276 2089 motum,
298 2012 470 2096 subjeetum
494 2011 619 2078 lectioni
643 2012 912 2099 praesupponitur3
947 2013 1002 2079 sed

71 2102 104 2168 in
127 2122 274 2189 supremo
298 2100 391 2167 modo
415 2100 520 2175 fiendi,
542 2101 597 2186 qui
618 2115 665 2167 εει
688 2118 743 2187 per
765 2102 886 2168 essendi
911 2100 1002 2165 inllu-

70 2212 159 2267 xum,
180 2191 300 2256 nullum
322 2188 495 2273 subjeetum
510 2188 998 2277 laetionipraesupponitur‚quia

72 2280 134 2346 ltoo
156 2280 258 2365 ipsum
281 2293 328 2345 εει
350 2281 523 2363 subjeetum
545 2280 613 2366 fieri
636 2279 807 2347 seeundum
846 2280 929 2345 huno
952 2276 997 2343 lo-

73 2370 184 2433 etionis
206 2367 347 2445 modum,
369 2367 452 2454 quod
475 2379 521 2432 εει
543 2366 716 2451 subjeetum
732 2368 912 2455 participare
929 2386 997 2435 esse

72 2478 129 2545 per
153 2456 342 2522 induentium
366 2457 531 2544 superioris
554 2458 642 2523 entis.

108 2593 111 2598 -
141 2545 289 2612 Similiter
310 2545 403 2612 etiam
427 2547 514 2612 tertia
539 2547 617 2611 ratio
641 2545 680 2611 de
702 2545 762 2611 hoo
785 2542 878 2609 modo
902 2543 998 2611 fiendi

71 2636 215 2722 procedit
236 2635 288 2719 qui
312 2649 357 2700 εει
380 2634 659 2721 permutationem
690 2648 728 2699 et.
754 2646 882 2699 motum.
918 2632 997 2699 Cum

71 2724 223 2789 enimad
248 2722 379 2790 formem
403 2737 583 2810 peruentum
607 2722 710 2799 luerit,
742 2722 817 2787 nihil
840 2722 879 2785 de
913 2736 1000 2789 motu

73 2812 214 2879 restabit.
236 2810 367 2898 Oportet
390 2814 472 2879 enim
496 2812 670 2896 intelligere
686 2810 769 2897 quod
791 2830 846 2895 pet·
870 2810 1002 2877 lonnnm

72 2922 125 2967 res
150 2916 297 2985 generata
320 2922 388 2967 εεεε
411 2901 570 2988 participet
606 2902 646 2967 ab
681 2900 849 2965 universali
883 2900 1005 2967 ersendi

73 2992 242 3076 principio;
264 3011 326 3055 non
349 2991 433 3057 enim
456 3011 568 3056 causae
592 2990 768 3073 agentesnd
782 2988 1006 3070 determinatas

72 3078 194 3146 formas
217 3092 288 3144 sunt
310 3100 422 3145 oausne
444 3079 578 3151 essendi.
602 3078 660 3143 nisi
695 3080 876 3164 inquantum
912 3091 1008 3165 agunt

71 3169 106 3234 in
132 3169 246 3233 virtute
268 3170 358 3254 primi
382 3182 412 3233 et
434 3166 617 3233 uniuersalis
641 3166 780 3252 principii
805 3166 941 3233 essendi.
1092 3237 1095 3243 ,

142 3258 260 3339 Quarta
283 3259 376 3323 etiam
400 3258 477 3322 ratio
513 3255 625 3321 eodem
664 3255 758 3321 modo
793 3256 932 3339 procedit
967 3256 1007 3323 de

70 3346 124 3410 his
148 3366 231 3431 qnae
253 3345 331 3411 liunt
353 3366 408 3433 per
431 3359 549 3411 motum
575 3344 622 3410 vel
647 3344 860 3417 mutationem,
893 3344 923 3409 in
940 3346 1007 3429 qui·

70 3433 136 3499 bus
157 3455 287 3501 neeesse
309 3447 410 3501 estut
433 3455 495 3500 non
519 3453 588 3498 esse
612 3432 775 3520 praecedat
806 3452 873 3499 esse
897 3453 1006 3500 eorum

68 3542 158 3610 quae
182 3522 270 3605 liunt,
292 3526 364 3611 quia
385 3544 495 3591 eorum
517 3543 585 3591 esse
607 3536 653 3609 est
676 3523 825 3591 terminus
860 3522 1003 3607 mutatio·
