2484 3975
210 203 277 271 tuo
589 223 760 270 onusnncnu

208 311 385 378 expressam
409 290 599 357 mentionem
623 313 685 358 non
717 291 800 369 lacit,
823 311 863 356 ne
901 289 1017 376 populo
1054 288 1137 366 rudi,

207 383 327 470 quibus*
342 381 391 463 lex
414 381 656 468 proponebatur,
680 380 873 448 idololatriae
896 379 1022 446 daretur
1045 399 1137 444 occa·

207 472 265 550 aio,
288 474 313 538 si
336 471 439 558 plures
467 469 642 556 spirituales
675 470 863 536 substantias
895 489 988 554 super
1025 486 1136 532 ornnes

207 579 373 647 corporeas
395 571 551 624 creaturas
573 558 781 624 introduceret
802 578 906 624 sermo
935 557 1069 623 diuinus.

274 647 342 716 Non
366 660 467 733 potest
480 647 573 714 etiam
590 667 628 713 ex
641 647 804 734 Scripturis
820 647 976 712 canonicis
991 663 1137 733 expreue

207 737 315 804 haberi
339 736 465 822 quando
487 736 580 802 ueni
619 735 733 802 luerint
766 735 883 820 linge-li.
919 734 1010 818 Quod
1049 735 1134 798 enim

207 840 277 915 post
299 825 470 912 corporalia
494 825 588 890 creati
616 845 679 890 non
703 823 816 890 luerint
842 825 920 888 ratio
953 821 1138 901 manilestat,

207 916 278 1003 quia
302 935 365 980 non
387 913 445 979 luit
466 909 580 979 decens
603 927 637 979 ut
660 911 838 1000 perfectiora
863 913 1015 999 posterius
1050 931 1137 976 crea·

207 1020 324 1081 rentur3
346 1016 377 1068 et
410 1002 503 1067 etiam
537 1021 574 1066 er
608 1002 789 1067 auctoritate
821 1020 927 1067 sacrae
956 1001 1138 1088 Scripturae

207 1111 352 1180 expresse
374 1090 537 1175 colligitur3
559 1090 786 1156 diciturenim:
813 1091 887 1155 Cunr
904 1112 953 1156 mc
968 1092 1138 1156 laudarent

207 1185 301 1247 simul
324 1192 415 1244 ostro
437 1180 605 1253 matutino.
630 1189 658 1244 ct
673 1177 849 1262 jubilarent
879 1201 984 1246 omncs
1005 1181 1066 1268 filii
1078 1178 1137 1243 Dei

207 1273 220 1350 (
233 1270 302 1347 lob,
314 1269 367 1346 58,
389 1268 449 1350 7),
473 1287 529 1353 per
540 1288 618 1354 quoa
632 1268 803 1354 spirituales
819 1268 1008 1334 substantiae
1024 1266 1138 1333 intelli·

206 1373 331 1446 guntur.
353 1395 398 1406 --
419 1356 526 1440 arguit
559 1370 663 1422 autem
697 1358 741 1422 sic
775 1359 990 1442 Augustinus:
1020 1385 1035 1416 «
1066 1356 1138 1425 lam

205 1468 282 1533 ergo
304 1461 393 1511 erant
416 1443 522 1529 Angeli
546 1445 673 1531 quando
707 1444 783 1510 lacta
818 1459 889 1510 sunt
921 1447 1034 1524 sidern;
1061 1444 1138 1510 lacta

205 1551 280 1604 sunt
301 1549 406 1600 autern
432 1549 542 1619 quarto
565 1534 627 1598 die.
643 1533 874 1620 Numquidnam
888 1555 963 1621 ergo
979 1536 1029 1601 die
1047 1533 1138 1604 tertio

206 1624 304 1692 laetos
327 1644 396 1688 esse
418 1622 550 1706 Angelos
573 1621 722 1688 dicimus?
744 1623 838 1689 Absit.
862 1624 894 1688 ln
923 1639 1069 1710 promptu
1092 1637 1140 1690 est

207 1717 291 1781 eniru
315 1711 389 1800 quid
425 1711 477 1776 illo
500 1711 550 1776 die
573 1710 688 1776 lectum
711 1711 759 1778 sit.
776 1712 820 1778 ab
836 1713 923 1796 aquis
936 1717 1042 1801 utique
1056 1729 1137 1780 terra

206 1803 337 1870 discreta
353 1816 430 1866 est...
453 1798 684 1885 Numquidnam
697 1801 851 1868 seeundo?
867 1801 911 1867 Ne
924 1803 983 1868 hoc
998 1803 1138 1888 quiderm

207 1907 281 1958 tuuc
305 1892 388 1956 enim
412 1889 643 1955 lirnramentum
668 1888 782 1956 luctum
816 1907 930 1956 est...»
960 1891 1026 1978 (de
1050 1891 1137 1958 cuin

96 2034 103 2044 ,
206 1981 275 2061 Dei,
299 1980 319 2047 l.
345 1981 398 2058 ll,
420 2000 447 2043 c.
470 1978 528 2063 9).
553 1977 588 2043 lit
627 1994 732 2067 posteo
771 1980 903 2067 subjicit:
945 1981 1136 2047 «Nimirum

207 2091 295 2155 ergo,
318 2071 343 2135 si
367 2069 405 2135 ad
436 2068 565 2135 istorum
600 2069 721 2133 dierum
760 2090 852 2154 opera
888 2070 944 2137 Dei
983 2075 1137 2157 pertinent

206 2160 326 2245 Angeli,
348 2158 404 2244 ipsi
426 2170 499 2222 sunt
520 2158 572 2223 lux
596 2158 647 2223 illa
664 2178 743 2243 quae
759 2158 820 2225 dici
837 2178 952 2225 nomen
970 2160 1090 2247 occepit
1104 2186 1136 2227 a.

208 2248 388 2333 sicigitur,
421 2246 593 2312 secundum
632 2248 816 2313 sententiam
850 2249 1020 2328 Augustini,
1043 2246 1136 2315 simul
1228 2242 1229 2277 ³

206 2358 278 2405 eum
314 2335 526 2422 corporalibus
564 2349 664 2401 ereata
703 2348 749 2399 cst
786 2336 950 2423 spiritualis
984 2350 1136 2417 creatura,

207 2447 288 2512 quae
310 2424 502 2509 significatur
523 2424 650 2489 nomine
672 2424 760 2501 caeli,
773 2446 845 2492 cum
858 2424 978 2490 dicitur:
995 2426 1030 2489 lu
1047 2427 1136 2503 prin·

208 2518 287 2601 cipio
311 2513 427 2579 creauit
449 2512 533 2577 Deus
555 2514 674 2577 coelum
697 2524 727 2577 et
751 2526 866 2581 terrum
901 2514 1015 2589 (Gen,
1030 2516 1060 2592 l,
1079 2515 1093 2579 l
1112 2517 1135 2594 ).

207 2604 366 2671 Formatio
390 2614 493 2665 nutem
532 2601 600 2686 ejus
637 2614 668 2665 et
692 2601 839 2687 persentio
877 2602 1067 2687 significatur
1104 2604 1137 2669 iu

206 2693 283 2759 lucis
308 2691 519 2779 productione,
542 2706 576 2755 ut
606 2688 814 2775 multipliciter
851 2691 1046 2777 prosequitur
1084 2692 1135 2776 (l)
1228 2706 1229 2767 t

206 2782 238 2848 in
262 2782 355 2847 Libro
377 2800 471 2865 super
494 2778 639 2845 Genesim
665 2780 703 2843 ad
727 2777 870 2845 litteram.
908 2780 980 2858 Sed,
1016 2792 1050 2845 ut
1072 2780 1132 2847 Da·
1228 2776 1229 2783 '

206 2891 369 2937 mascenus
391 2867 465 2933 dicit
488 2870 551 2951 (ᾖ),
566 2869 691 2954 quidam
705 2866 792 2950 ajunt
807 2868 901 2953 quod,
918 2882 988 2933 ante
1006 2889 1135 2935 omnem

207 2959 407 3035 creationem,
430 2956 546 3022 scilicet
565 2957 737 3043 corporalis
759 2973 929 3035 creaturae,
944 2958 1039 3041 geniti
1063 2968 1135 3023 sunt
1228 3014 1229 3027 .

206 3048 326 3133 Angeli3
349 3048 432 3131 quia,
447 3060 482 3109 ut
497 3045 665 3130 Gregorius
688 3045 866 3130 Theologus
890 3045 974 3122 dicit,
997 3047 1133 3133 primum
1228 3074 1229 3079 ¹

206 3137 388 3223 excogitauit
410 3134 564 3218 angelicas
588 3135 714 3199 uirtutes
737 3148 766 3201 et
782 3134 941 3214 caelestes,
956 3148 987 3200 et
1010 3136 1132 3221 excogi-

207 3226 281 3291 tatio
303 3224 370 3312 ejus
393 3244 471 3311 opus
493 3222 561 3299 lnit3
584 3237 615 3288 ot
639 3224 710 3291 huic
725 3224 902 3317 sententiae
937 3225 1003 3313 ipse
1020 3224 1134 3291 Dama.
1228 3240 1229 3317 j

1228 3324 1229 3351 l

258 3435 298 3500 (ll
317 3436 416 3504 Supple
433 3433 607 3505 aquitane.

258 3506 300 3575 β)
316 3505 376 3558 Lib.
393 3503 420 3557 ὅ.
696 3516 699 3520 ’
