2484 3975
475 215 512 260 oa
536 214 719 260 msrmrmos
988 190 1051 256 609

130 294 276 347 vocantur
310 282 461 348 instantia.
485 285 576 366 Quod
599 297 704 348 autem
728 283 843 348 instans
865 300 1052 368 permanens

128 371 242 457 patitur
256 370 390 457 aliquam
407 371 618 438 alterationem
633 372 690 436 sibi
702 371 839 458 adjungi,
851 371 921 456 quio
935 370 1051 434 dietum

130 472 176 524 εει
197 461 298 547 ipsum
322 481 405 526 nune
432 460 546 527 babere
579 461 737 526 diversum
760 479 838 538 esse,
861 461 920 524 boo
942 457 1052 524 accidit

127 547 199 633 quia
222 567 319 614 unum
343 562 373 614 ει
395 549 477 615 idem
501 563 607 616 natum
624 562 670 615 est
685 549 800 615 babere
815 548 949 612 diversas
965 566 1051 611 men·

126 656 224 716 suras,
239 638 318 702 siout
333 651 415 724 patet
431 637 470 704 de
482 659 613 726 corpore
629 637 764 716 caelesti,
778 636 864 723 quod
878 636 1050 702 seeundum

127 745 219 790 suum
242 745 322 806 esse,
348 727 432 812 quod
466 741 511 792 est
544 725 820 803 intransmutabile,
853 738 1051 790 mensuratur

128 833 204 879 aeuo
226 815 310 901 quod
335 830 381 881 est
402 817 518 882 instans
542 836 739 904 permanens3
761 814 828 892 sed,
861 817 932 900 quia
966 814 1049 878 idem

129 922 240 990 eorpus
279 904 372 970 babet
414 907 700 971 transmutationem
738 903 913 989 adjunctam
951 905 1049 967 motui

129 995 140 1071 l
158 1008 298 1057 movetur
321 994 403 1058 enim
427 994 598 1060 seeundum
621 993 736 1071 loeum3
751 1007 872 1079 tempus
888 1005 991 1057 autem
1004 1005 1050 1056 est

127 1100 270 1146 mensura
295 1095 407 1159 motus,
430 1097 463 1148 ut
485 1083 599 1148 dietum
624 1083 708 1166 est),
730 1081 801 1147 ideo
830 1083 889 1146 boe
923 1079 1049 1155 instans,

126 1168 198 1234 lieet
219 1173 258 1236 sit
281 1170 556 1252 intransmutabile,
579 1185 624 1238 est
649 1186 750 1236 tamen
765 1169 924 1235 mutationi
941 1168 1048 1253 adjun-

126 1271 210 1322 ctum
234 1260 352 1324 ratione
374 1261 420 1326 sui
455 1260 582 1346 subjecti
605 1261 688 1346 quod
712 1275 853 1324 movetur
875 1259 1048 1324 secundum

126 1346 241 1426 looum,
264 1364 297 1413 ut
321 1347 436 1414 dietum
471 1366 527 1427 est;
550 1363 580 1414 ει
615 1351 659 1415 sio
694 1347 919 1413 accidentaliter
954 1347 1049 1412 babet

124 1440 327 1501 mutationem
352 1438 528 1523 adjunctam
558 1440 621 1503 sive
645 1437 867 1503 alterationem.
901 1434 1049 1500 Similiter

124 1525 155 1586 in
178 1525 355 1590 substantiis
377 1529 525 1613 separatis
549 1529 703 1613 reperitur
725 1526 851 1612 quidam
880 1539 981 1588 motus
1004 1526 1047 1588 al-

124 1610 291 1678 lectionem
315 1626 346 1678 et
368 1615 621 1694 intellectionum,
652 1635 714 1679 non
748 1628 851 1679 aurem
874 1612 1047 1678 seeundum

124 1718 215 1766 suum
240 1723 318 1781 esse3
342 1704 437 1782 unde,
461 1704 648 1790 ubicumque
671 1704 823 1790 reperitur
837 1715 945 1766 natura
962 1700 1047 1766 istius

125 1810 217 1869 nuno,
237 1811 360 1878 semper
382 1806 428 1857 est
451 1793 588 1880 reperire
618 1805 738 1856 motum
772 1791 906 1877 aliquem
935 1790 1046 1874 adjun-

124 1891 217 1944 ctum.
242 1880 282 1944 Ex
306 1901 367 1966 qtio
390 1881 586 1947 manifestum
610 1896 656 1946 est
679 1880 763 1967 quod
785 1899 897 1944 aevum
921 1894 1046 1944 nonest

126 1982 158 2033 ut
181 1969 211 2033 in
235 1967 374 2055 subjecto
397 1973 428 2036 in
452 1971 552 2059 primo
583 1969 703 2049 mobili,
734 1969 789 2035 sed
822 1983 868 2035 est
901 1988 1046 2034 niensura

123 2057 189 2142 ejus
213 2072 342 2136 tantum3
361 2072 394 2125 ut
420 2062 452 2126 in
486 2060 623 2146 subjecto
658 2074 762 2125 aurem
800 2073 846 2123 est
879 2060 910 2123 in
946 2061 1045 2144 primo

123 2146 289 2211 aeviterno.
313 2148 397 2213 Siout
419 2150 502 2214 enim
527 2164 647 2236 tempus
660 2162 799 2235 respectu
816 2148 905 2235 primi
923 2147 1044 2224 mobilis

122 2249 168 2300 est
189 2236 331 2301 accidens
353 2252 383 2303 et
405 2257 560 2317 mensura,
583 2254 726 2323 respoetu
763 2251 866 2301 autern
901 2250 1043 2300 motuum

122 2323 252 2389 aliorum
292 2325 471 2392 inleriorum
510 2348 655 2392 mensura
691 2339 821 2404 tantum,
856 2326 895 2388 ita
933 2344 1044 2389 aevum

121 2427 262 2498 respectu
286 2416 377 2501 primi
401 2416 431 2480 in
455 2435 569 2500 genere
596 2435 705 2480 eorum
743 2434 823 2502 quae
847 2433 923 2477 aevo
958 2433 1044 2476 mon-

120 2516 265 2566 surantur
288 2516 334 2567 est
356 2504 498 2569 accidens
521 2519 551 2570 ει
574 2524 731 2583 mensura,
764 2516 905 2589 respectu
939 2516 1043 2573 autem

121 2588 251 2655 aliorum
264 2605 310 2655 est
325 2612 468 2659 mensura
482 2608 609 2659 tantum.
624 2593 658 2659 Et
673 2595 743 2678 quia
756 2594 889 2679 primum
902 2591 932 2654 in
943 2592 1042 2675 quoli-

122 2680 173 2743 bet
194 2699 308 2763 genere
330 2695 374 2746 est
388 2703 483 2747 unum
507 2696 637 2757 tantum,
660 2684 765 2746 inuno
788 2697 891 2745 autem
902 2680 1041 2764 subjecto

120 2767 309 2854 impossibile
332 2785 378 2836 est
400 2772 487 2857 plura
510 2792 578 2836 esse
600 2772 767 2836 assidentia
792 2772 882 2834 unius
904 2783 1042 2846 normae,

114 2858 153 2919 ab
177 2856 259 2921 illius
283 2858 405 2923 unitate
422 2861 479 2924 erit
500 2862 621 2926 'tantum
647 2880 743 2923 uuum
767 2877 877 2924 aevum
901 2860 1042 2922 omnium

114 2965 193 3030 iruae
216 2966 293 3010 aero
329 2965 558 3027 mensurantur,
591 2953 670 3013 sieut
702 2963 825 3035 tempus
861 2962 906 3010 est
943 2967 1039 3011 unum

114 3036 267 3113 omnium,
290 3035 362 3121 quia
385 3051 486 3103 motus
510 3040 601 3125 primi
629 3037 751 3101 mobilis
774 3052 820 3101 est
844 3056 932 3100 unus.

438 3157 460 3224 C
477 3162 499 3224 A
516 3160 539 3225 P
558 3158 582 3224 U
598 3158 625 3223 'l'
663 3157 711 3226 lV.

226 3263 309 3345 Quid
330 3278 488 3329 mensurat
510 3266 704 3350 operationes
725 3263 923 3349 Auqeloruru.
946 3248 950 3255 ¹

179 3384 443 3453 Considerandum
467 3402 513 3453 est
535 3401 638 3453 autem
660 3386 744 3473 quod
768 3385 850 3454 nulla
869 3388 948 3449 actio
964 3384 1036 3449 sub·

113 3478 242 3541 stantiae
264 3492 422 3563 separatae
445 3489 641 3543 mensuratur
665 3479 721 3545 isto
744 3494 838 3553 nune,
858 3495 930 3541 oum
954 3474 1037 3539 nulla

160 3562 191 3628 S.
220 3564 274 3631 rt.
299 3564 445 3634 Summae
469 3565 551 3632 Plril.
574 3564 610 3631 V.
634 3564 665 3631 5.
950 3563 992 3627 40
1051 3633 1054 3642 .
