2484 3975
176 148 242 213 996
479 169 534 213 tto.
558 168 596 212 tv.
621 168 684 213 css.
707 168 793 213 ιω.

174 236 245 301 uem
270 237 382 302 sanitas
407 256 547 303 numero,
571 236 766 302 Manifestum
790 250 836 301 est
869 250 973 303 autern
1012 236 1096 322 quod

174 346 229 410 per
253 340 384 391 mortem
409 346 476 391 esse
502 326 635 392 hominis
660 325 809 401 aufertur,
845 346 917 391 cum
941 325 1097 412 corruptio
1236 371 1237 382 t

172 416 211 477 sit
235 415 363 479 mutatio
387 413 427 479 de
452 436 519 480 esse
546 418 577 480 io
612 435 674 479 non
710 435 787 481 esse.
826 414 1019 499 impossibiie
1051 426 1099 480 est
1130 454 1135 458 -
1236 493 1237 510 ἵ

174 503 266 583 igitur
288 502 372 588 quod
396 525 466 570 esse
489 503 626 569 hominis
649 501 732 568 idem
757 524 889 569 numero
925 505 1099 569 reiteretur.

69 666 71 679 Ι
172 590 280 676 Neque
304 592 397 677 igitur
420 594 478 657 erit
501 593 585 657 idem
610 593 706 657 homo
730 613 873 668 numeru
896 610 977 679 quae
1013 592 1099 657 enim

172 694 243 745 suut
267 681 377 747 eadem
401 703 533 747 numero
557 681 729 747 secundum
752 701 821 746 esse
843 695 915 747 suut
936 682 1031 747 idem.
1098 689 1101 694 '

238 769 387 856 Amplius,
410 770 441 835 Si
466 771 548 835 idem
574 770 709 837 hominis
732 790 845 856 corpus
877 786 1037 856 reparatur
1059 768 1100 834 ad

173 858 277 937 vitam,
302 860 366 945 pari
390 860 509 925 ratione
522 872 645 945 oportet
660 860 743 945 quod
756 858 906 944 qttidquid
923 861 1103 945 incorpore

173 947 310 1011 hominis
334 946 392 1013 iuit
414 947 515 1015 eidem
541 950 728 1013 restituatur.
752 948 797 1013 sd
822 948 881 1014 hoc
904 962 1008 1013 autem
1031 968 1105 1011 ma·

173 1036 253 1101 xima
279 1036 452 1103 indecentia
476 1040 626 1125 sequitur,
650 1058 712 1102 non
736 1037 838 1102 scium
863 1051 988 1124 propter
1003 1036 1102 1123 capii·

173 1123 218 1189 ios
242 1138 272 1189 et
296 1146 415 1210 ungues
450 1141 480 1192 et
513 1127 603 1213 pilos,
636 1126 689 1213 qui
724 1125 886 1191 manifeste
920 1126 1103 1210 qttotidiana

174 1214 363 1296 praecisione
387 1216 548 1293 tolluntur,
571 1214 627 1281 sed
651 1216 743 1280 etiam
768 1231 894 1302 propter
905 1216 981 1279 airas
998 1228 1105 1301 partes

172 1304 311 1403 corporis
335 1324 416 1390 quae
447 1305 567 1371 occuito
591 1304 824 1391 peractionem
849 1303 995 1370 naturaiis
1017 1302 1106 1368 caio·

173 1389 214 1455 ris
237 1392 444 1470 resolvuntut3
469 1414 548 1479 quae
572 1396 677 1459 otnnia
701 1394 725 1457 si
750 1392 950 1458 restituantur
980 1392 1105 1457 homini

176 1482 370 1584 resurgenti,
408 1483 557 1549 indecens
596 1481 778 1584 magnitudo
811 1495 998 1566 consurget.
1031 1480 1104 1545 Non

173 1568 324 1634 ridetur
317 1573 409 1657 igitur
432 1573 515 1660 quod
540 1573 636 1637 homo
657 1572 696 1637 sit
730 1585 798 1658 post
832 1584 965 1636 mortem
997 1590 1105 1635 resur-

173 1671 327 1725 recturus.

241 1747 440 1828 Praeterea,
451 1719 639 1833 Contingent
674 1762 720 1814 est
749 1748 941 1851 ‘quandoque
979 1747 1103 1833 aliquos

174 1834 316 1901 homines
340 1839 484 1904 carnibus
508 1837 653 1905 humanis
675 1838 769 1913 vesci,
791 1851 822 1902 et
844 1837 946 1903 solum
970 1836 1021 1901 taii
1042 1858 1104 1902 nu·

173 1926 317 1990 trimento
342 1930 461 2008 nutriri,
485 1928 582 1994 etsie
607 1928 736 1993 nutritos
750 1927 829 1993 iiiios
841 1946 1002 2012 generare.
1019 1924 1102 1992 Caro

173 2013 266 2098 igitur
289 2015 398 2082 eadem
424 2018 454 2082 iu
478 2017 623 2102 pluribus
646 2017 825 2082 homiuibus
842 2015 1006 2080 invenitur.
1029 2014 1100 2081 Non

173 2117 220 2167 est
242 2117 345 2169 autem
371 2105 517 2191 possibile
540 2105 624 2190 quod
649 2107 679 2170 in
703 2105 843 2191 pluribus
868 2117 1018 2189 resurgat:
1042 2125 1105 2170 uec

173 2191 260 2257 aiiter
286 2193 406 2260 videtur
429 2215 496 2259 esse
519 2195 701 2260 universalis
725 2195 953 2260 resurrectioet
968 2195 1103 2276 integra,

173 2283 197 2344 si
224 2281 390 2367 unicuique
413 2304 475 2348 non
500 2285 680 2350 restituatur
702 2283 787 2368 quod
819 2283 869 2346 hic
906 2281 1025 2348 habuit.
1047 2282 1102 2348 Vi-

173 2371 263 2436 detur
288 2372 378 2454 igitur
401 2373 591 2460 impossibiie
614 2371 698 2458 quoti
720 2374 761 2438 sit
794 2371 957 2438 hominum
995 2391 1102 2437 resur·

174 2461 270 2525 rectio
294 2459 406 2526 sutura.

241 2549 327 2628 itcm,
352 2548 429 2617 iilud
453 2551 536 2636 quod
560 2563 605 2614 est
621 2569 788 2614 commune
804 2548 950 2614 omnibus
966 2548 1102 2614 eristen·
1169 2567 1172 2570 ’

127 2634 253 2702 ”tibus
277 2640 308 2702 in
333 2638 434 2725 aliqua
458 2641 559 2725 specie
583 2639 794 2704 videturesse
818 2637 958 2702 naturaie
973 2637 1101 2722 iiiispe·

172 2727 239 2791 εἰεί.
264 2725 331 2792 Non
355 2744 401 2794 est
424 2739 527 2794 autam
552 2727 687 2792 hominis
725 2727 910 2792 resurrectio
938 2726 1101 2802 natut·aiis;

173 2835 235 2879 non
258 2817 341 2881 enim
365 2819 469 2903 aliqua
493 2818 587 2883 virtus
610 2816 757 2881 naturalis
782 2815 900 2900 agentis
923 2814 1036 2880 sufficit
1059 2814 1101 2881 ati

173 2904 233 2968 huc
256 2905 412 2989 agendum
437 2919 470 2971 ut
492 2906 701 2972 communiter
724 2925 834 2969 omnes
869 2905 1012 2969 homines
1051 2925 1102 2968 re·

173 3008 310 3077 surgant.
347 2994 415 3060 Non
450 2993 543 3080 igitur
566 2996 775 3060 communiter
810 3012 919 3058 omues
958 2993 1103 3058 homines

173 3097 346 3168 resurgent.

240 3173 357 3251 Adhuc,
381 3172 413 3237 Si
438 3191 493 3258 pet
516 3171 673 3238 Christum
696 3170 866 3237 liberamur
902 3185 934 3236 et
967 3191 984 3235 a
1008 3169 1100 3254 culpa

172 3273 203 3322 et
227 3281 242 3326 a
268 3275 378 3340 morte,
401 3281 480 3346 quae
504 3275 550 3325 est
575 3261 690 3346 peccati
725 3260 864 3335 effectus,
898 3260 940 3325 iiii
975 3259 1031 3324 soii
1056 3260 1102 3324 ui-

173 3352 286 3415 dentur
310 3350 460 3415 liberandi
485 3369 553 3414 esse
576 3370 592 3414 a
619 3364 718 3414 morte
749 3370 805 3435 per
839 3349 1100 3414 resurrectionem

173 3441 224 3522 qui
248 3438 374 3504 suerunt
396 3438 559 3526 participes
582 3439 800 3524 mysteriorum
825 3437 947 3519 Christi,
986 3435 1106 3525 quihus
