2484 3975
204 210 269 275 298
496 231 553 275 eta.
577 228 614 275 rt.
640 232 706 277 oar.
730 231 827 278 erxxr.

206 298 336 377 lormam
361 296 496 385 aliquam
520 316 676 384 operatur:
707 320 787 385 quae
821 311 925 371 autem
949 297 1043 364 habet
1066 296 1135 364 lor·

203 408 286 453 mam
307 386 372 472 jam
396 402 453 464 est;
478 388 560 453 unde
583 389 659 454 nibil
682 391 819 473 seipsum
843 407 994 473 generare
1018 401 1136 474 potest,

202 477 258 541 sed
281 490 408 559 generet
432 477 546 563 aliquid
571 478 654 543 aliud
693 478 751 543 sibi
785 476 958 543 seeundum
991 477 1133 563 speeiem

201 565 313 634 simile:
336 586 409 631 oum
433 586 506 631 uero
540 580 721 652 corruptum
756 579 813 643 est,
847 565 981 630 lormam
1016 565 1134 642 omisit,

200 675 280 741 quae
306 667 424 741 poterat
447 675 515 719 esse
538 658 667 720 aetionis
691 653 891 741 principiutn3
920 654 1016 731 unde,
1053 674 1134 739 ope-

202 747 320 807 ratione
344 758 481 820 naturae,
505 744 588 829 quod
613 758 797 829 corruptum
821 757 866 808 est
890 743 972 807 idem
997 762 1133 809 numero

201 832 336 919 reparari
359 853 420 897 non
445 847 554 919 potest.
578 832 639 897 Sed
677 832 780 896 divina
813 833 920 907 virtus,
964 852 1044 917 quae
1078 852 1133 898 res

201 920 345 1005 produxit
367 922 396 986 in
421 942 499 999 esse,
521 924 564 987 sie
584 942 645 1008 per
679 936 822 985 naturum
862 934 1007 1007 operatur
1042 922 1133 1006 quod

200 1010 317 1095 absque
340 1029 376 1073 ea
400 1010 543 1083 ellectum
578 1025 706 1075 naturae
740 1010 914 1095 producere
950 1022 1061 1095 potest,
1095 1026 1134 1075 ut

200 1099 342 1184 superius
366 1098 411 1183 (l.
437 1100 467 1177 5,
492 1120 519 1165 e.
543 1099 611 1185 99)
637 1113 798 1163 ostensum
833 1112 890 1174 est;
911 1098 1020 1179 unde,
1054 1118 1129 1163 eum

201 1187 297 1252 uirtus
320 1187 428 1251 divina·
445 1203 569 1252 maneat
597 1188 719 1266 eadem,
741 1189 834 1256 etiam
860 1188 952 1253 rebus
963 1188 1131 1273 corruptis,

200 1289 300 1361 potest
322 1288 466 1363 corrupta
489 1278 521 1341 in
545 1278 699 1361 integrum
725 1296 878 1360 reparare.

268 1364 359 1445 Quod
384 1385 457 1429 voro
481 1366 619 1431 seeundo
644 1364 847 1450 objiciebatur
886 1364 1037 1451 impedire
1061 1384 1126 1429 non

202 1467 300 1536 potest
323 1454 396 1539 quin
421 1454 516 1519 borno
540 1454 622 1519 idem
648 1465 785 1518 ‘numero
821 1473 984 1537 resurgere
1020 1456 1129 1539 possit.

200 1540 325 1607 Nullum
364 1543 447 1610 eninr
482 1543 705 1629 principiorum
742 1542 954 1613 essentialium
991 1542 1131 1608 bominis

202 1651 256 1717 per
281 1642 413 1696 mortem
438 1634 566 1697 omnino
590 1632 671 1696 eadit
695 1633 725 1695 in
749 1631 891 1709 nibilum3
926 1652 998 1695 nam
1022 1630 1129 1697 anima

202 1720 369 1795 rationalis,
393 1740 472 1806 qnae
496 1735 542 1786 est
565 1719 664 1785 lorma
679 1721 824 1798 bominis,
837 1735 942 1785 manet
955 1733 1027 1805 post
1042 1740 1129 1784 mor·

201 1822 275 1883 tem,
300 1823 333 1873 ut
355 1810 499 1895 superius
523 1824 568 1874 est
591 1825 748 1874 ostensum
774 1808 820 1893 (l.
844 1811 876 1885 ἢ,
900 1830 926 1873 e.
955 1808 1035 1892 79);
1059 1828 1131 1873 ma·

201 1898 275 1963 teria
299 1897 391 1961 etiam
417 1911 521 1963 manet
544 1918 624 1983 quae
658 1898 710 1963 tali
746 1898 865 1964 lormae
898 1896 954 1963 luit
989 1896 1129 1983 subjecta

199 1985 258 2052 sub
282 1986 526 2054 dimensionibus
550 1988 668 2052 eisdem
704 2009 741 2052 ex
775 1988 887 2074 quibus
923 1986 1058 2052 babebat
1093 2002 1130 2052 ut

201 2091 280 2146 esset
303 2076 497 2142 individualis
533 2077 673 2142 materia.
707 2077 750 2141 Er
783 2076 1000 2161 conjunctione
1034 2075 1130 2160 igitur

200 2163 339 2248 ejusdem
364 2165 486 2230 animae
510 2186 644 2230 numero
668 2166 707 2231 ad
730 2165 872 2230 eamdem
896 2165 1057 2230 materiam
1071 2185 1128 2230 nu·

201 2273 299 2330 mero,
324 2254 418 2317 borno
442 2275 521 2319 unus
546 2275 677 2319 numero
702 2255 902 2340 reparabitur.
931 2253 1128 2339 Corporeitas

200 2356 302 2406 autem
327 2342 490 2428 dupliciter
513 2344 608 2429 aooipi
634 2358 743 2430 potest:
776 2379 822 2392 -
860 2342 925 2407 Uno
948 2342 1055 2418 modo,
1077 2361 1128 2406 se·

199 2432 336 2496 eundum
361 2431 443 2516 quod
468 2446 513 2496 est
530 2432 628 2496 lormtt
644 2432 853 2497 substantialis
868 2430 1019 2516 eorporis,
1036 2443 1129 2516 prout

200 2520 230 2584 in
255 2538 369 2604 genere
394 2520 583 2584 substantiae
606 2521 787 2598 collocatum
811 2533 842 2584 et
864 2521 907 2584 sie
938 2518 1128 2605 corporeitas

199 2607 422 2692 cujuscumque
446 2611 583 2696 corporis
606 2610 681 2674 nibil
705 2625 752 2675 est
775 2609 858 2674 aliud
895 2628 989 2694 quarn
1026 2607 1128 2672 forma

198 2695 406 2761 substantialis
431 2698 508 2782 ejus,
542 2698 714 2763 seeundum
749 2718 843 2784 qnam
879 2698 910 2762 in
947 2715 1062 2780 genere
1096 2709 1129 2760 et

199 2788 301 2871 speeie
325 2784 512 2865 collocatum
526 2807 563 2850 ex
584 2807 644 2872 qua
670 2785 802 2852 debetur
819 2788 862 2852 rei
875 2784 1029 2873 corporali
1042 2785 1128 2870 quod

199 2873 311 2938 babeat
335 2888 396 2938 tres
420 2874 640 2956 dimensiones.
663 2875 730 2940 Non
760 2876 845 2939 enim
880 2889 951 2939 sunt
985 2872 1128 2939 diversae

198 2959 317 3026 formae
340 2962 556 3028 substantiales
580 2964 611 3028 in
635 2984 699 3028 uno
721 2978 752 3028 et
774 2964 898 3041 eodem,
922 2983 977 3050 per
993 2982 1128 3047 quarum

199 3049 293 3118 unam
316 3051 486 3117 oolloeatur
509 3056 539 3116 in
556 3072 672 3136 genere
696 3055 848 3139 proximo,
872 3067 944 3138 puta
961 3053 992 3115 in
1008 3070 1128 3135 genere

197 3141 366 3226 corporalis
390 3140 437 3205 vel
460 3141 611 3220 animalis,
635 3156 666 3205 et
689 3162 744 3228 per
767 3141 859 3205 aliam
877 3143 908 3205 in
921 3140 1035 3225 speeie,
1051 3152 1127 3224 puta

198 3229 332 3294 bominis
356 3244 407 3293 aut
430 3230 512 3315 equi;
536 3231 619 3315 quia,
642 3231 668 3294 si
692 3231 789 3317 prime
814 3228 911 3294 lorma
929 3228 1127 3293 laceretesse

109 3385 111 3389 ,
197 3317 409 3396 substantiam,
441 3332 605 3403 sequentes
641 3317 759 3383 lormae
791 3317 855 3403 jam
881 3317 1075 3392 {advenirent
1098 3317 1128 3382 el

197 3406 280 3492 quod
305 3421 350 3470 est
374 3408 432 3470 boo
454 3406 571 3492 aliquid
594 3411 624 3471 in
638 3423 707 3472 aetu
725 3423 755 3473 et
770 3409 939 3472 subsistens
956 3405 987 3468 in
1003 3418 1128 3482 natura,

197 3494 296 3560 etsie
320 3494 506 3580 posteriores
530 3493 650 3563 lorma'e
673 3518 735 3565 uon
759 3495 897 3564 lacerent
924 3496 982 3561 boo
998 3493 1129 3581 aliquid,
