2484 3975
427 231 483 277 tta.
506 232 546 279 tv.
571 229 636 277 etr.
659 232 698 277 ιιι.
975 209 1030 286 tit,

103 311 184 379 aeiu,
205 296 261 365 aeti
283 298 375 367 etiarn
398 300 437 367 sit
459 300 524 386 ipae
547 313 633 367 eetns
655 318 763 385 purus,
784 309 819 365 ut
855 296 1022 383 probatum

104 402 150 455 est
173 386 211 471 (l.
236 388 266 466 l,
287 408 314 453 ε.
342 387 406 471 lb),
428 401 550 473 oportet
565 388 651 473 quoti
666 387 837 458 substantia
851 387 1026 458 intellectus
1089 460 1097 468 a

104 477 199 545 diuini
221 478 260 543 sit
283 476 384 562 ipsum
406 497 498 543 suurn
522 476 705 562 intelligere,
741 475 827 562 quod
859 491 906 545 εει
939 490 1026 543 aetus

102 565 286 633 intelleetus.
310 565 382 631 Esse
405 578 508 633 antem
534 564 619 631 verbi
643 566 771 631 interius
795 566 936 652 oenoepti
960 566 1027 633 sire

103 654 281 721 intentionis
319 654 492 721 intellectae
529 668 575 721 εει
613 654 717 741 ipsum
757 675 849 722 suum
887 654 1027 740 intelligi.

103 742 190 809 idem
211 762 287 827 ergo
309 762 377 810 esse
400 756 445 811 est
458 743 541 809 verbi
566 743 660 809 divini
683 756 715 809 et
731 743 906 810 intellectus
919 742 1029 821 divini,

103 845 135 897 et
157 852 213 917 per
234 851 427 917 consequens
449 831 544 913 ipsias
567 832 639 910 Dei,
669 833 721 919 qui
745 845 793 899 est
827 853 903 899 auus
935 831 1029 897 intel·

103 919 211 987 leetus.
234 920 307 988 Esse
328 934 429 989 autem
454 921 511 987 Dei
534 936 587 999 est
604 921 672 1007 ejus
694 922 827 987 essentie
843 920 1027 995 velnatnra,

104 1028 185 1093 qnae
208 1007 290 1076 idem
313 1010 465 1095 estquod
488 1011 553 1097 ipse
591 1010 685 1087 Deus.
720 1022 753 1077 ui
787 1022 946 1079 ostensum
980 1022 1029 1077 est

104 1095 140 1179 (i.
167 1098 197 1175 l,
217 1116 244 1165 e.
269 1092 335 1177 ii).
359 1096 494 1165 Verbum
518 1100 609 1184 igitur
645 1099 703 1165 Dei
740 1111 786 1167 εει
819 1100 921 1183 ipsum
959 1118 1028 1167 εειε

104 1184 241 1255 divinum
265 1201 296 1253 et
318 1188 448 1255 essentia
472 1186 539 1271 ejus
563 1201 593 1253 et
616 1186 683 1274 ipse
705 1208 798 1255 uerus
826 1186 923 1255 Deus.

170 1274 237 1343 Non
261 1288 364 1343 eutem
387 1275 431 1341 sie
453 1289 500 1343 est
521 1276 560 1341 tie
583 1276 679 1343 verbo
701 1274 1029 1344 intellectuabumani.

103 1360 180 1433 Corn
203 1364 286 1433 enim
311 1364 482 1432 intellectus
505 1378 609 1433 noster
623 1365 760 1451 seipsum
774 1365 926 1450 inteiligit,
942 1364 1028 1432 eiiuti

103 1466 240 1521 estesse
263 1452 435 1519 intellectus
459 1467 489 1519 et
512 1453 594 1519 aliutl
619 1454 719 1539 ipsum
742 1453 809 1539 ejus
843 1455 1026 1539 intelligere:

101 1540 271 1609 substantie
293 1542 378 1609 enim
402 1542 572 1609 intellectus
596 1542 715 1607 eratin
756 1544 891 1628 potentia
913 1542 1028 1610 intelli·

102 1650 179 1715 gens
202 1645 368 1715 enteqnnm
392 1629 577 1715 intelligeret
599 1645 678 1695 aetu.
691 1630 836 1716 Sequitur
851 1650 927 1716 ergo
941 1630 1028 1718 quod

103 1718 189 1787 aliud
209 1720 248 1785 sit
270 1738 337 1787 esse
361 1719 540 1785 intentionis
565 1720 738 1787 intellectae
762 1733 793 1787 et
808 1720 893 1787 aliud
909 1720 1029 1787 intelle·

103 1821 171 1875 etus
193 1807 298 1891 ipsius,
321 1828 392 1873 enm
417 1808 594 1875 intentionis
616 1809 792 1877 intellectae
828 1829 897 1875 esse
918 1811 957 1875 sit
979 1809 1027 1895 ip·

103 1917 173 1961 sum
197 1895 334 1979 intelligi.
360 1894 447 1964 Unde
470 1912 592 1983 oportet
615 1898 709 1984 quod,
732 1899 764 1965 in
794 1898 922 1967 bomine
937 1898 1030 1965 intel·

103 1984 217 2069 ligente
241 1985 388 2070 seipsum,
411 1989 541 2055 verbum
579 1989 707 2054 interius
744 2002 926 2073 eoneeptnrn
961 2008 1025 2054 non

102 2074 142 2140 sit
165 2075 260 2141 homo
284 2091 384 2149 verua,
408 2077 547 2147 naturale
569 2077 704 2142 bominis
726 2096 794 2142 ease
817 2077 946 2155 babens,
968 2076 1024 2144 sed

102 2161 142 2230 sit
164 2162 260 2228 bomo
283 2162 454 2232 intellectus
478 2178 607 2241 tontum,
629 2165 718 2250 quasi
740 2165 897 2252 quaedam
919 2164 1029 2232 simili·

103 2250 179 2318 tudo
204 2250 339 2320 hominia
362 2254 425 2318 veri
449 2254 488 2320 ab
512 2253 670 2322 intelieetu
693 2256 899 2341 apprehense.
923 2253 1028 2340 ipsum

105 2360 178 2405 vero
198 2340 327 2404 verbum
350 2340 420 2418 Dei,
443 2361 480 2408 er
504 2343 563 2410 hoo
586 2343 653 2429 ipso
681 2343 766 2428 quod
804 2355 850 2407 εει
874 2343 957 2409 Deus
980 2344 1028 2408 in·

104 2427 255 2506 telleotus,
278 2441 325 2494 est
348 2449 438 2494 verus
475 2430 560 2496 Deus
595 2431 714 2498 itabens
746 2431 926 2497 naturaiiter
958 2449 1029 2496 etse

107 2515 259 2595 divinum,
281 2537 320 2582 eo
343 2516 428 2602 qnod
451 2539 512 2583 non
535 2529 582 2582 εει
604 2519 688 2586 aliud
713 2518 854 2586 naturale
880 2538 948 2584 εεεε
970 2520 1028 2588 Dei

107 2617 139 2678 et
162 2605 245 2672 aiiutl
268 2605 335 2690 ejus
358 2604 540 2690 intelligere,
564 2619 597 2670 ιιι
631 2605 748 2675 dietum
782 2620 839 2674 est.
873 2607 952 2674 Hine
983 2622 1030 2676 εει

106 2693 192 2780 quod
215 2693 335 2760 dieitur:
362 2695 444 2760 Deua
467 2706 535 2760 eret
565 2694 706 2773 Verium,
726 2697 829 2773 loeo..
845 2695 876 2774 i,
894 2697 923 2775 ις
945 2697 1031 2784 qnod

107 2783 179 2866 qrtia
202 2782 341 2852 absolute
364 2783 484 2861 dieitur,
497 2784 687 2850 demonstrat
698 2784 834 2851 Verbum
848 2785 904 2852 Dei
921 2806 1031 2854 terum

106 2871 209 2940 Deum
233 2871 347 2938 debere
371 2872 508 2958 intelligi.
532 2873 668 2940 Verbum
700 2875 783 2940 enirn
809 2873 944 2942 bominis
966 2896 1033 2942 non

107 2972 211 3046 postet
234 2960 293 3026 diei
315 2961 493 3045 simpliciter
517 2975 547 3028 et
570 2961 830 3041 obsolutehomo,
846 2964 901 3031 εει
918 2985 1032 3032 εεειιιι-

108 3047 185 3114 dum
219 3049 304 3134 quid,
338 3050 454 3118 scilieet
488 3051 581 3116 borno
617 3051 800 3126 intelieetus;
837 3053 921 3118 node
954 3053 1034 3120 haee

109 3136 308 3225 (propositio)
332 3136 406 3205 laisa
429 3151 518 3206 esset:
542 3140 642 3205 Homo
664 3151 709 3204 eat
731 3138 870 3217 uerbum
883 3140 939 3206 sed
956 3140 1034 3208 liaeo

110 3238 211 3312 potest
233 3245 300 3296 etse
324 3247 404 3292 vere:
428 3228 527 3296 Homo
548 3229 722 3292 intellectus
744 3227 937 3298 eatoeritttot.
953 3227 1034 3296 Cum

111 3333 186 3398 ergo
209 3313 329 3384 dieitur:
355 3315 437 3382 Deua
459 3329 529 3384 erat
557 3316 699 3395 Verbum,
710 3317 883 3384 ostenditur
896 3317 1034 3385 Verbum

111 3401 251 3470 diuinum
274 3424 337 3470 non
359 3404 460 3472 solum
483 3425 551 3472 esse
589 3406 794 3472 intentionem
832 3406 1030 3482 intellectam,

112 3491 189 3562 tiout
211 3490 343 3562 terbum
365 3505 516 3574 nostrum,
545 3494 600 3562 εει
627 3495 721 3563 etiam
756 3514 824 3562 rem
857 3495 889 3564 iu
922 3510 1033 3564 natura
