2484 3975
438 247 554 314 nnat.
579 268 643 315 cte.
668 269 715 312 tv.
984 251 1048 316 9⁹29
1100 259 1103 262 '

130 349 194 400 tum
219 348 382 422 praecepta
406 351 437 401 et
476 336 659 402 documenta
698 334 831 423 perfecta
869 335 1049 404 hominibus
1080 402 1093 426 s

67 442 73 448 ·
131 425 231 490 danda
255 438 353 489 erant.
377 426 515 512 Requirit
537 441 640 492 autern
666 426 725 490 hoc
740 425 875 490 conditio
892 427 1049 493 humanae

131 526 259 578 naturae
281 514 365 598 qnod
389 534 451 579 non
486 516 587 580 statim
626 513 664 578 ad
704 512 872 599 perfectum
908 509 1050 589 ducatur,
1120 538 1121 542 ¹

129 603 184 667 sed
197 603 424 668 manuducatur
448 622 503 689 per
525 602 704 689 imperfecta
722 617 755 666 ut
771 602 808 666 ad
830 602 1049 688 perfectionem

130 693 297 774 pervenire
320 693 405 778 qttod
428 706 459 756 et
481 694 511 756 itt
536 693 736 758 instructione
759 708 928 776 puerorum
963 694 1049 758 vide-

129 800 209 857 mus,
232 782 284 864 qtti
309 782 410 867 primo
447 781 487 845 de
525 780 660 846 minimis
695 781 898 857 instruuntur,
936 803 1050 850 nama

130 870 280 955 principio
303 870 435 956 perfecta
459 888 571 946 capere
593 891 655 934 non
680 868 790 933 valent:
803 869 943 936 similiter
956 873 1050 938 etiam

130 959 154 1021 si
180 958 271 1022 aiicui
295 959 481 1024 multitudini
506 960 606 1044 atique
631 957 766 1022 inaudita
803 975 1050 1043 proponerentur

133 1060 163 1110 ct
185 1064 310 1127 magna,
332 1067 394 1112 non
417 1049 518 1112 statim
541 1061 677 1134 caperet,
702 1046 758 1111 nisi
781 1047 820 1110 ad
844 1063 1050 1114 consenesce-

134 1149 181 1199 ret
204 1136 288 1221 prius
311 1157 365 1220 per
387 1137 488 1221 aliqua
515 1139 644 1201 minora.
669 1136 718 1200 Sic
743 1135 835 1219 igitur
863 1139 1050 1204 conveniens

134 1221 190 1290 soit
212 1245 228 1286 a
253 1226 400 1309 principio
425 1241 456 1288 nt
480 1227 651 1290 humanum
675 1242 773 1310 genus
794 1225 1048 1292 instrueretnrdc

134 1311 180 1376 his
202 1327 281 1397 quae
302 1316 454 1398 pertinent
488 1315 526 1378 ad
566 1332 653 1378 suam
688 1313 818 1378 satutem
854 1332 908 1398 per
945 1315 1046 1401 aliqua

132 1399 209 1464 levia
233 1412 262 1465 ct
286 1404 405 1466 minora
428 1403 624 1475 documenta,
650 1421 704 1488 per
738 1402 928 1468 Patriamitas
952 1418 982 1468 et
1004 1405 1049 1470 lc-

131 1505 202 1571 gem
226 1505 256 1553 ct
280 1490 460 1577 Prophetae
482 1503 513 1555 et
540 1493 676 1565 tandem,
714 1491 746 1554 in
783 1493 1051 1559 consummatione

132 1591 318 1659 temporum,
342 1579 474 1665 perfecta
498 1575 636 1645 doctrina
650 1578 759 1644 Christi
773 1595 997 1664 proponeretur
1021 1583 1052 1646 in

132 1667 231 1743 terris,
254 1669 425 1732 secundnm
450 1667 534 1752 qood
558 1669 720 1755 Apostolus
744 1668 826 1731 dicit:
844 1672 894 1747 Ar,
907 1667 1056 1736 obturarit

131 1756 291 1837 plenitudo
316 1758 471 1840 temporis,
506 1759 591 1822 mitit
626 1753 708 1822 Deos
747 1757 863 1821 Fidium
901 1779 990 1822 eoum
1023 1759 1056 1824 in

133 1843 369 1922 mirandulae,
395 1847 426 1923 d,
450 1846 482 1924 43
516 1862 546 1910 et
583 1847 700 1912 ibidem
739 1843 850 1910 dicitur
885 1847 969 1932 qnod
1007 1850 1057 1914 icc

129 1933 338 2019 poedapopus
360 1947 465 2000 noster
486 1936 547 2021 fttt't
576 1938 608 2000 in
647 1935 785 2010 Cirrirt03
822 1937 877 1999 scd
902 1938 974 2021 jum
995 1957 1058 2002 non

132 2042 238 2087 sumus
262 2023 318 2087 sub
338 2026 528 2109 paedopopo‚
551 2025 662 2102 Galat,
688 2026 719 2101 3,
754 2024 864 2089 itt-ao.
899 2025 998 2090 Simul
1022 2047 1057 2091 e·

134 2111 207 2175 tiam
233 2114 493 2177 considerandum
518 2116 684 2200 estquod,
709 2114 786 2177 sicut
810 2114 975 2180 adtentum
988 2136 1054 2181 tna-

133 2200 185 2282 gni
210 2202 291 2284 regis
319 2216 440 2287 oportet
464 2203 582 2289 aliquos
620 2205 744 2268 nuutios
779 2204 975 2289 praecedere,
1021 2218 1055 2270 ut

134 2303 357 2375 praeparentur
382 2290 494 2355 subditi
519 2292 557 2355 ad
579 2294 657 2356 eum'
679 2291 867 2357 reverentius
883 2292 1050 2377 suscipien-

132 2376 221 2455 dum,
245 2379 285 2441 ita
309 2382 445 2465 oportuit
467 2380 634 2445 adrentum
659 2380 715 2445 Dei
754 2380 783 2443 in
821 2396 915 2446 terras
953 2381 1050 2449 muita

138 2467 325 2549 praecedere
347 2468 460 2551 quibus
486 2469 626 2533 homines
651 2483 751 2533 essent
773 2472 866 2553 parati
906 2488 922 2533 a
946 2468 1049 2536 Deum

108 2609 111 2614 .
135 2554 327 2619 incarnatum
350 2558 592 2641 suscipiendum,
614 2558 697 2642 qood
721 2557 846 2641 quident
862 2557 974 2622 iactum
1003 2574 1050 2625 est

92 2716 94 2718 ,
132 2640 220 2718 dnm,
251 2663 307 2729 per
344 2646 557 2730 praecedentia
596 2646 746 2731 promissa
784 2658 814 2708 et
851 2646 1049 2724 documenta,

133 2730 296 2795 hominurn
321 2748 440 2798 mentes
462 2734 628 2819 dispositae
651 2748 722 2799 sunt
745 2746 777 2797 ut
801 2732 915 2800 iaciiius
931 2737 958 2800 ei
982 2756 1050 2801 cre-

132 2818 243 2883 derent
266 2821 319 2906 qni
342 2835 413 2885 ante
437 2825 666 2907 praenuntiatus
689 2836 805 2899 enatet
829 2824 1052 2893 desiderantius

133 2909 342 2993 susciperetur
366 2926 490 2997 propter
514 2915 614 2997 priora
641 2913 799 2997 promissa.

200 2998 245 3074 Et,
268 2998 337 3063 iicet
373 3000 522 3064 adventus
556 3002 612 3065 Dei
648 3000 796 3065 incarnati
836 3000 866 3063 in
902 3004 1055 3069 mundum

134 3099 215 3149 esset
239 3086 372 3152 maxime
395 3088 588 3153 necessarios
625 3090 779 3153 humanae
813 3090 912 3169 saluti,
952 3107 1057 3159 tamen

133 3194 196 3237 non
221 3173 276 3239 init
300 3178 511 3241 necessarium
534 3178 617 3262 qnod
643 3177 801 3264 usquead
826 3176 917 3243 finem
949 3180 1058 3247 mnndi

131 3282 207 3326 eum
232 3264 412 3330 inominibns
436 3280 679 3342 conversaretur,
703 3281 734 3331 nt
758 3266 876 3330 decima
894 3270 971 3335 ratio
989 3292 1060 3355 pro·

136 3352 280 3435 ponebat.
317 3354 380 3418 Hoc
414 3356 496 3418 eninr
535 3354 712 3440 derogasset
744 3357 933 3423 reverentiae
965 3380 1059 3445 qoam

134 3439 277 3505 homines
300 3441 454 3507 debebant
479 3443 544 3507 Deo
582 3445 741 3508 incarnato
776 3446 934 3522 exhibere,
969 3450 1056 3526 dnm;

136 3526 277 3596 ridentes
300 3532 400 3619 ipsum
423 3552 517 3598 carne
540 3534 684 3601 indutum
709 3530 775 3599 aliis
814 3532 990 3603 hominibus
1014 3540 1054 3603 si-
