2484 3975
458 241 496 285 ns
519 242 706 288 rnsssurtnts
980 222 1039 288 601

125 311 178 378 illa
201 309 347 398 particula
370 311 523 377 successio
547 312 594 377 rel
617 310 806 377 continuatio
829 310 942 396 aliquo,
972 332 1043 376 cum

127 418 247 487 tempus
269 399 345 482 illud
369 421 430 467 non
446 399 485 464 sit
500 399 643 466 accidens
659 399 787 483 alicujus
803 399 835 465 in
850 401 1047 466 successione

126 504 156 558 et
178 489 377 554 continuitate
400 488 567 561 existentis,
591 503 625 554 ut
647 489 763 553 dictum
779 501 835 552 est.
851 489 1046 555 Manifestum

126 594 171 646 est
193 598 268 662 ergo
291 579 374 662 quod
398 579 611 644 universaliter·
633 597 728 644 omne
762 590 882 662 tempus
910 578 1047 644 consistit

126 667 328 736 essentialiter
350 670 381 733 in
405 667 539 750 quadarn
564 689 688 734 morosa
711 669 916 733 successione.
933 667 1048 732 Accidit

126 769 229 823 autem
252 757 280 820 ei
304 756 387 840 quod
411 757 461 821 illa
479 761 633 824 successio
648 759 686 821 sit
709 755 854 822 continua
870 756 919 821 rel
932 756 1050 821 discre-

126 861 166 923 ta‚
189 846 307 910 ratione
330 865 438 911 eorum
462 847 574 930 quibus
597 845 941 933 applicatur.Discretio
964 845 1048 910 enim

124 935 175 1000 itta
198 953 278 1021 quae
301 949 346 998 est
369 935 517 1019 temporis
540 937 572 1000 in
596 934 721 1020 Angelis
744 947 877 999 nonest
911 933 978 1018 ejus
1016 947 1049 998 ut

127 1043 274 1088 numerus
296 1043 358 1106 quo
382 1037 561 1090 numeratur
584 1027 673 1105 (noc
696 1025 780 1089 enim
803 1037 850 1087 est
872 1022 1048 1088 absolutum

127 1133 143 1176 n
157 1112 329 1198 tempore);
340 1113 395 1176 scd
409 1127 530 1198 tempus
544 1114 717 1180 ltnbcteum
730 1112 953 1178 coactionibus
968 1131 1048 1197 quae

126 1200 183 1266 sibi
206 1200 374 1266 succedunt
397 1204 464 1267 sinc
488 1203 602 1269 medio.

468 1379 636 1446 CAPUT
672 1382 707 1446 ll.

186 1557 327 1637 Qualiter
343 1560 374 1622 in
388 1571 449 1622 toto
474 1571 607 1642 tempore
630 1571 676 1625 est
697 1561 817 1624 instans
839 1557 923 1621 idem
945 1579 990 1637 re,

404 1647 551 1732 differens
572 1651 604 1714 in
625 1650 756 1715 ratione.

136 1881 140 1888 ,
196 1824 282 1888 Nunc
305 1845 378 1890 vero
402 1826 440 1891 de
464 1827 535 1912 ipsis
559 1826 741 1892 instantibus
770 1839 909 1912 superest
946 1845 1049 1910 agere.

195 1913 362 1980 Sciendum
386 1930 432 1980 est
453 1937 528 2002 ergo
552 1916 648 2004 quod,
669 1917 748 1981 sicut
786 1929 918 2001 punctus
940 1935 975 1980 se
998 1914 1052 1979 lta·

128 2004 180 2070 bct
202 2003 240 2067 ad
265 2004 388 2081 lineum,
411 2006 452 2071 ita
474 2028 508 2070 sc
532 2006 626 2071 habet
648 2028 728 2071 nunc
751 2003 790 2069 ad
815 2018 945 2090 tompus.
970 2003 1050 2069 Geo-

129 2108 245 2159 metras
269 2108 371 2159 sutem
407 2094 613 2177 imaginantur
653 2107 801 2182 punctum
836 2114 892 2179 per
931 2107 1050 2161 motum

129 2203 219 2248 suum
244 2202 369 2248 causare
392 2182 516 2260 lineam;
540 2205 672 2267 quorum
697 2182 774 2247 ratio
797 2197 842 2247 cst
875 2180 945 2267 quia
969 2181 1050 2246 linea

129 2293 192 2336 uon
216 2271 307 2335 habet
331 2274 387 2336 niti
413 2294 505 2337 unam
530 2273 767 2345 dimensionem,
795 2270 878 2334 tunde
916 2268 1051 2334 indivisi-

129 2359 199 2425 bilis
222 2374 267 2423 est
290 2360 459 2426 secundum
480 2361 578 2426 ¹lutum
617 2375 648 2425 et
682 2357 883 2446 profundum3
917 2372 947 2421 et
982 2358 1051 2423 ideo

131 2469 193 2517 non
219 2459 264 2513 est
286 2450 318 2513 in
340 2450 420 2514 linea
445 2450 527 2515 unde
551 2463 698 2536 punctum
720 2448 863 2513 excedet.
882 2452 912 2513 in
947 2447 1052 2512 latum.

130 2536 207 2603 Cum
231 2550 334 2601 autem
360 2540 389 2603 in
414 2537 541 2621 longum
566 2538 646 2603 lines
670 2537 798 2603 excedat
836 2550 993 2622 punctum,
1028 2537 1053 2601 si

131 2626 337 2710 imaginemur
360 2641 505 2713 punctum
530 2627 699 2712 quiescere,
713 2647 774 2692 non
789 2625 957 2711 poterimus
977 2625 1053 2689 imn-

130 2716 229 2799 giuari
253 2712 354 2801 ipsum
378 2736 444 2779 csse
468 2736 590 2781 causam
615 2716 726 2786 lineuct
748 2716 771 2781 si
797 2734 869 2779 vero
901 2713 1053 2797 ininginc-

130 2822 201 2867 mur
224 2804 323 2887 ipsum
349 2804 559 2885 moreri‚licet
584 2806 615 2868 in
640 2806 705 2890 ipso
729 2803 815 2868 nullu
839 2802 877 2867 sit
901 2801 1052 2867 dimensio

131 2911 189 2957 nec
212 2891 314 2979 aliqua
337 2892 444 2957 divisio
485 2914 541 2980 per
577 2910 783 2979 consequeus,
820 2911 875 2978 per
912 2904 1053 2955 naturam

132 2997 234 3045 tamen
275 2993 376 3045 motus
398 2983 444 3054 sui
468 2982 651 3067 relinquitur
685 2978 799 3064 aliquid
835 2978 994 3043 divisibile.
1019 2979 1054 3043 Et

131 3070 203 3153 quia
228 3084 359 3155 punctus
384 3091 444 3134 non
470 3070 559 3135 hahet
581 3090 709 3135 causare
732 3069 845 3135 lineam
869 3068 926 3131 nisi
943 3088 1054 3133 secun-

132 3158 207 3222 dum
235 3158 318 3243 quod
342 3157 423 3222 linea
457 3172 540 3223 caret
574 3158 735 3223 latitudine
769 3171 800 3221 ct
835 3154 1054 3243 profunditate,

131 3266 194 3310 non
219 3259 321 3311 nutem
358 3246 528 3311 secundum
565 3247 647 3331 quod
688 3245 782 3311 habet
818 3243 1055 3328 longitudinem,

133 3333 217 3412 ideo,
239 3356 275 3399 ex
299 3350 406 3399 notura
431 3349 532 3399 motus
566 3337 624 3410 sui,
658 3335 742 3421 quod
776 3332 958 3418 relinquitur
997 3334 1054 3396 erit

134 3422 356 3489 dimensionnle
391 3444 450 3487 una
486 3424 688 3504 dimensione,
722 3437 752 3487 et
786 3422 845 3487 tale
881 3424 1054 3485 necessario

134 3512 191 3577 crit
214 3511 305 3579 linea.
329 3512 382 3578 llle
406 3525 508 3579 tamen
532 3526 664 3601 punctus
697 3510 773 3577 nihil
807 3524 853 3575 est
887 3510 926 3575 de
960 3509 1053 3597 ipsius
