2484 3975
193 206 240 271 'i0
476 226 531 271 um.
557 224 596 271 tv.
619 222 726 272 otest.
750 225 793 271 ur*
808 224 840 271 ιι.

190 292 357 360 Probanda
382 294 466 361 enim
489 307 560 360 sunt
583 294 761 380 hujusmodi
794 291 1113 364 auctoritate-sacrae

190 384 379 470 Scripturas,
401 402 466 449 uon
489 397 594 451 autem
619 385 739 450 ratione
762 384 906 458 naturaii;
928 384 988 451 sed·
1008 399 1110 451 tamen

191 470 418 539 ostendendum
443 485 488 538 est
522 473 618 575 quod·
628 474 739 539 rationi
774 472 906 539 naturali
942 494 1006 539 non
1038 488 1115 541 sunt

188 562 338 663 opposita,
352 573 384 625 ut
397 562 457 627 ab
449 562 682 647 impugnatione
705 561 877 628 infidelium
893 560 1110 639 defendentum

189 650 243 736 qui
266 649 359 715 etiam
383 650 528 717 modus
521 671 551 714 m
577 651 727 741 principio
750 649 842 737 hujus
864 650 965 737 operis
981 652 1111 738 praede
1116 726 1120 733 ,

189 739 372 804 terminatus
385 751 440 804 est.
457 738 538 821 Quia
553 757 628 804 uero
645 740 792 805 naturalis
803 740 884 805 ratio
893 755 1116 844 percreatums

188 827 222 893 in
245 827 302 893 Dei
327 828 539 912 cognitionem
563 827 712 906 ascendit,
734 828 807 893 fidei
831 848 905 895 tero
937 830 1071 915 cognitio
1094 850 1114 896 a

193 916 292 982 Deo
286 939 316 981 m
330 936 385 981 nos
408 936 426 980 e
449 935 600 981 converso
624 914 726 981 drarna
739 917 926 983 revelatione
940 916 1107 998 descendit,

195 1017 240 1071 cst
264 1019 367 1070 autem
390 1004 499 1069 eadem
522 1005 570 1069 via
595 1018 783 1070 ascensuset
797 1003 1111 1109 descensus‚oporte't

194 1091 303 1160 eadem
326 1094 376 1158 via
399 1092 598 1179 procedere
590 1114 621 1158 m
646 1092 795 1179 hisquae
828 1114 921 1179 supra
959 1095 1110 1161 rationem

193 1181 372 1255 creduntur,
395 1200 479 1284 qua
490 1182 522 1247 in
544 1181 756 1268 superioribus
777 1201 957 1268 processum
969 1198 1015 1249 ast
1030 1186 1110 1250 circa

193 1290 230 1337 ea
253 1290 333 1353 uuae
355 1272 474 1335 ratione
498 1271 717 1355 investigantur
739 1270 779 1335 de
801 1270 877 1336 Deo.

261 1359 299 1423 Ut
321 1359 421 1445 primo
444 1358 558 1425 scilicet
581 1379 617 1424 ee
652 1372 818 1425 tractentur
854 1378 934 1445 quae
969 1358 1051 1425 de
1043 1382 1110 1464 ipso

192 1447 261 1513 Deo
285 1468 378 1533 supra
403 1447 554 1513 rationem
590 1445 744 1514 credenda
775 1460 1000 1536 proponuntur,
1034 1451 1112 1517 sicut

193 1549 240 1602 est
262 1536 414 1603 consessio
438 1536 593 1603 Trinitatis
617 1537 659 1621 (c
682 1537 786 1622 wit)

258 1624 400 1691 Secundo
423 1638 537 1705 autem,
561 1626 599 1690 de
629 1625 677 1691 his
699 1646 778 1712 quae
800 1646 892 1711 supra
916 1626 1067 1692 rationem
1090 1648 1108 1692 a

190 1713 263 1777 Deo
280 1728 352 1780 snm
375 1712 464 1793 iacta,
486 1715 564 1780 sieut
598 1735 676 1801 opus
709 1716 928 1781 incarnationis
965 1728 996 1781 et
1029 1736 1108 1801 quae
1152 1730 1154 1734 ’

189 1815 361 1888 sequuntur
384 1803 452 1868 ad
427 1823 541 1902 ipsam
567 1803 607 1885 (c
630 1803 685 1869 27-
688 1804 756 1889 78)

257 1890 361 1958 Tertio
386 1894 470 1971 vero,
492 1912 527 1957 ea
552 1912 632 1978 quae
654 1913 747 1978 supra
764 1892 915 1958 rationem
945 1892 977 1956 in
1000 1892 1111 1957 ultimo

190 1979 354 2046 homiuum
389 1980 450 2046 fine
483 1995 709 2068 expectantur
746 1982 825 2047 sicut
862 1982 1046 2048 resurrectio
1079 1995 1112 2046 et

119 2068 122 2078 '
189 2067 372 2152 glorificatio
402 2090 577 2157 corporum,
603 2082 750 2156 perpetua
763 2070 920 2137 beatitudo
936 2071 1110 2135 animarum

190 2169 221 2222 et
253 2177 331 2244 quae
354 2157 401 2224 his
424 2171 703 2225 connectuntur
672 2159 713 2242 t
737 2159 795 2224 79·
796 2159 867 2245 97)

524 2333 696 2400 CAPUT
734 2334 770 2399 ii.

190 2511 279 2592 Quod
300 2513 340 2578 ait
361 2513 527 2597 ponesano,
547 2513 723 2606 poteruntne
745 2524 776 2579 et
796 2511 906 2601 filiatio
929 2512 962 2576 in
984 2513 1108 2578 diuinis.

252 2688 440 2774 Principium
464 2702 567 2754 autem
591 2689 843 2756 considerationis
867 2709 884 2752 a
918 2703 1037 2753 secreto
1060 2687 1108 2752 di·

186 2777 275 2842 vinae
299 2777 505 2862 generationis
528 2791 695 2856 sumentes,
717 2776 791 2864 quid
814 2778 854 2841 de
876 2796 911 2841 ea
935 2776 1108 2842 secundum

185 2885 291 2930 sacrae
315 2864 490 2950 Scripturae
515 2865 702 2932 documenta
738 2865 835 2931 teneri
871 2865 985 2930 debeat
1018 2885 1109 2952 prae·

184 2955 352 3019 mittamus:
370 2953 487 3018 'dehinc
510 2974 583 3020 vern
614 2976 650 3020 ea
685 2973 765 3040 quae
802 2965 907 3019 contra
945 2954 1106 3019 veritatem

184 3042 256 3107 tidei
279 3041 442 3106 infidelitas
465 3042 621 3108 adinvenit
644 3055 825 3128 argumente
847 3062 1010 3126 ponamus3
1026 3063 1104 3127 quo·

184 3151 254 3196 rum
278 3131 429 3196 solutione
451 3130 601 3216 subjecta,
625 3131 716 3218 hujus
738 3130 992 3198 considerationis
1032 3151 1106 3218 pro-b¹

183 3234 318 3306 positum
345 3239 580 3304 consequemur.

250 3308 356 3373 Tradit
379 3308 471 3392 igitur
494 3309 582 3374 nobis
605 3306 699 3373 Sacra
734 3307 891 3393 Scriptura
929 3307 962 3371 in
995 3306 1106 3371 divinia

184 3397 372 3482 paternitatis
394 3411 425 3460 et
454 3395 607 3461 filiationis
642 3396 768 3461 nomina
804 3397 909 3461 desum
948 3393 1108 3460 Christum

186 3485 283 3550 tilium
306 3484 365 3550 Dei
387 3498 571 3563 contestans,
594 3483 679 3570 quod
704 3485 736 3550 iu
758 3485 915 3573 Scriptura
944 3483 1021 3549 Novi
1043 3482 1107 3548 Tea
