2484 3975
300 222 356 267 trs.
381 220 420 267 tv.
448 223 513 269 our.
537 224 613 269 reri.
638 223 673 267 nr
697 223 784 268 reru.
966 202 1031 268 bib

111 291 159 357 rit.
182 288 336 357 iudicium
361 305 462 356 nutem
487 292 674 371 animorum,
688 293 760 378 quio
777 291 816 357 de
830 290 1032 359 invisibilibus

113 394 168 460 est,
192 379 384 445 invisibiliter
407 382 516 462 egitur.
655 451 659 458 ,

178 470 260 533 Licet
283 480 386 533 eutem
411 469 549 535 Christus
572 470 604 534 in
628 469 680 535 illo
703 468 787 533 finali
822 466 940 554 judicio
977 489 1033 535 ou·

112 557 282 624 o'toritutem
306 558 418 623 habeut
437 556 607 641 judicandi,
628 557 811 643 judicabunt
826 557 1033 623 tamensimul

112 668 184 712 oum
209 647 272 723 illo,
294 646 377 711 relut
396 646 509 730 judicis
532 668 712 724 assessores,
735 647 786 733 qui
811 647 839 710 ei
864 666 938 732 pree
964 665 1035 711 eoe-
1114 660 1118 667 ·

112 735 185 801 teris
210 734 425 813 adhaeserunt,
448 736 563 801 scilicet
585 736 732 823 Apostoli,
770 735 882 821 quibus
917 734 1034 800 dictum

112 838 167 889 est:
198 824 265 898 Vos,
288 824 341 907 qui
362 826 459 889 secuti
481 828 554 891 estis
576 846 669 903 me...,
691 825 836 890 sedebitis
870 844 963 906 super
985 845 1033 889 se·

112 913 169 977 cles
185 914 365 997 judicantes
389 914 550 979 duodecim
575 914 672 978 tribus
694 915 805 992 Israel,
842 913 959 990 blettb„
985 912 1035 991 tu,

112 1001 168 1077 983·
189 1022 269 1088 quae
292 1002 455 1087 promissio
479 1004 570 1067 etiarn
594 1003 633 1068 ad
666 1002 733 1069 illos
756 1001 944 1072 ,extenditur
981 1002 1035 1089 qui

113 1090 330 1177 Apostolorum
356 1092 481 1175 vestigio
505 1093 671 1159 imitantur.

409 1221 581 1334 orror
618 1268 733 1336 xovu.

299 1447 344 1511 Dc
366 1458 450 1511 stulu
465 1448 573 1511 ruurrdi
592 1459 667 1531 post
683 1447 848 1531 judicium.

179 1622 308 1689 Peracto
331 1624 424 1709 igitur
447 1623 529 1689 finoli
551 1623 679 1707 judicio,
703 1637 811 1689 notura
835 1625 971 1691 bumana
986 1641 1034 1693 to-

114 1709 214 1777 taliter
237 1713 268 1777 in
291 1733 348 1777 suo
375 1714 505 1777 termino
519 1713 728 1778 constituetur.
745 1714 825 1795 Quin
840 1735 914 1780 vero
929 1718 1033 1783 omniu

110 1800 282 1886 corporolia
295 1799 373 1865 scoto
387 1815 458 1865 sunt
477 1801 710 1887 quodammodo
724 1815 848 1889 propter
864 1804 1034 1883 bominem,

112 1903 147 1955 ut
173 1902 220 1953 est
242 1904 399 1955 ostensum
425 1890 471 1973 (l.
496 1892 527 1964 5,
550 1911 576 1955 c.
601 1890 681 1973 81),
705 1904 778 1956 tuno
813 1892 905 1959 etium
943 1895 1035 1958 totius
1139 1906 1142 1912 '

112 1994 274 2044 creaturae
297 1999 466 2064 corporeae
489 1980 675 2046 conveniens
697 1993 744 2046 est
774 1993 808 2045 ut
844 1995 940 2048 status
976 1984 1035 2047 inr-

110 2082 259 2145 tnutetur‚
281 2083 313 2133 ut
329 2083 478 2153 congruet
492 2069 584 2134 stetui
600 2069 764 2134 hominurn
780 2071 832 2155 qui
850 2085 922 2136 tune
935 2085 1035 2137 erunt.

111 2155 160 2229 Et,
182 2157 253 2241 quio
279 2171 350 2222 tunc
374 2157 515 2222 bornines
539 2157 786 2244 incorruptibiles
809 2172 910 2237 erunt,
931 2181 949 2226 o
973 2174 1035 2226 tota

78 2311 81 2316 ,
111 2258 256 2310 creatura
281 2247 432 2330 corporali
456 2247 579 2312 tolletur
602 2247 809 2329 generationis
820 2263 850 2313 et
866 2249 1036 2336 corruptio·

112 2334 162 2404 uis
185 2341 297 2410 status3'
317 2349 346 2398 et
371 2334 429 2400 boc
451 2348 496 2400 est
519 2334 602 2421 quod
638 2335 712 2400 dicit
749 2336 921 2421 Apostolus,
954 2337 1039 2422 quod
1080 2384 1085 2392 -

112 2424 185 2506 ipsa
209 2435 354 2488 creatura
378 2423 561 2489 liberabitur
585 2446 605 2489 a
642 2424 787 2489 servitute
824 2428 1041 2509 corruptionis,

113 2513 148 2576 in
173 2511 347 2576 libertatern
370 2512 489 2596 ploriae
514 2515 649 2599 filiorum
688 2514 757 2592 Dei,
796 2513 896 2590 Boou,
919 2514 950 2591 8,
988 2516 1041 2580 bl.

114 2598 282 2666 Generatio
309 2614 413 2666 cutem
438 2615 468 2665 et
492 2603 650 2688 corruptio
673 2623 753 2687 quoe
776 2615 822 2668 est
863 2605 893 2668 in
916 2602 1042 2668 inierio·

113 2688 201 2754 ribus
226 2690 420 2774 corporibus,
443 2710 479 2754 ex
505 2705 591 2758 motu
616 2690 692 2755 coeli
731 2705 885 2762 coercetur:
920 2690 958 2755 od
983 2692 1043 2758 boc

118 2777 211 2860 igitur
235 2777 317 2862 quod
342 2777 372 2840 iu
397 2777 593 2844 inferioribus
620 2792 718 2844 cesset
742 2781 900 2864 generatio
931 2794 1042 2846 etcor-

112 2866 227 2950 ruptio,
250 2879 370 2950 oportet
399 2867 597 2950 quodetiam
624 2880 726 2933 rnotus
763 2868 839 2932 oceli
879 2884 989 2947 cesset;
1011 2881 1042 2935 et

114 2967 242 3040 propter
264 2955 323 3020 boc
346 2955 458 3021 dicitur
481 2957 563 3038 quod
590 2967 708 3040 triopus
730 2977 790 3021 nou
812 2958 873 3022 erit
895 2959 1042 3041 amplius,

112 3046 221 3127 Apoc„
248 3043 299 3119 to,
331 3043 361 3108 6.
397 3079 441 3092 -
477 3044 543 3109 Non
584 3044 676 3109 debet
715 3058 817 3110 eutem
853 3045 1044 3133 impossibile

116 3130 214 3195 uideri
238 3131 321 3216 quod
348 3146 450 3196 motus
473 3133 550 3198 coeli
573 3148 683 3199 cesset.
719 3133 786 3198 Non
822 3135 905 3199 enirn
941 3150 1043 3201 motus

114 3218 193 3285 caeli
216 3219 259 3284 sio
275 3233 321 3284 est
333 3221 490 3298 naturalis,
508 3222 584 3286 siout
597 3237 699 3288 motus
723 3224 863 3306 gravium
876 3237 907 3288 et
918 3223 1043 3303 leuium,

117 3322 155 3375 ut
179 3307 218 3372 eb
244 3308 347 3395 aliquo
383 3311 520 3374 interiori
556 3312 655 3375 ectivo
695 3313 845 3398 principio
880 3312 1045 3378 inclinetur

115 3397 157 3463 od
183 3411 314 3475 rnoturn3
338 3398 392 3463 sed
413 3396 524 3462 dieitur
548 3401 694 3465 noturulis
732 3400 915 3485 inquantum
951 3400 1045 3464 babet

115 3487 151 3556 in
176 3506 232 3551 suu
257 3501 366 3553 natura
390 3487 592 3574 aptitudinem
617 3488 655 3554 ad
678 3488 771 3555 telem
806 3502 936 3554 motum:
961 3488 1044 3577 prin·
