<?xml version="1.0" encoding="UTF-8"?>
<!DOCTYPE html PUBLIC "-//W3C//DTD XHTML 1.0 Transitional//EN"
    "http://www.w3.org/TR/xhtml1/DTD/xhtml1-transitional.dtd">
<html xmlns="http://www.w3.org/1999/xhtml" xml:lang="en" lang="en">
 <head>
  <title>
</title>
<meta http-equiv="Content-Type" content="text/html;charset=utf-8" />
  <meta name='ocr-system' content='tesseract 3.04.00' />
  <meta name='ocr-capabilities' content='ocr_page ocr_carea ocr_par ocr_line ocrx_word'/>
</head>
<body>
  <div class='ocr_page' id='page_1' title='image "./sanctithomaeaqu01thomgoog_0519.png"; bbox 0 0 2484 3975; ppageno 0'>
   <div class='ocr_carea' id='block_1_1' title="bbox 74 221 1088 3433">
    <p class='ocr_par' dir='ltr' id='par_1_1' title="bbox 98 221 1011 486">
     <span class='ocr_line' id='line_1_1' title="bbox 337 221 1011 294; baseline 0.01 -8"><span class='ocrx_word' id='word_1_1' title='bbox 337 242 375 286; x_wconf 84' lang='lat' dir='ltr'><strong>nr</strong></span> <span class='ocrx_word' id='word_1_2' title='bbox 396 241 582 288; x_wconf 78' lang='lat' dir='ltr'><strong>suustnnrns</strong></span> <span class='ocrx_word' id='word_1_3' title='bbox 604 237 760 288; x_wconf 77' lang='lat' dir='ltr'><strong>sectatus</strong></span> <span class='ocrx_word' id='word_1_4' title='bbox 946 221 1011 294; x_wconf 77' lang='lat' dir='ltr'><strong>bib</strong></span> 
     </span>
     <span class='ocr_line' id='line_1_2' title="bbox 98 311 1008 399; baseline 0.009 -23"><span class='ocrx_word' id='word_1_5' title='bbox 98 311 195 387; x_wconf 89' lang='lat' dir='ltr'><strong>babet,</strong></span> <span class='ocrx_word' id='word_1_6' title='bbox 219 330 319 397; x_wconf 90' lang='lat' dir='ltr'><strong>neque</strong></span> <span class='ocrx_word' id='word_1_7' title='bbox 342 312 525 397; x_wconf 90' lang='lat' dir='ltr'><strong>principium</strong></span> <span class='ocrx_word' id='word_1_8' title='bbox 548 312 679 376; x_wconf 87' lang='lat' dir='ltr'><strong>activum</strong></span> <span class='ocrx_word' id='word_1_9' title='bbox 714 331 782 376; x_wconf 81' lang='lat' dir='ltr'><strong>esse</strong></span> <span class='ocrx_word' id='word_1_10' title='bbox 806 324 921 399; x_wconf 86' lang='lat' dir='ltr'><strong>potest,</strong></span> <span class='ocrx_word' id='word_1_11' title='bbox 952 319 1008 384; x_wconf 82' lang='lat' dir='ltr'><strong>aed</strong></span> 
     </span>
     <span class='ocr_line' id='line_1_3' title="bbox 98 400 794 486; baseline 0.001 -22"><span class='ocrx_word' id='word_1_12' title='bbox 98 403 290 486; x_wconf 73' lang='lat' dir='ltr'><strong>consequitur</strong></span> <span class='ocrx_word' id='word_1_13' title='bbox 312 419 349 464; x_wconf 84' lang='lat' dir='ltr'><strong>etr</strong></span> <span class='ocrx_word' id='word_1_14' title='bbox 371 400 492 465; x_wconf 86' lang='lat' dir='ltr'><strong>deiectu</strong></span> <span class='ocrx_word' id='word_1_15' title='bbox 516 400 644 485; x_wconf 80' lang='lat' dir='ltr'><strong>attonjus</strong></span> <span class='ocrx_word' id='word_1_16' title='bbox 667 401 794 484; x_wconf 78' lang='lat' dir='ltr'><strong>agentis</strong></span> 
     </span>
    </p>

    <p class='ocr_par' dir='ltr' id='par_1_2' title="bbox 92 489 1010 1286">
     <span class='ocr_line' id='line_1_4' title="bbox 158 489 1010 592; baseline 0.013 -44"><span class='ocrx_word' id='word_1_17' title='bbox 158 489 300 554; x_wconf 82' lang='lat' dir='ltr'><strong>Secutido</strong></span> <span class='ocrx_word' id='word_1_18' title='bbox 324 509 396 553; x_wconf 84' lang='lat' dir='ltr'><strong>vero</strong></span> <span class='ocrx_word' id='word_1_19' title='bbox 434 490 623 592; x_wconf 78' lang='lat' dir='ltr'><strong>impossibile</strong></span> <span class='ocrx_word' id='word_1_20' title='bbox 657 506 703 553; x_wconf 86' lang='lat' dir='ltr'><strong>cst</strong></span> <span class='ocrx_word' id='word_1_21' title='bbox 736 509 875 576; x_wconf 76' lang='lat' dir='ltr'><strong>corpus</strong></span> <span class='ocrx_word' id='word_1_22' title='bbox 872 491 1010 579; x_wconf 81' lang='lat' dir='ltr'><strong>aliquod</strong></span> 
     </span>
     <span class='ocr_line' id='line_1_5' title="bbox 97 577 1010 647; baseline 0.004 -4"><span class='ocrx_word' id='word_1_23' title='bbox 97 579 280 643; x_wconf 88' lang='lat' dir='ltr'><strong>intellectum</strong></span> <span class='ocrx_word' id='word_1_24' title='bbox 303 597 372 640; x_wconf 84' lang='lat' dir='ltr'><strong>esse</strong></span> <span class='ocrx_word' id='word_1_25' title='bbox 393 591 446 642; x_wconf 86' lang='lat' dir='ltr'><strong>out</strong></span> <span class='ocrx_word' id='word_1_26' title='bbox 469 582 530 642; x_wconf 84' lang='lat' dir='ltr'><strong>tim</strong></span> <span class='ocrx_word' id='word_1_27' title='bbox 564 577 779 645; x_wconf 76' lang='lat' dir='ltr'><strong>intellectivam</strong></span> <span class='ocrx_word' id='word_1_28' title='bbox 813 578 938 646; x_wconf 90' lang='lat' dir='ltr'><strong>babere.</strong></span> <span class='ocrx_word' id='word_1_29' title='bbox 962 581 1010 647; x_wconf 91' lang='lat' dir='ltr'><strong>ln-</strong></span> 
     </span>
     <span class='ocr_line' id='line_1_6' title="bbox 95 668 1009 770; baseline 0.002 -37"><span class='ocrx_word' id='word_1_30' title='bbox 95 668 227 733; x_wconf 83' lang='lat' dir='ltr'><strong>telleetus</strong></span> <span class='ocrx_word' id='word_1_31' title='bbox 260 669 343 731; x_wconf 85' lang='lat' dir='ltr'><strong>enim</strong></span> <span class='ocrx_word' id='word_1_32' title='bbox 379 686 479 752; x_wconf 91' lang='lat' dir='ltr'><strong>neque</strong></span> <span class='ocrx_word' id='word_1_33' title='bbox 511 686 625 752; x_wconf 85' lang='lat' dir='ltr'><strong>eorpus</strong></span> <span class='ocrx_word' id='word_1_34' title='bbox 658 683 703 732; x_wconf 82' lang='lat' dir='ltr'><strong>est</strong></span> <span class='ocrx_word' id='word_1_35' title='bbox 738 687 837 752; x_wconf 90' lang='lat' dir='ltr'><strong>neque</strong></span> <span class='ocrx_word' id='word_1_36' title='bbox 854 672 1009 770; x_wconf 71' lang='lat' dir='ltr'><strong>eorporis</strong></span> 
     </span>
     <span class='ocr_line' id='line_1_7' title="bbox 93 755 1010 842; baseline 0.005 -22"><span class='ocrx_word' id='word_1_37' title='bbox 93 771 185 832; x_wconf 79' lang='lat' dir='ltr'><strong>aetua3</strong></span> <span class='ocrx_word' id='word_1_38' title='bbox 207 755 343 842; x_wconf 91' lang='lat' dir='ltr'><strong>alioquin</strong></span> <span class='ocrx_word' id='word_1_39' title='bbox 366 775 427 818; x_wconf 92' lang='lat' dir='ltr'><strong>non</strong></span> <span class='ocrx_word' id='word_1_40' title='bbox 450 771 531 820; x_wconf 80' lang='lat' dir='ltr'><strong>esset</strong></span> <span class='ocrx_word' id='word_1_41' title='bbox 553 757 694 820; x_wconf 92' lang='lat' dir='ltr'><strong>omnium</strong></span> <span class='ocrx_word' id='word_1_42' title='bbox 717 757 953 839; x_wconf 65' lang='lat' dir='ltr'><strong>cognoscimus,</strong></span> <span class='ocrx_word' id='word_1_43' title='bbox 976 775 1010 825; x_wconf 88' lang='lat' dir='ltr'><strong>ut</strong></span> 
     </span>
     <span class='ocr_line' id='line_1_8' title="bbox 92 843 1010 945; baseline 0.003 -35"><span class='ocrx_word' id='word_1_44' title='bbox 92 844 242 932; x_wconf 83' lang='lat' dir='ltr'><strong>improbat</strong></span> <span class='ocrx_word' id='word_1_45' title='bbox 264 843 469 945; x_wconf 70' lang='lat' dir='ltr'><strong>pbilosoplrnc</strong></span> <span class='ocrx_word' id='word_1_46' title='bbox 491 844 560 928; x_wconf 85' lang='lat' dir='ltr'><strong>(de</strong></span> <span class='ocrx_word' id='word_1_47' title='bbox 594 845 713 921; x_wconf 75' lang='lat' dir='ltr'><strong>Anima,</strong></span> <span class='ocrx_word' id='word_1_48' title='bbox 748 843 809 930; x_wconf 78' lang='lat'><strong>5)</strong></span> <span class='ocrx_word' id='word_1_49' title='bbox 847 845 878 910; x_wconf 79' lang='lat' dir='ltr'><strong>st</strong></span> <span class='ocrx_word' id='word_1_50' title='bbox 917 848 1010 932; x_wconf 76' lang='lat' dir='ltr'><strong>igitur</strong></span> 
     </span>
     <span class='ocr_line' id='line_1_9' title="bbox 95 932 1013 1029; baseline 0.004 -31"><span class='ocrx_word' id='word_1_51' title='bbox 95 937 224 1020; x_wconf 85' lang='lat' dir='ltr'><strong>primum</strong></span> <span class='ocrx_word' id='word_1_52' title='bbox 257 932 442 1029; x_wconf 85' lang='lat' dir='ltr'><strong>principium</strong></span> <span class='ocrx_word' id='word_1_53' title='bbox 476 933 661 997; x_wconf 82' lang='lat' dir='ltr'><strong>confitentur</strong></span> <span class='ocrx_word' id='word_1_54' title='bbox 698 934 757 997; x_wconf 85' lang='lat' dir='ltr'><strong>tim</strong></span> <span class='ocrx_word' id='word_1_55' title='bbox 792 935 1013 1002; x_wconf 75' lang='lat' dir='ltr'><strong>intellectivam</strong></span> 
     </span>
     <span class='ocr_line' id='line_1_10' title="bbox 95 1022 1009 1110; baseline 0.003 -23"><span class='ocrx_word' id='word_1_56' title='bbox 95 1023 215 1098; x_wconf 86' lang='lat' dir='ltr'><strong>babere,</strong></span> <span class='ocrx_word' id='word_1_57' title='bbox 238 1023 320 1106; x_wconf 89' lang='lat' dir='ltr'><strong>quod</strong></span> <span class='ocrx_word' id='word_1_58' title='bbox 343 1023 479 1086; x_wconf 85' lang='lat' dir='ltr'><strong>sentiunt</strong></span> <span class='ocrx_word' id='word_1_59' title='bbox 493 1041 611 1086; x_wconf 83' lang='lat' dir='ltr'><strong>omnes</strong></span> <span class='ocrx_word' id='word_1_60' title='bbox 618 1043 669 1108; x_wconf 86' lang='lat' dir='ltr'><strong>qur</strong></span> <span class='ocrx_word' id='word_1_61' title='bbox 663 1023 725 1086; x_wconf 90' lang='lat' dir='ltr'><strong>&#39;de</strong></span> <span class='ocrx_word' id='word_1_62' title='bbox 742 1022 808 1087; x_wconf 73' lang='lat' dir='ltr'><strong>lieo</strong></span> <span class='ocrx_word' id='word_1_63' title='bbox 830 1022 1009 1110; x_wconf 87' lang='lat' dir='ltr'><strong>loquuntur,</strong></span> 
     </span>
     <span class='ocr_line' id='line_1_11' title="bbox 95 1111 1009 1202; baseline 0.004 -26"><span class='ocrx_word' id='word_1_64' title='bbox 95 1111 282 1198; x_wconf 82' lang='lat' dir='ltr'><strong>impossibile</strong></span> <span class='ocrx_word' id='word_1_65' title='bbox 317 1123 365 1175; x_wconf 82' lang='lat' dir='ltr'><strong>est</strong></span> <span class='ocrx_word' id='word_1_66' title='bbox 402 1111 536 1197; x_wconf 86' lang='lat' dir='ltr'><strong>primum</strong></span> <span class='ocrx_word' id='word_1_67' title='bbox 570 1112 756 1197; x_wconf 75' lang='lat' dir='ltr'><strong>prinicipium</strong></span> <span class='ocrx_word' id='word_1_68' title='bbox 789 1131 856 1178; x_wconf 82' lang='lat' dir='ltr'><strong>erse</strong></span> <span class='ocrx_word' id='word_1_69' title='bbox 893 1113 1009 1202; x_wconf 86' lang='lat' dir='ltr'><strong>aliquid</strong></span> 
     </span>
     <span class='ocr_line' id='line_1_12' title="bbox 93 1199 259 1286; baseline -0.019 -21"><span class='ocrx_word' id='word_1_70' title='bbox 93 1199 259 1286; x_wconf 75' lang='lat' dir='ltr'><strong>corporale.</strong></span> 
     </span>
    </p>

    <p class='ocr_par' dir='ltr' id='par_1_3' title="bbox 86 1285 1011 2242">
     <span class='ocr_line' id='line_1_13' title="bbox 157 1285 1011 1374; baseline 0.002 -21"><span class='ocrx_word' id='word_1_71' title='bbox 157 1288 262 1353; x_wconf 83' lang='lat' dir='ltr'><strong>Tertio</strong></span> <span class='ocrx_word' id='word_1_72' title='bbox 285 1307 358 1351; x_wconf 81' lang='lat' dir='ltr'><strong>tero</strong></span> <span class='ocrx_word' id='word_1_73' title='bbox 381 1285 579 1352; x_wconf 74' lang='lat' dir='ltr'><strong>manifestum</strong></span> <span class='ocrx_word' id='word_1_74' title='bbox 602 1303 647 1352; x_wconf 85' lang='lat' dir='ltr'><strong>est</strong></span> <span class='ocrx_word' id='word_1_75' title='bbox 670 1287 753 1374; x_wconf 92' lang='lat' dir='ltr'><strong>quod</strong></span> <span class='ocrx_word' id='word_1_76' title='bbox 778 1287 893 1356; x_wconf 89' lang='lat' dir='ltr'><strong>bonum</strong></span> <span class='ocrx_word' id='word_1_77' title='bbox 917 1289 1011 1355; x_wconf 89' lang='lat' dir='ltr'><strong>babet</strong></span> 
     </span>
     <span class='ocr_line' id='line_1_14' title="bbox 94 1376 1010 1465; baseline 0.002 -23"><span class='ocrx_word' id='word_1_78' title='bbox 94 1377 161 1442; x_wconf 79' lang='lat' dir='ltr'><strong>linis</strong></span> <span class='ocrx_word' id='word_1_79' title='bbox 182 1379 355 1452; x_wconf 84' lang='lat' dir='ltr'><strong>rationem3</strong></span> <span class='ocrx_word' id='word_1_80' title='bbox 389 1377 459 1440; x_wconf 89' lang='lat' dir='ltr'><strong>boc</strong></span> <span class='ocrx_word' id='word_1_81' title='bbox 469 1379 553 1440; x_wconf 90' lang='lat' dir='ltr'><strong>enim</strong></span> <span class='ocrx_word' id='word_1_82' title='bbox 579 1377 695 1442; x_wconf 90' lang='lat' dir='ltr'><strong>bonum</strong></span> <span class='ocrx_word' id='word_1_83' title='bbox 718 1376 878 1442; x_wconf 86' lang='lat' dir='ltr'><strong>dicimua&#39;</strong></span> <span class='ocrx_word' id='word_1_84' title='bbox 871 1400 902 1443; x_wconf 91' lang='lat' dir='ltr'><strong>m</strong></span> <span class='ocrx_word' id='word_1_85' title='bbox 926 1379 1010 1465; x_wconf 91' lang='lat' dir='ltr'><strong>quod</strong></span> 
     </span>
     <span class='ocr_line' id='line_1_15' title="bbox 92 1462 1011 1553; baseline 0.001 -23"><span class='ocrx_word' id='word_1_86' title='bbox 92 1467 261 1553; x_wconf 82' lang='lat' dir='ltr'><strong>appetitus</strong></span> <span class='ocrx_word' id='word_1_87' title='bbox 254 1465 371 1530; x_wconf 89' lang='lat' dir='ltr'><strong>tendit.</strong></span> <span class='ocrx_word' id='word_1_88' title='bbox 394 1462 504 1530; x_wconf 79' lang='lat' dir='ltr'><strong>Omnis</strong></span> <span class='ocrx_word' id='word_1_89' title='bbox 527 1481 632 1530; x_wconf 92' lang='lat' dir='ltr'><strong>autem</strong></span> <span class='ocrx_word' id='word_1_90' title='bbox 666 1467 849 1546; x_wconf 79' lang='lat' dir='ltr'><strong>gubernatio</strong></span> <span class='ocrx_word' id='word_1_91' title='bbox 882 1480 929 1534; x_wconf 82' lang='lat' dir='ltr'><strong>est</strong></span> <span class='ocrx_word' id='word_1_92' title='bbox 962 1487 1011 1532; x_wconf 85' lang='lat' dir='ltr'><strong>se·</strong></span> 
     </span>
     <span class='ocr_line' id='line_1_16' title="bbox 90 1553 1010 1641; baseline 0.002 -21"><span class='ocrx_word' id='word_1_93' title='bbox 90 1555 225 1620; x_wconf 88' lang='lat' dir='ltr'><strong>eundum</strong></span> <span class='ocrx_word' id='word_1_94' title='bbox 245 1554 419 1618; x_wconf 80' lang='lat' dir='ltr'><strong>ordinem</strong></span> <span class='ocrx_word' id='word_1_95' title='bbox 410 1575 442 1618; x_wconf 87' lang='lat' dir='ltr'><strong>tn</strong></span> <span class='ocrx_word' id='word_1_96' title='bbox 467 1554 600 1639; x_wconf 85' lang='lat' dir='ltr'><strong>aliquem</strong></span> <span class='ocrx_word' id='word_1_97' title='bbox 617 1553 712 1621; x_wconf 88' lang='lat' dir='ltr'><strong>linem</strong></span> <span class='ocrx_word' id='word_1_98' title='bbox 727 1555 898 1621; x_wconf 85' lang='lat' dir='ltr'><strong>seeundum</strong></span> <span class='ocrx_word' id='word_1_99' title='bbox 920 1554 1010 1641; x_wconf 78' lang='lat' dir='ltr'><strong>cujus</strong></span> 
     </span>
     <span class='ocr_line' id='line_1_17' title="bbox 92 1642 1008 1727; baseline 0.001 -19"><span class='ocrx_word' id='word_1_100' title='bbox 92 1646 239 1708; x_wconf 83' lang='lat' dir='ltr'><strong>rationem</strong></span> <span class='ocrx_word' id='word_1_101' title='bbox 263 1663 299 1707; x_wconf 88' lang='lat' dir='ltr'><strong>ea</strong></span> <span class='ocrx_word' id='word_1_102' title='bbox 323 1662 402 1727; x_wconf 91' lang='lat' dir='ltr'><strong>quae</strong></span> <span class='ocrx_word' id='word_1_103' title='bbox 424 1659 495 1706; x_wconf 87' lang='lat' dir='ltr'><strong>aunt</strong></span> <span class='ocrx_word' id='word_1_104' title='bbox 518 1642 556 1706; x_wconf 93' lang='lat' dir='ltr'><strong>ad</strong></span> <span class='ocrx_word' id='word_1_105' title='bbox 581 1644 674 1708; x_wconf 87' lang='lat' dir='ltr'><strong>linem</strong></span> <span class='ocrx_word' id='word_1_106' title='bbox 711 1644 891 1708; x_wconf 87' lang='lat' dir='ltr'><strong>ordinantur</strong></span> <span class='ocrx_word' id='word_1_107' title='bbox 929 1647 959 1708; x_wconf 93' lang='lat' dir='ltr'><strong>in</strong></span> <span class='ocrx_word' id='word_1_108' title='bbox 984 1647 1008 1709; x_wconf 92' lang='lat' dir='ltr'><strong>i·</strong></span> 
     </span>
     <span class='ocr_line' id='line_1_18' title="bbox 90 1729 1005 1819; baseline 0.001 -22"><span class='ocrx_word' id='word_1_109' title='bbox 90 1750 187 1819; x_wconf 83' lang='lat' dir='ltr'><strong>psum.</strong></span> <span class='ocrx_word' id='word_1_110' title='bbox 212 1729 322 1796; x_wconf 85' lang='lat' dir='ltr'><strong>Omnis</strong></span> <span class='ocrx_word' id='word_1_111' title='bbox 345 1732 437 1816; x_wconf 80' lang='lat' dir='ltr'><strong>igitur</strong></span> <span class='ocrx_word' id='word_1_112' title='bbox 458 1732 641 1815; x_wconf 77' lang='lat' dir='ltr'><strong>gubernatio</strong></span> <span class='ocrx_word' id='word_1_113' title='bbox 658 1747 703 1796; x_wconf 86' lang='lat' dir='ltr'><strong>est</strong></span> <span class='ocrx_word' id='word_1_114' title='bbox 718 1732 888 1798; x_wconf 76' lang='lat' dir='ltr'><strong>seeundum</strong></span> <span class='ocrx_word' id='word_1_115' title='bbox 912 1734 1005 1798; x_wconf 86' lang='lat' dir='ltr'><strong>ratio·</strong></span> 
     </span>
     <span class='ocr_line' id='line_1_19' title="bbox 89 1819 1004 1905; baseline 0.003 -21"><span class='ocrx_word' id='word_1_116' title='bbox 89 1841 160 1886; x_wconf 89' lang='lat' dir='ltr'><strong>uem</strong></span> <span class='ocrx_word' id='word_1_117' title='bbox 184 1821 267 1886; x_wconf 91' lang='lat' dir='ltr'><strong>boui.</strong></span> <span class='ocrx_word' id='word_1_118' title='bbox 290 1819 359 1884; x_wconf 89' lang='lat' dir='ltr'><strong>Non</strong></span> <span class='ocrx_word' id='word_1_119' title='bbox 382 1836 481 1905; x_wconf 86' lang='lat' dir='ltr'><strong>potest</strong></span> <span class='ocrx_word' id='word_1_120' title='bbox 504 1823 596 1905; x_wconf 77' lang='lat' dir='ltr'><strong>igitur</strong></span> <span class='ocrx_word' id='word_1_121' title='bbox 629 1841 696 1885; x_wconf 84' lang='lat' dir='ltr'><strong>esse</strong></span> <span class='ocrx_word' id='word_1_122' title='bbox 733 1839 788 1886; x_wconf 92' lang='lat' dir='ltr'><strong>nec</strong></span> <span class='ocrx_word' id='word_1_123' title='bbox 822 1823 1004 1905; x_wconf 72' lang='lat' dir='ltr'><strong>gubernatio</strong></span> 
     </span>
     <span class='ocr_line' id='line_1_20' title="bbox 87 1908 1004 1997; baseline 0.003 -23"><span class='ocrx_word' id='word_1_124' title='bbox 87 1929 145 1974; x_wconf 91' lang='lat' dir='ltr'><strong>nee</strong></span> <span class='ocrx_word' id='word_1_125' title='bbox 167 1911 354 1997; x_wconf 76' lang='lat' dir='ltr'><strong>principatus</strong></span> <span class='ocrx_word' id='word_1_126' title='bbox 390 1908 500 1996; x_wconf 81' lang='lat' dir='ltr'><strong>aliquis</strong></span> <span class='ocrx_word' id='word_1_127' title='bbox 533 1930 588 1974; x_wconf 84' lang='lat' dir='ltr'><strong>ocu</strong></span> <span class='ocrx_word' id='word_1_128' title='bbox 623 1913 760 1993; x_wconf 79' lang='lat' dir='ltr'><strong>regimen</strong></span> <span class='ocrx_word' id='word_1_129' title='bbox 800 1910 938 1990; x_wconf 85' lang='lat' dir='ltr'><strong>malum,</strong></span> <span class='ocrx_word' id='word_1_130' title='bbox 972 1911 1004 1976; x_wconf 91' lang='lat' dir='ltr'><strong>in</strong></span> 
     </span>
     <span class='ocr_line' id='line_1_21' title="bbox 86 1998 1004 2086; baseline 0.002 -22"><span class='ocrx_word' id='word_1_131' title='bbox 86 2014 236 2086; x_wconf 90' lang='lat' dir='ltr'><strong>quantum</strong></span> <span class='ocrx_word' id='word_1_132' title='bbox 260 2013 305 2063; x_wconf 90' lang='lat' dir='ltr'><strong>est</strong></span> <span class='ocrx_word' id='word_1_133' title='bbox 328 1998 454 2063; x_wconf 86' lang='lat' dir='ltr'><strong>molum.</strong></span> <span class='ocrx_word' id='word_1_134' title='bbox 478 1999 601 2068; x_wconf 77' lang='lat' dir='ltr'><strong>Frustra</strong></span> <span class='ocrx_word' id='word_1_135' title='bbox 636 2001 727 2082; x_wconf 78' lang='lat' dir='ltr'><strong>igitur</strong></span> <span class='ocrx_word' id='word_1_136' title='bbox 750 2016 918 2085; x_wconf 82' lang='lat' dir='ltr'><strong>posuerunt</strong></span> <span class='ocrx_word' id='word_1_137' title='bbox 942 2000 1004 2066; x_wconf 90' lang='lat' dir='ltr'><strong>dno</strong></span> 
     </span>
     <span class='ocr_line' id='line_1_22' title="bbox 86 2087 1006 2173; baseline 0 -20"><span class='ocrx_word' id='word_1_138' title='bbox 86 2109 183 2173; x_wconf 76' lang='lat' dir='ltr'><strong>regna</strong></span> <span class='ocrx_word' id='word_1_139' title='bbox 208 2087 255 2153; x_wconf 86' lang='lat' dir='ltr'><strong>tel</strong></span> <span class='ocrx_word' id='word_1_140' title='bbox 279 2087 435 2173; x_wconf 86' lang='lat' dir='ltr'><strong>principia,</strong></span> <span class='ocrx_word' id='word_1_141' title='bbox 462 2108 594 2173; x_wconf 91' lang='lat' dir='ltr'><strong>quorum</strong></span> <span class='ocrx_word' id='word_1_142' title='bbox 613 2108 710 2153; x_wconf 88' lang='lat' dir='ltr'><strong>unum</strong></span> <span class='ocrx_word' id='word_1_143' title='bbox 734 2088 899 2168; x_wconf 88' lang='lat' dir='ltr'><strong>bonorum,</strong></span> <span class='ocrx_word' id='word_1_144' title='bbox 922 2089 1006 2154; x_wconf 88' lang='lat' dir='ltr'><strong>aliud</strong></span> 
     </span>
     <span class='ocr_line' id='line_1_23' title="bbox 86 2176 446 2242; baseline -0.006 0"><span class='ocrx_word' id='word_1_145' title='bbox 86 2191 192 2242; x_wconf 89' lang='lat' dir='ltr'><strong>autem</strong></span> <span class='ocrx_word' id='word_1_146' title='bbox 215 2176 368 2241; x_wconf 88' lang='lat' dir='ltr'><strong>malorum</strong></span> <span class='ocrx_word' id='word_1_147' title='bbox 391 2190 446 2240; x_wconf 84' lang='lat' dir='ltr'><strong>est.</strong></span> 
     </span>
    </p>

    <p class='ocr_par' dir='ltr' id='par_1_4' title="bbox 74 2264 1088 3418">
     <span class='ocr_line' id='line_1_24' title="bbox 155 2264 1007 2349; baseline -0.001 -17"><span class='ocrx_word' id='word_1_148' title='bbox 155 2266 281 2332; x_wconf 82' lang='lat' dir='ltr'><strong>Videtur</strong></span> <span class='ocrx_word' id='word_1_149' title='bbox 304 2278 407 2329; x_wconf 90' lang='lat' dir='ltr'><strong>autem</strong></span> <span class='ocrx_word' id='word_1_150' title='bbox 433 2264 482 2327; x_wconf 88' lang='lat' dir='ltr'><strong>bic</strong></span> <span class='ocrx_word' id='word_1_151' title='bbox 504 2284 592 2327; x_wconf 88' lang='lat' dir='ltr'><strong>error</strong></span> <span class='ocrx_word' id='word_1_152' title='bbox 626 2264 825 2349; x_wconf 77' lang='lat' dir='ltr'><strong>provenisse,</strong></span> <span class='ocrx_word' id='word_1_153' title='bbox 858 2265 937 2331; x_wconf 84' lang='lat' dir='ltr'><strong>siout</strong></span> <span class='ocrx_word' id='word_1_154' title='bbox 976 2279 1007 2331; x_wconf 91' lang='lat' dir='ltr'><strong>et</strong></span> 
     </span>
     <span class='ocr_line' id='line_1_25' title="bbox 83 2354 1018 2441; baseline 0.003 -24"><span class='ocrx_word' id='word_1_155' title='bbox 83 2354 137 2418; x_wconf 86' lang='lat' dir='ltr'><strong>alii</strong></span> <span class='ocrx_word' id='word_1_156' title='bbox 161 2354 348 2440; x_wconf 80' lang='lat' dir='ltr'><strong>supradicti,</strong></span> <span class='ocrx_word' id='word_1_157' title='bbox 381 2372 418 2416; x_wconf 83' lang='lat' dir='ltr'><strong>er</strong></span> <span class='ocrx_word' id='word_1_158' title='bbox 442 2373 481 2415; x_wconf 91' lang='lat' dir='ltr'><strong>eo</strong></span> <span class='ocrx_word' id='word_1_159' title='bbox 503 2354 586 2438; x_wconf 92' lang='lat' dir='ltr'><strong>quod</strong></span> <span class='ocrx_word' id='word_1_160' title='bbox 609 2373 647 2416; x_wconf 87' lang='lat' dir='ltr'><strong>ea</strong></span> <span class='ocrx_word' id='word_1_161' title='bbox 671 2373 749 2439; x_wconf 86' lang='lat' dir='ltr'><strong>quae</strong></span> <span class='ocrx_word' id='word_1_162' title='bbox 772 2355 851 2418; x_wconf 90' lang='lat' dir='ltr'><strong>cirea</strong></span> <span class='ocrx_word' id='word_1_163' title='bbox 876 2356 1018 2441; x_wconf 77' lang='lat' dir='ltr'><strong>porticu·</strong></span> 
     </span>
     <span class='ocr_line' id='line_1_26' title="bbox 82 2442 1006 2520; baseline 0.001 -13"><span class='ocrx_word' id='word_1_164' title='bbox 82 2444 167 2509; x_wconf 84' lang='lat' dir='ltr'><strong>lares</strong></span> <span class='ocrx_word' id='word_1_165' title='bbox 190 2463 298 2508; x_wconf 75' lang='lat' dir='ltr'><strong>caucos</strong></span> <span class='ocrx_word' id='word_1_166' title='bbox 320 2442 603 2520; x_wconf 73' lang='lat' dir='ltr'><strong>consideraverunt,</strong></span> <span class='ocrx_word' id='word_1_167' title='bbox 617 2442 718 2506; x_wconf 87' lang='lat' dir='ltr'><strong>conati</strong></span> <span class='ocrx_word' id='word_1_168' title='bbox 735 2457 805 2507; x_wconf 87' lang='lat' dir='ltr'><strong>suut</strong></span> <span class='ocrx_word' id='word_1_169' title='bbox 829 2443 859 2507; x_wconf 92' lang='lat' dir='ltr'><strong>in</strong></span> <span class='ocrx_word' id='word_1_170' title='bbox 885 2445 1006 2509; x_wconf 84' lang='lat' dir='ltr'><strong>uniter·</strong></span> 
     </span>
     <span class='ocr_line' id='line_1_27' title="bbox 84 2529 1007 2619; baseline 0.002 -23"><span class='ocrx_word' id='word_1_171' title='bbox 84 2532 185 2596; x_wconf 79' lang='lat' dir='ltr'><strong>salem</strong></span> <span class='ocrx_word' id='word_1_172' title='bbox 208 2552 313 2596; x_wconf 90' lang='lat' dir='ltr'><strong>rerum</strong></span> <span class='ocrx_word' id='word_1_173' title='bbox 337 2550 461 2595; x_wconf 83' lang='lat' dir='ltr'><strong>eausam</strong></span> <span class='ocrx_word' id='word_1_174' title='bbox 478 2530 653 2595; x_wconf 76' lang='lat' dir='ltr'><strong>transferre.</strong></span> <span class='ocrx_word' id='word_1_175' title='bbox 678 2529 825 2595; x_wconf 82' lang='lat' dir='ltr'><strong>Viderunt</strong></span> <span class='ocrx_word' id='word_1_176' title='bbox 841 2537 924 2597; x_wconf 90' lang='lat' dir='ltr'><strong>enim</strong></span> <span class='ocrx_word' id='word_1_177' title='bbox 938 2554 1007 2619; x_wconf 92' lang='lat' dir='ltr'><strong>par-</strong></span> 
     </span>
     <span class='ocr_line' id='line_1_28' title="bbox 83 2619 1004 2707; baseline 0 -21"><span class='ocrx_word' id='word_1_178' title='bbox 83 2619 231 2686; x_wconf 75' lang='lat' dir='ltr'><strong>ticulares</strong></span> <span class='ocrx_word' id='word_1_179' title='bbox 253 2622 379 2685; x_wconf 81' lang='lat' dir='ltr'><strong>ellectue</strong></span> <span class='ocrx_word' id='word_1_180' title='bbox 400 2622 571 2683; x_wconf 77' lang='lat' dir='ltr'><strong>contrarios</strong></span> <span class='ocrx_word' id='word_1_181' title='bbox 593 2638 632 2683; x_wconf 79' lang='lat' dir='ltr'><strong>ex</strong></span> <span class='ocrx_word' id='word_1_182' title='bbox 655 2621 815 2683; x_wconf 81' lang='lat' dir='ltr'><strong>contrariis</strong></span> <span class='ocrx_word' id='word_1_183' title='bbox 840 2621 1004 2707; x_wconf 86' lang='lat' dir='ltr'><strong>particula-</strong></span> 
     </span>
     <span class='ocr_line' id='line_1_29' title="bbox 81 2707 1003 2794; baseline 0.001 -19"><span class='ocrx_word' id='word_1_184' title='bbox 81 2709 173 2775; x_wconf 75' lang='lat' dir='ltr'><strong>ribus</strong></span> <span class='ocrx_word' id='word_1_185' title='bbox 195 2710 296 2775; x_wconf 80' lang='lat' dir='ltr'><strong>causis</strong></span> <span class='ocrx_word' id='word_1_186' title='bbox 313 2707 496 2794; x_wconf 82' lang='lat' dir='ltr'><strong>procedere,</strong></span> <span class='ocrx_word' id='word_1_187' title='bbox 518 2708 597 2772; x_wconf 76' lang='lat' dir='ltr'><strong>sieut</strong></span> <span class='ocrx_word' id='word_1_188' title='bbox 617 2708 701 2794; x_wconf 91' lang='lat' dir='ltr'><strong>quod</strong></span> <span class='ocrx_word' id='word_1_189' title='bbox 733 2710 810 2792; x_wconf 77' lang='lat' dir='ltr'><strong>ignis</strong></span> <span class='ocrx_word' id='word_1_190' title='bbox 843 2709 1003 2789; x_wconf 80' lang='lat' dir='ltr'><strong>calefacit,</strong></span> 
     </span>
     <span class='ocr_line' id='line_1_30' title="bbox 79 2796 1004 2884; baseline 0.002 -21"><span class='ocrx_word' id='word_1_191' title='bbox 79 2818 165 2883; x_wconf 82' lang='lat' dir='ltr'><strong>aquo</strong></span> <span class='ocrx_word' id='word_1_192' title='bbox 200 2818 273 2863; x_wconf 80' lang='lat' dir='ltr'><strong>vero</strong></span> <span class='ocrx_word' id='word_1_193' title='bbox 302 2796 477 2881; x_wconf 76' lang='lat' dir='ltr'><strong>infrigidat:</strong></span> <span class='ocrx_word' id='word_1_194' title='bbox 510 2797 593 2861; x_wconf 90' lang='lat' dir='ltr'><strong>unde</strong></span> <span class='ocrx_word' id='word_1_195' title='bbox 616 2796 813 2861; x_wconf 88' lang='lat' dir='ltr'><strong>crediderunt</strong></span> <span class='ocrx_word' id='word_1_196' title='bbox 846 2799 1004 2884; x_wconf 73' lang='lat' dir='ltr'><strong>quoditie</strong></span> 
     </span>
     <span class='ocr_line' id='line_1_31' title="bbox 79 2885 1010 2974; baseline 0.004 -24"><span class='ocrx_word' id='word_1_197' title='bbox 79 2906 259 2974; x_wconf 78' lang='lat' dir='ltr'><strong>processus,</strong></span> <span class='ocrx_word' id='word_1_198' title='bbox 281 2907 298 2950; x_wconf 93' lang='lat' dir='ltr'><strong>a</strong></span> <span class='ocrx_word' id='word_1_199' title='bbox 320 2886 482 2950; x_wconf 70' lang='lat' dir='ltr'><strong>contrariis</strong></span> <span class='ocrx_word' id='word_1_200' title='bbox 501 2885 659 2950; x_wconf 79' lang='lat' dir='ltr'><strong>aflectibus</strong></span> <span class='ocrx_word' id='word_1_201' title='bbox 682 2888 713 2949; x_wconf 92' lang='lat' dir='ltr'><strong>in</strong></span> <span class='ocrx_word' id='word_1_202' title='bbox 736 2901 903 2953; x_wconf 78' lang='lat' dir='ltr'><strong>contrarias</strong></span> <span class='ocrx_word' id='word_1_203' title='bbox 930 2906 1010 2954; x_wconf 47' lang='lat' dir='ltr'><strong>cau-¹</strong></span> 
     </span>
     <span class='ocr_line' id='line_1_32' title="bbox 80 2973 1006 3062; baseline 0.003 -22"><span class='ocrx_word' id='word_1_204' title='bbox 80 2996 149 3051; x_wconf 74' lang='lat' dir='ltr'><strong>rac,</strong></span> <span class='ocrx_word' id='word_1_205' title='bbox 173 2997 235 3041; x_wconf 88' lang='lat' dir='ltr'><strong>non</strong></span> <span class='ocrx_word' id='word_1_206' title='bbox 258 2973 382 3039; x_wconf 74' lang='lat' dir='ltr'><strong>deliniat</strong></span> <span class='ocrx_word' id='word_1_207' title='bbox 405 2994 502 3060; x_wconf 86' lang='lat' dir='ltr'><strong>nsque</strong></span> <span class='ocrx_word' id='word_1_208' title='bbox 525 2974 563 3039; x_wconf 89' lang='lat' dir='ltr'><strong>atl</strong></span> <span class='ocrx_word' id='word_1_209' title='bbox 587 2976 685 3060; x_wconf 89' lang='lat' dir='ltr'><strong>prima</strong></span> <span class='ocrx_word' id='word_1_210' title='bbox 719 2994 822 3039; x_wconf 87' lang='lat' dir='ltr'><strong>rerum</strong></span> <span class='ocrx_word' id='word_1_211' title='bbox 846 2976 1006 3062; x_wconf 83' lang='lat' dir='ltr'><strong>principia.</strong></span> 
     </span>
     <span class='ocr_line' id='line_1_33' title="bbox 79 3062 1006 3151; baseline 0 -21"><span class='ocrx_word' id='word_1_212' title='bbox 79 3064 120 3129; x_wconf 71' lang='lat' dir='ltr'><strong>lit</strong></span> <span class='ocrx_word' id='word_1_213' title='bbox 142 3066 496 3151; x_wconf 87' lang='lat' dir='ltr'><strong>quiaomniaeontraria</strong></span> <span class='ocrx_word' id='word_1_214' title='bbox 510 3064 660 3127; x_wconf 91' lang='lat' dir='ltr'><strong>contineri</strong></span> <span class='ocrx_word' id='word_1_215' title='bbox 678 3062 819 3128; x_wconf 84' lang='lat' dir='ltr'><strong>ridentur</strong></span> <span class='ocrx_word' id='word_1_216' title='bbox 842 3068 899 3129; x_wconf 84' lang='lat' dir='ltr'><strong>rub</strong></span> <span class='ocrx_word' id='word_1_217' title='bbox 924 3065 1006 3131; x_wconf 90' lang='lat' dir='ltr'><strong>bono</strong></span> 
     </span>
     <span class='ocr_line' id='line_1_34' title="bbox 76 3152 1009 3239; baseline 0 -20"><span class='ocrx_word' id='word_1_218' title='bbox 76 3168 113 3219; x_wconf 86' lang='lat' dir='ltr'><strong>et</strong></span> <span class='ocrx_word' id='word_1_219' title='bbox 136 3154 233 3232; x_wconf 85' lang='lat' dir='ltr'><strong>malo,</strong></span> <span class='ocrx_word' id='word_1_220' title='bbox 256 3155 288 3217; x_wconf 93' lang='lat' dir='ltr'><strong>in</strong></span> <span class='ocrx_word' id='word_1_221' title='bbox 310 3166 461 3239; x_wconf 84' lang='lat' dir='ltr'><strong>quantum</strong></span> <span class='ocrx_word' id='word_1_222' title='bbox 497 3152 724 3217; x_wconf 85' lang='lat' dir='ltr'><strong>contrariorum</strong></span> <span class='ocrx_word' id='word_1_223' title='bbox 761 3172 885 3238; x_wconf 83' lang='lat' dir='ltr'><strong>semper</strong></span> <span class='ocrx_word' id='word_1_224' title='bbox 908 3174 1009 3219; x_wconf 87' lang='lat' dir='ltr'><strong>unum·</strong></span> 
     </span>
     <span class='ocr_line' id='line_1_35' title="bbox 74 3241 1022 3323; baseline 0 -16"><span class='ocrx_word' id='word_1_225' title='bbox 74 3256 127 3308; x_wconf 81' lang='lat' dir='ltr'><strong>eat</strong></span> <span class='ocrx_word' id='word_1_226' title='bbox 151 3243 322 3318; x_wconf 80' lang='lat' dir='ltr'><strong>delicieris,</strong></span> <span class='ocrx_word' id='word_1_227' title='bbox 346 3256 380 3305; x_wconf 91' lang='lat' dir='ltr'><strong>ut</strong></span> <span class='ocrx_word' id='word_1_228' title='bbox 402 3242 525 3323; x_wconf 84' lang='lat' dir='ltr'><strong>nigrum</strong></span> <span class='ocrx_word' id='word_1_229' title='bbox 549 3253 580 3304; x_wconf 84' lang='lat' dir='ltr'><strong>et</strong></span> <span class='ocrx_word' id='word_1_230' title='bbox 613 3260 778 3319; x_wconf 62' lang='lat' dir='ltr'><strong>aratorum,</strong></span> <span class='ocrx_word' id='word_1_231' title='bbox 815 3241 898 3307; x_wconf 90' lang='lat' dir='ltr'><strong>aliud</strong></span> <span class='ocrx_word' id='word_1_232' title='bbox 934 3248 1022 3307; x_wconf 85' lang='lat' dir='ltr'><strong>rero&#39;</strong></span> 
     </span>
     <span class='ocr_line' id='line_1_36' title="bbox 75 3329 1088 3433; baseline -0.001 -37"><span class='ocrx_word' id='word_1_233' title='bbox 75 3329 269 3433; x_wconf 81' lang='lat' dir='ltr'><strong>perfectum,</strong></span> <span class='ocrx_word' id='word_1_234' title='bbox 292 3344 326 3396; x_wconf 93' lang='lat' dir='ltr'><strong>ut</strong></span> <span class='ocrx_word' id='word_1_235' title='bbox 348 3329 438 3395; x_wconf 84' lang='lat' dir='ltr'><strong>dulae</strong></span> <span class='ocrx_word' id='word_1_236' title='bbox 460 3343 491 3393; x_wconf 92' lang='lat' dir='ltr'><strong>et</strong></span> <span class='ocrx_word' id='word_1_237' title='bbox 511 3329 642 3411; x_wconf 83' lang='lat' dir='ltr'><strong>album,</strong></span> <span class='ocrx_word' id='word_1_238' title='bbox 664 3329 733 3393; x_wconf 87' lang='lat' dir='ltr'><strong>ideo</strong></span> <span class='ocrx_word' id='word_1_239' title='bbox 767 3334 1023 3396; x_wconf 80' lang='lat' dir='ltr'><strong>aestimaverunt</strong></span> <span class='ocrx_word' id='word_1_240' title='bbox 1086 3360 1088 3375; x_wconf 76' lang='lat'>=</span> 
     </span>
    </p>
   </div>
   <div class='ocr_carea' id='block_1_2' title="bbox 74 3418 1025 3577">
    <p class='ocr_par' dir='ltr' id='par_1_5' title="bbox 74 3418 1025 3577">
     <span class='ocr_line' id='line_1_37' title="bbox 74 3418 1025 3577; baseline 0 -91"><span class='ocrx_word' id='word_1_241' title='bbox 74 3421 291 3577; x_wconf 60' lang='lat' dir='ltr'><strong>quodaprinra</strong></span> <span class='ocrx_word' id='word_1_242' title='bbox 314 3418 454 3485; x_wconf 89' lang='lat' dir='ltr'><strong>omnium</strong></span> <span class='ocrx_word' id='word_1_243' title='bbox 478 3419 574 3485; x_wconf 78' lang='lat' dir='ltr'><strong>tenta</strong></span> <span class='ocrx_word' id='word_1_244' title='bbox 610 3418 758 3563; x_wconf 83' lang='lat' dir='ltr'><strong>principia</strong></span> <span class='ocrx_word' id='word_1_245' title='bbox 793 3420 853 3487; x_wconf 86' lang='lat' dir='ltr'><strong>sint</strong></span> <span class='ocrx_word' id='word_1_246' title='bbox 887 3421 1025 3486; x_wconf 88' lang='lat' dir='ltr'><strong>bonum</strong></span> 
     </span>
     <span class='ocr_line' id='line_1_38' title="bbox 75 3525 993 3577; baseline 0.008 -2"><span class='ocrx_word' id='word_1_247' title='bbox 75 3525 112 3575; x_wconf 87' lang='lat' dir='ltr'><strong>et</strong></span> <span class='ocrx_word' id='word_1_248' title='bbox 136 3531 172 3577; x_wconf 90' lang='lat' dir='ltr'><strong>m</strong></span> <span class='ocrx_word' id='word_1_249' title='bbox 204 3530 257 3576; x_wconf 92' lang='lat' dir='ltr'><strong>um</strong></span> <span class='ocrx_word' id='word_1_250' title='bbox 992 3554 993 3559; x_wconf 22' lang='grc' dir='ltr'>ι</span> 
     </span>
    </p>
   </div>
   <div class='ocr_carea' id='block_1_3' title="bbox 0 0 1246 3975">
    <p class='ocr_par' dir='ltr' id='par_1_6' title="bbox 0 0 1246 3975">
     <span class='ocr_line' id='line_1_39' title="bbox 0 0 1246 3975; baseline 0 7"><span class='ocrx_word' id='word_1_251' title='bbox 0 0 1246 3975; x_wconf 95' lang='lat' dir='ltr'><strong> </strong></span> 
     </span>
    </p>
   </div>
  </div>
 </body>
</html>
