2484 3975
460 79 471 117 Ι

478 265 663 310 utssanmrro
962 248 1028 315 57ss

109 361 122 395 ι
149 332 243 400 sitatis
266 346 499 419 argueretur».
524 333 626 415 Opera
652 333 787 419 perlege,
810 354 890 419 quae
918 351 1026 403 contra

111 424 291 490 ilcoranum
316 422 446 506 plurima
459 444 495 489 ao
518 422 700 489 solidissima
714 422 867 508 prodiere
883 444 963 509 quae
976 426 1027 494 Vi·

110 514 135 578 ri
156 511 323 577 doctissimi
347 512 452 597 amplo
474 526 596 578 versant
619 524 747 587 tractatu
771 527 950 595 argumenta
987 515 1026 581 ad

110 602 184 666 baec
213 600 252 665 ab
283 601 432 687 Aquinate
470 603 625 688 proposita
663 601 761 689 capita
787 600 886 686 redigi
922 604 1027 669 omnia

108 689 230 777 proprio
253 691 464 776 experimento
487 690 649 755 constabit.

170 778 239 843 Pari
273 778 456 843 convellitur
478 781 631 844 rationum
656 778 761 862 vigore
784 777 893 863 religio
907 793 958 844 aut
974 800 1026 845 su·

105 868 240 951 perstitio
264 866 419 933 Gentium.
441 868 520 933 'lota
544 869 682 932 innititur
705 868 828 931 incertis
851 882 882 932 et
912 866 1026 934 laliaci·

105 957 160 1022 bus
184 957 345 1021 bominum
366 956 579 1021 traditionibus
603 977 680 1042 quas
704 956 743 1020 ab
767 957 949 1039 ignorantia,
974 972 1026 1023 aut

105 1064 218 1119 errore,
241 1059 294 1109 aut
317 1066 408 1129 prava
431 1046 591 1110 allectione
614 1045 721 1121 animi,
756 1058 808 1109 aut
841 1044 948 1111 fraude
971 1047 1027 1112 do·

105 1133 195 1217 loque
214 1133 347 1199 invectas
370 1134 493 1219 probari
518 1148 548 1199 et
570 1135 668 1197 evinci
694 1146 801 1217 potest.
840 1134 918 1199 Vitia
956 1156 1026 1219 pro-

105 1220 216 1288 bantur
249 1244 285 1287 ae
308 1224 535 1307 turpitudines
528 1244 559 1288 ru
572 1222 731 1309 disciplina
750 1243 887 1297 morum;
900 1224 1027 1289 eadem

104 1311 255 1397 quevel
247 1312 320 1397 ipsis
343 1312 521 1378 homiuibus
543 1312 670 1397 indigna
694 1310 761 1377 Deo
787 1312 915 1413 illisque
939 1313 1025 1378 attri-

104 1398 253 1465 buuntur.
276 1400 409 1467 Numina
440 1421 585 1487 suprema
624 1400 711 1486 plura
751 1414 842 1486 atque
880 1400 959 1467 inter
993 1422 1027 1467 se
1079 1418 1088 1431 ·

101 1488 228 1554 adversa
251 1489 502 1575 multiplicantur,
525 1511 560 1556 ee
583 1489 705 1555 debitus
728 1490 780 1553 uni
820 1490 886 1556 Deo
926 1490 1027 1556 uultus

100 1577 312 1643 transfertur
303 1600 333 1643 m
351 1580 539 1654 homines,
531 1600 562 1644 m
586 1578 742 1656 sidera,
735 1578 1001 1657 inclamante,
994 1601 1025 1645 m

100 1665 169 1731 uilia
191 1679 320 1732 naturae
343 1680 374 1732 et
397 1668 560 1732 bominum
584 1687 689 1752 opera.
713 1666 822 1750 Deque
845 1668 912 1731 Deo
942 1666 1027 1752 ejus-

98 1776 160 1839 que
182 1756 333 1821 attributis
355 1757 380 1821 si
403 1778 484 1842 quae
519 1757 672 1833 veritates,
703 1755 861 1821 erroribus
897 1758 1026 1841 putidis-

97 1845 182 1909 simis
207 1846 365 1911 immixtae
388 1859 613 1948 proponuntur.
643 1845 771 1910 Summa
813 1843 941 1946 hujusce
980 1846 1025 1911 rei

95 1934 195 2036 capita
212 1935 318 2008 innuo,
347 1956 427 2020 quac
450 1934 515 2021 ipse
543 1934 714 1999 Thomas
708 1954 738 1998 m
763 1934 876 2020 operis,
900 1954 961 2020 quo
986 1934 1025 2000 de

96 2023 229 2114 agimus,
252 2023 384 2089 decursu
408 2024 534 2090 uberius
562 2023 1025 2112 pertracta13eademquc‚non

96 2098 180 2191 alia,
190 2112 418 2198 amplificarunt
442 2113 503 2178 alii.

202 2250 272 2316 XII.
295 2251 422 2317 litationi
443 2251 585 2316 naturali
607 2249 741 2314 aduorso
763 2270 825 2314 nun
847 2261 920 2316 surtt

322 2340 472 2426 Mysterio
495 2340 583 2427 Fidei
606 2339 803 2404 christianae.

163 2461 304 2547 llysteria
327 2462 398 2527 iidei
423 2461 608 2526 christianae
639 2481 781 2546 pugnare
803 2475 908 2526 eontra
933 2463 1024 2528 ratio·

94 2570 172 2616 nem
195 2551 384 2618 contendunt
410 2564 567 2636 postremo
596 2550 765 2633 Religionis
788 2549 941 2614 revelatae
967 2552 1025 2617 bo-

95 2654 172 2717 stes,
184 2640 312 2705 minime
336 2640 443 2705 abnuit
465 2638 574 2704 Petrus
597 2638 732 2724 Baylius.
757 2638 886 2722 lmpium
900 2640 1024 2707 illorum

92 2727 261 2794 consilium
285 2742 379 2794 estut
402 2727 543 2813 llysteria
566 2727 649 2804 fidei,
662 2727 751 2791 sicuti
776 2727 886 2791 rationi
912 2729 1021 2794 adver-

93 2839 141 2895 se,
165 2818 207 2882 ita
230 2831 387 2904 tamquam
410 2817 484 2881 ialsa
508 2831 538 2881 et
560 2816 769 2882 commentitia
806 2815 953 2900 rejiciant.
985 2818 1026 2885 Ea

94 2921 205 2972 menta
229 2907 354 2971 rationis
379 2925 516 2993 pugnam
538 2926 610 2971 cum
635 2904 696 2970 lide
719 2904 881 2968 admittere
905 2927 938 2970 se
955 2927 1025 2992 pro-

93 2995 203 3060 litetur
226 2995 361 3080 Baylius,
377 3009 411 3060 ut
434 2995 529 3081 ipsius
553 2995 625 3060 fidei
649 2993 822 3078 triumphus
859 2993 897 3058 de
937 3016 1024 3080 pros·

93 3097 176 3148 trata
201 3085 319 3149 ratione
343 3100 442 3149 canat.
469 3085 554 3149 Hanc
577 3082 664 3147 illum
689 3081 850 3147 simulasse
874 3082 1022 3168 pietatem

93 3173 278 3257 grauissima
302 3173 435 3259 suspicio
459 3187 514 3251 est,
537 3192 572 3236 ae
596 3171 670 3236 illud
694 3173 786 3234 etium
804 3171 939 3256 ‘impium
965 3173 1022 3258 ipsi

91 3261 260 3326 consilium
287 3261 445 3336 insedisse,
470 3274 502 3326 ut
525 3260 608 3336 lidei,
631 3280 725 3345 quam
752 3260 793 3322 ait
820 3260 931 3324 retinui
966 3261 1023 3326 ob·

91 3352 206 3417 sistere
230 3371 291 3415 non
317 3350 427 3427 valere,
452 3350 618 3414 sanitatem
643 3347 824 3413 obtruderet
851 3349 926 3413 nibil
962 3350 1023 3415 tale

90 3438 313 3524 cogitantibus.

167 3526 335 3615 Utramque
357 3546 493 3615 pugnam
529 3525 714 3594 validissime
729 3525 876 3615 pugnavit
891 3525 922 3594 S.
940 3526 1025 3595 'lbo-
