2484 3975
296 261 353 306 cro.
377 263 415 308 tv.
439 262 502 307 aar.
526 261 603 305 aaut.
628 260 664 304 ar
685 259 775 306 artri.
951 239 1019 308 utu

165 326 285 405 Adbuc,
309 331 333 395 si
357 331 525 399 substantia
562 330 649 416 panis
683 329 773 406 redit,
809 347 935 396 necesse
974 344 1020 396 est

93 417 181 504 quod
204 418 252 483 vel
277 418 383 484 redeat
420 418 580 506 speciebus
614 417 701 503 panis
740 419 946 498 manentibus,
969 419 1018 485 vel

94 506 258 592 speciebus
280 509 368 593 panis
387 507 452 592 jam
476 507 647 585 destructis.
687 505 855 593 Speciebus
877 508 1016 593 'quidem

94 595 185 681 panis
207 594 399 676 durantibus,
422 596 590 686 substantia
614 594 701 682 panis
724 594 826 661 redire
866 616 929 660 nou
964 616 1017 684 po·

93 697 164 760 tuse
186 683 269 770 utria,
291 685 439 770 quamdiu
461 686 578 771 specics
601 696 738 762 monent,
761 698 866 750 manet
889 685 947 750 sub
971 685 1017 750 eis

89 771 263 837 substantia
289 775 430 860 corporis
452 772 579 849 Cbristi3
602 785 783 857 sequeretur
816 793 891 858 ergo
930 772 1016 860 quod

89 859 185 924 simul
208 875 287 925 esset
301 861 341 926 ibi
358 862 529 926 substantia
543 861 631 948 panis
643 874 673 924 et
691 860 861 926 substantia
877 862 1014 949 corporis

91 947 216 1014 Christi}
244 948 391 1014 Similiter
411 951 506 1016 utiam
529 968 631 1033 neque
667 951 818 1036 corruptis
852 949 1015 1037 speciebus

92 1038 192 1124 panis,
214 1038 384 1103 substantia
406 1039 494 1126 panis
515 1039 616 1104 redire
639 1051 749 1123 potcst;
773 1052 837 1104 tum
854 1039 1012 1126 quiusub-

90 1127 202 1190 stantia
226 1127 397 1212 panis'non
420 1129 555 1193 estsine
579 1127 711 1214 propriis
734 1126 906 1214 speciebus,
945 1142 1011 1194 tum

82 1215 176 1300 -quie,
197 1214 359 1280 destructis
380 1216 543 1303 speciebus
567 1218 654 1302 panis
685 1213 751 1298 jam
789 1230 933 1300 generata
967 1231 1014 1283 est

91 1303 153 1368 alia
175 1303 356 1378 substantia,
379 1305 418 1370 ad
442 1304 531 1390 cujus
570 1307 803 1388 generationem
842 1305 1015 1393 ponebatur

88 1391 176 1478 qaod
198 1391 366 1458 substantia
390 1393 478 1479 panis
502 1392 625 1458 rediret.

155 1479 370 1565 bleliusigitnr
392 1482 558 1548 dicendum
592 1480 723 1559 uidetur,
758 1481 842 1567 qnod
880 1483 913 1548 in
945 1482 1010 1570 ipsa

14 1643 20 1656 ‚
75 1569 332 1645 ‘consecratione
354 1570 433 1635 sicut
455 1570 623 1635 substantia
638 1571 724 1655 penis
740 1570 771 1633 iu
796 1589 908 1658 corpus
924 1569 1011 1636 Cbri·

87 1658 127 1721 sti
150 1657 333 1723 miraculose
355 1660 553 1737 convertitur,
578 1660 618 1723 ita
652 1657 837 1723 miraculose
870 1659 1011 1725 acciden-

87 1745 171 1812 tibus
193 1745 350 1812 confertur
371 1746 456 1834 quod
478 1747 655 1824 subsistant,
679 1747 763 1832 quod
779 1761 826 1812 est
848 1750 1007 1835 proprium

85 1835 288 1912 substantium
311 1849 341 1900 et
363 1857 420 1922 per
441 1855 633 1924 consequeus
656 1835 739 1921 quod
763 1836 865 1900 omnia
890 1837 1008 1922 possint

87 1922 191 1989 lucere
212 1925 329 2010 et-pati
354 1945 434 2010 quac
456 1926 625 1991 substantio
650 1938 752 2012 posset
776 1923 878 1990 lacere
899 1937 931 1989 et
944 1927 1004 2012 poti

84 2014 113 2077 si
136 2014 306 2089 substantia
328 2012 459 2092 adesses
483 2015 577 2093 unde,
597 2014 665 2079 siue
699 2032 780 2079 uoto
805 2014 1006 2094 miraculo,et

83 2101 244 2167 inebriare
266 2115 298 2166 et
322 2104 439 2167 nutrire
462 2117 495 2169 et
517 2101 679 2168 incinerari
703 2115 734 2167 et
757 2102 913 2189 putrefieri
938 2125 1008 2189 poa-

85 2189 302 2265 scabendum
324 2190 419 2256 modo
441 2205 471 2257 et
495 2191 604 2257 ordine
627 2210 663 2255 nc
685 2192 711 2258 si
733 2192 901 2258 substantia
919 2194 1006 2280 penit

86 2278 203 2343 etvini
227 2278 357 2344 adesset.
891 2302 893 2305 ·

372 2453 435 2521 CA
451 2455 474 2521 P
491 2454 516 2520 U
532 2456 558 2521 Τ
596 2454 712 2523 extu.

84 2587 208 2701 &letio
225 2652 332 2697 eorum
350 2652 430 2719 quoe
444 2630 666 2717 objiciebantur
680 2650 719 2696 esc
725 2642 819 2716 purte
833 2630 1006 2718 fractionis.

88 2888 93 2903 ι
153 2810 256 2877 llcs'tut
279 2821 383 2874 autem
407 2828 443 2873 ea
466 2828 546 2895 quae
568 2807 607 2872 ad
631 2807 770 2895 quintam
795 2806 1005 2878 difficultatem

85 2900 240 2987 pertineat
261 2896 423 2983 speculari.
448 2896 641 2962 blanilestum
659 2910 705 2962 est
717 2911 820 2963 autem
834 2901 1006 2967 secuudum

84 2988 241 3075 praedicta
255 2986 338 3071 quod
352 2986 506 3051 fractionis
518 2984 693 3069 subjectum
714 3006 829 3072 ponere
841 3009 1005 3074 possumus

85 3077 295 3142 dimensiones
319 3093 430 3161 perse
452 3075 663 3151 subsistentem
687 3094 744 3139 nec
768 3090 882 3155 tamen,
899 3079 1004 3164 hujus·

85 3165 171 3232 modi
193 3162 439 3230 dimensionibus
461 3161 573 3240 lractis,
584 3162 736 3247 frangitur
752 3163 922 3231 substantia
939 3188 1007 3233 cor·

85 3255 169 3342 poris
192 3253 377 3327 Cbristi‚.co
399 3252 482 3338 quod
517 3263 615 3316 totum
654 3270 766 3338 corpus
804 3252 914 3323 Christi
950 3257 1007 3323 sub

85 3343 224 3428 qualibet
247 3341 389 3427 portione
410 3353 579 3405 remaneat.
602 3339 695 3422 Quod
709 3340 846 3426 quidem,
871 3343 927 3408 etsi
951 3343 1006 3409 dil·

86 3432 166 3498 boile
190 3430 340 3509 videatur,
363 3443 478 3508 tameo,
499 3429 722 3495 secuudumea
748 3433 1008 3518 quaepraemissn

85 3534 158 3587 auat
179 3521 222 3609 (o.
246 3518 317 3607 bi),
338 3519 452 3609 exponi
476 3519 578 3587 babet.
602 3518 726 3589 Dictum
750 3536 794 3587 est
820 3523 1007 3617 enimsupre
