2484 3975
224 220 268 287 w
541 233 826 283 mmmm

144 316 147 334 ‘
224 309 318 415 iqltur
340 306 442 373 divina
466 307 598 373 essentia
622 306 661 371 sit
682 308 747 393 ipsa
771 301 960 391 paternitatis
984 303 1044 369 -uel
1067 302 1153 369 lilia-

225 396 316 461 tronis
339 396 459 470 relatio,
483 407 605 483 oportet
627 395 710 481 quod
733 390 883 481 quidquid
898 407 946 456 est
957 394 1151 479 paternitatis

224 484 386 571 'proprium
409 483 476 549 Deo
499 485 673 562 conveniat,
695 484 765 549 licet
787 481 952 568 paternitas
974 482 1013 547 sit
1034 482 1154 568 inipso

226 574 369 639 essentia.
395 572 444 638 Est
468 585 570 639 autern
598 572 659 637 boc
681 572 841 659 proprium
864 570 1053 655 paternitatis
1078 584 1156 635 uta

227 660 374 727 filiatione
398 661 614 746 distinguatur3
638 660 856 725 diciturenim
880 670 965 738 pater
987 658 1027 723 ad
1050 656 1155 723 fitium

226 751 312 837 quusi
337 750 376 815 ad
402 750 509 824 aliurn,
532 763 561 815 et
585 750 661 814 baec
684 760 729 814 est
752 748 828 813 ratio
852 747 946 831 patris
976 761 1010 814 ut
1031 746 1070 812 sit
1093 745 1154 811 lilii

226 853 322 925 pater.
347 838 430 903 licet
456 858 530 921 ergo
553 837 638 903 Deus
661 836 751 903 Pater
772 836 812 900 sit
833 835 937 900 diuina
964 836 1155 913 essentiam

227 927 368 993 similiter
391 926 475 992 Deus
500 926 607 1003 Filius,
630 946 667 990 es
683 926 743 991 boc
767 938 870 991 tamen
894 924 976 1010 qood
992 937 1039 989 est
1061 924 1157 990 Pater

228 1015 425 1100 distinguitur
447 1037 463 1079 a
487 1014 575 1093 Filio,
600 1014 669 1079 licet
690 1015 729 1079 sit
759 1032 857 1078 unum
894 1032 932 1077 cx
969 1014 1029 1079 boc
1065 1012 1156 1099 quod

227 1110 356 1189 uterque
380 1116 425 1168 est
448 1104 550 1169 diuina
574 1103 717 1168 essentia.

295 1192 337 1257 lli
359 1192 419 1257 boc
441 1193 533 1256 ctiam
557 1204 642 1278 patet
663 1188 748 1276 quod
774 1189 883 1255 relutio
906 1189 937 1253 in
954 1188 1065 1255 divinis
1087 1208 1155 1255 oon

231 1292 278 1345 est
301 1281 420 1366 absque
445 1280 597 1357 absoluto,
623 1279 711 1345 aliter
744 1290 848 1343 tamen
883 1292 1091 1363 ‘comparatur
1113 1276 1157 1343 ed

145 1379 147 1384 '
233 1369 409 1436 absolutum
435 1368 466 1433 in
490 1369 557 1434 Deo
589 1389 683 1455 quam
707 1369 738 1433 in
762 1366 854 1433 rebus
876 1368 995 1432 creatis.
1019 1366 1097 1431 llum
1122 1367 1157 1432 in

234 1459 327 1524 rebus
351 1457 460 1523 creatis
483 1470 679 1544 eomparatur
702 1456 809 1521 relatio
832 1455 872 1521 sd
887 1454 1062 1521 absolutum
1077 1457 1160 1521 siout

234 1546 375 1612 accidens
399 1546 438 1612 ad
463 1546 860 1631 subjectum31rouautcur
887 1545 917 1609 iu
942 1543 1009 1609 Deo
1024 1545 1078 1623 sic,
1100 1543 1160 1610 sed

238 1655 294 1719 per
316 1634 443 1700 modurn
468 1633 643 1712 identitatis,
673 1634 752 1699 sicut
785 1646 831 1698 est
852 1632 892 1698 de
914 1633 981 1698 aliis
1013 1653 1094 1719 quae
1116 1633 1162 1699 de

236 1724 305 1789 Deo
329 1723 482 1789 dicuntur.
508 1723 591 1787 ldcm
628 1735 730 1788 autent
754 1720 926 1807 subjectum
961 1742 1023 1786 non
1058 1734 1162 1807 potest

219 1812 393 1898 :oppositas
417 1812 580 1877 relationes
603 1810 634 1875 in
657 1831 691 1877 se
714 1810 840 1888 babere,
865 1823 898 1875 ut
913 1811 952 1875 sit
967 1811 1161 1876 idembouro

237 1914 324 1988 pater
346 1912 378 1965 ct
401 1900 481 1966 filius
505 1898 678 1965 secundum
702 1900 796 1975 idem;
818 1897 873 1963 sed
896 1899 1026 1964 essentia
1042 1898 1162 1977 divina,

237 2003 363 2077 propter
398 1988 608 2055 omnimodam
638 1988 705 2073 ejus
739 1985 972 2074 perfectionem,
1006 1988 1088 2054 idem
1111 2004 1163 2056 est

235 2091 266 2144 et
289 2078 457 2165 sapientiae
479 2090 510 2141 et
541 2076 678 2161 justitiae
709 2091 739 2141 et
762 2076 829 2142 aliis
863 2076 1041 2164 hujusmodi
1075 2097 1162 2164 quae

236 2166 319 2256 opud
344 2187 400 2232 nos
423 2167 453 2230 in
470 2166 597 2230 diversis
634 2164 799 2250 generibus
825 2166 1031 2232 continentur.
1055 2166 1091 2231 Et
1113 2169 1162 2233 sic

237 2255 314 2320 nibil
338 2255 480 2342 probibet
504 2274 597 2319 uuam
620 2255 784 2320 essentiam
808 2274 876 2318 esse
898 2253 980 2320 idem
1003 2270 1033 2321 et
1056 2268 1166 2338 pater·

237 2344 325 2411 nitati
348 2359 379 2408 ct
402 2343 549 2420 filiationi,
572 2357 602 2408 et
625 2342 746 2407 Patrem
770 2342 926 2408 etlilium
942 2364 1039 2411 uuum
1054 2342 1162 2410 Deum

239 2453 317 2512 esse,
341 2433 412 2498 licet
434 2432 525 2498 Pater
547 2451 609 2496 non
633 2432 673 2496 sit
695 2431 800 2508 Filius3
822 2433 932 2496 eadem
955 2434 1038 2500 eninr
1054 2453 1163 2498 essen-

239 2523 278 2586 tia
303 2535 350 2588 est
372 2542 451 2607 quae
488 2532 533 2586 cst
571 2540 619 2586 res
657 2519 775 2585 babens
808 2539 876 2586 esse
910 2522 1090 2587 naturaliter
1126 2537 1164 2589 et

239 2611 367 2676 verbum
391 2609 584 2694 intelligibile
607 2608 761 2694 suiipsius.

308 2699 349 2764 Ex
373 2698 421 2764 bis
443 2699 534 2762 ctiam
557 2717 638 2782 quae
660 2697 740 2762 dicta
766 2708 835 2763 suut
870 2709 971 2784 potest
1002 2719 1070 2765 esse
1092 2719 1166 2765 tna-

239 2784 385 2853 niiestum
410 2786 492 2872 quod
516 2785 680 2850 relationes
714 2785 745 2849 iu
781 2783 848 2850 Deo
882 2800 953 2852 suut
987 2787 1166 2855 secuudum

238 2895 317 2953 rem,
343 2885 372 2940 et
397 2896 457 2938 non
481 2875 547 2940 solo
587 2873 753 2938 intellectu.
787 2871 897 2940 Omnis
934 2877 1017 2942 enim
1051 2877 1165 2945 relatio

239 2981 320 3050 quae
344 2963 540 3049 consequitur
563 2961 718 3048 propriam
741 2962 953 3048 operationem
971 2964 1100 3050 alicujus
1115 2970 1165 3034 rei

241 3066 293 3118 aut
318 3051 486 3139 potentium
511 3065 563 3115 aut
585 3050 786 3135 quantitatem
803 3063 855 3115 aut
867 3053 982 3138 aliquid
998 3053 1164 3139 hujusmo-

240 3143 281 3220 di,
304 3141 429 3206 realiter
452 3141 483 3204 in
507 3159 545 3204 eo
568 3137 620 3224 (l)
644 3140 754 3217 existit3
777 3139 866 3205 aliter
882 3143 965 3208 enim
981 3156 1061 3208 essct
1076 3141 1109 3206 in
1124 3163 1166 3210 eo

239 3231 305 3296 solo
331 3228 499 3304 intellectu,
523 3227 600 3294 sicut
624 3242 751 3313 apparet
773 3228 813 3295 de
835 3228 963 3295 scientia
997 3246 1029 3296 et
1053 3232 1167 3311 scibili3
1225 3276 1226 3285 η

240 3319 350 3384 relatio
374 3318 458 3384 enirn
482 3316 627 3382 scientiae
650 3317 689 3382 ad
713 3317 819 3384 scibile
841 3319 1038 3405 consequitur
1069 3321 1167 3386 actio·

240 3427 312 3472 nom
328 3407 460 3484 scientis,
469 3425 530 3470 uon
544 3418 646 3468 eutem
660 3406 812 3472 actionem
824 3405 948 3486 scibilis;
957 3407 1062 3475 scibile
1077 3410 1167 3477 enim

294 3508 336 3582 (l)
356 3507 693 3574 docebo-inhaere.
