2484 3975
351 234 407 281 utu.
432 235 469 280 tv.
494 234 557 281 etr.
581 233 640 281 xrtt.
664 234 700 279 ur
723 232 771 279 rr.
977 215 1023 281 ⁷9

100 320 295 389 stinationem
333 319 561 385 subsistentium
598 318 795 396 relationum,
829 316 885 384 setl
919 330 1025 385 tameu

99 424 171 485 sunt
194 430 274 475 uuus
298 406 382 473 Deus
406 422 531 495 proptor
567 408 716 473 unitatem
740 406 889 472 esseutiae
911 408 1026 475 subsis-

100 499 201 564 tentis.
226 497 291 563 lloe
313 507 416 562 autem
440 497 471 560 in
490 495 685 562 <hominibus
720 515 782 559 non
818 496 969 580 contingit
991 510 1026 563 ut

99 586 204 673 plures
229 585 322 671 aliqui
345 585 405 650 sint
427 604 507 650 unus
531 586 637 661 ltomu,
660 583 731 670 quia
758 584 892 649 essentia
916 585 1026 651 huma·

99 675 202 741 nitatis
226 695 288 739 non
312 684 358 737 est
380 692 441 737 una
464 693 595 739 numero
619 672 651 736 in
684 686 828 758 utruque,
851 690 953 756 neque
974 694 1025 739 es-

99 764 197 829 sentia
220 760 418 828 humanitatis
440 774 487 826 est
516 761 687 827 subsistens
721 775 755 827 ut
789 761 963 828 humanitus
986 762 1026 828 sit

99 853 205 919 humo.

166 940 208 1005 Ex
232 938 292 1004 hou
315 950 418 1003 autem
441 936 524 1023 quoti
548 938 580 1003 iu
603 936 671 1002 Deo
693 949 740 1003 est
756 937 907 1003 essentiae
922 938 1024 1004 unitas

99 1040 131 1093 et
153 1027 338 1093 relationum
373 1026 537 1103 distinctio,
560 1024 758 1092 manileatum
782 1026 815 1091 lit
839 1026 923 1112 quud
945 1026 1025 1094 nihil

100 1116 244 1203 prohibet
267 1116 298 1179 iu
321 1135 384 1181 uno
411 1115 478 1181 lleu
514 1115 654 1202 opposita
691 1114 844 1201 quaedam
881 1115 1025 1193 inueniri,

100 1204 151 1269 illa
175 1203 319 1269 duntaxat
342 1205 481 1291 opposita
504 1224 583 1292 quae
611 1204 770 1269 relationis
792 1203 1024 1271 distinctionem

100 1306 340 1380 consequuntur,
364 1308 397 1359 ut
417 1313 572 1377 generans
595 1308 627 1359 et
647 1292 799 1378 genitum,
821 1313 901 1379 quae
923 1314 1022 1382 oppo-

99 1396 215 1447 nuntur
237 1380 374 1455 relative,
398 1396 429 1447 et
452 1383 590 1467 genitum
614 1394 645 1446 et
668 1382 849 1466 ingenitum,
871 1402 953 1468 quae
967 1404 1024 1470 op·

98 1483 312 1557 ponunturut
334 1468 496 1537 affirmatio
512 1484 542 1535 et
565 1469 698 1555 negatio.
726 1469 916 1558 Ubicumque
938 1472 1025 1539 euim

97 1572 146 1625 est
166 1558 270 1645 aliqua
293 1557 458 1634 diuinatio,
488 1572 608 1645 oportet
626 1560 770 1624 invenire
791 1559 964 1643 negationis
986 1574 1019 1626 et

98 1645 311 1713 affirmationis
344 1648 593 1734 oppositionem
626 1667 707 1733 quae
730 1648 813 1713 euim
847 1648 1021 1714 seeundum

98 1734 217 1801 nullam
240 1734 478 1801 affirmationem
502 1751 532 1802 et
545 1738 741 1820 negationem
767 1734 923 1811 differunt,
938 1738 1025 1824 peul-

100 1837 150 1889 tus
173 1823 347 1889 indistinete
382 1838 463 1902 sunt3
485 1838 606 1909 oportet
636 1825 719 1889 enim
754 1824 839 1910 quod
872 1840 1024 1908 quantum

99 1911 139 1977 ad
163 1913 267 1979 omnia
290 1930 387 1977 unum
408 1928 487 1979 esset
508 1912 592 2000 quod
615 1927 661 1978 est
684 1912 825 1992 alterum,
847 1925 876 1977 et
898 1914 943 1980 sie
976 1934 1025 1981 es-

99 2014 169 2066 sent
190 2001 312 2087 penitus
334 2001 417 2068 idem
441 2017 472 2068 et
495 2003 582 2072 nullo
605 2001 700 2071 modo
724 2001 877 2068 distinata.

166 2088 248 2155 llaec
271 2090 363 2176 igitur
378 2089 628 2177 degeneratione
643 2091 747 2157 diviua
762 2090 845 2158 dieta
860 2090 1022 2160 sulliuiant.

423 2265 592 2334 CAPUT
627 2267 691 2336 XV.

202 2441 249 2508 Da
273 2441 394 2527 Spiritu
417 2442 541 2520 Sancto,
562 2444 646 2528 quod
667 2443 710 2508 ait
732 2444 766 2510 io
795 2445 921 2512 diuirtt'a

166 2617 295 2687 Diuinae
318 2631 423 2685 autem
446 2618 627 2708 Suriptura'e
648 2621 813 2687 auotoritas
836 2641 900 2688 nou
921 2623 1024 2692 solum

99 2707 189 2774 nobis
211 2708 243 2772 in
266 2707 377 2774 divinis
398 2706 522 2774 Patrem
558 2722 590 2774 et
614 2708 728 2775 Filium
764 2711 936 2792 annuntiat,
967 2712 1024 2780 sed

100 2797 148 2862 hia
171 2795 292 2866 duobus
325 2795 474 2884 Spiritum
511 2796 671 2866 Sanctumx
701 2813 916 2877 connumerau
950 2801 1024 2868 dicit

100 2886 185 2960 euim
207 2884 369 2950 Dominus:
391 2885 505 2952 Eurotas
527 2888 635 2954 docete
658 2905 764 2961 amota
784 2899 898 2974 proter,
923 2889 1025 2976 lapti-

100 2983 209 3042 autttea
231 2993 282 3039 eor
302 2975 337 3039 t'o
356 2977 480 3040 nuntior
501 2976 607 3042 Patria
638 2986 672 3041 et
710 2976 787 3042 Filii
824 2989 854 3042 ot
888 2978 1024 3064 Spiritus
1051 3004 1054 3017 ·

102 3062 220 3143 Sortott‘,
241 3062 359 3141 tiaran,
380 3063 436 3144 28,
458 3065 510 3143 t93
533 3078 573 3132 et:
602 3065 678 3131 Troo
702 3076 776 3132 aunt
798 3068 853 3150 qai
888 3069 1024 3134 uanam·

99 3152 186 3218 nium
208 3151 287 3218 durat
309 3151 343 3216 io
370 3153 469 3218 eaelo:
503 3153 610 3229 Pater,
655 3151 783 3220 Verium
821 3165 851 3220 et
887 3156 1024 3240 Spiritus

101 3240 245 3320 Sonam,
267 3242 283 3308 l
307 3240 408 3318 luen„
431 3241 462 3320 li,
484 3243 515 3310 7.
538 3241 637 3330 liuius
659 3244 753 3310 etiam
768 3242 903 3330 Spiritus
918 3244 1024 3312 Saueti

99 3330 330 3484 ρῐῖοῧςεῇῗιιεηῃ
351 3330 519 3486 quacmdum
542 3329 818 3486 SaoriapSeripffl
832 3351 1023 3400 commemo·

99 3438 156 3498 ra,
202 3439 240 3484 ret
275 3438 372 3486 earm:
423 3440 476 3485 taut
496 3440 600 3486 ueoerr
661 3440 740 3495 prae
1004 3443 1023 3488 ο

99 3509 223 3577 mittam
243 3507 329 3577 uuita
351 3527 371 3577 a
393 3509 499 3595 Putre,
538 3509 692 3600 Spiritum
728 3441 1023 3601 antimaria
