2484 3975
377 237 415 282 nu
439 235 560 282 umrtrr
574 235 766 282 rnrettocrus
965 217 1032 288 565

106 321 142 372 et
154 305 290 395 partibus
302 306 441 392 corporis
452 305 537 392 quasi
551 307 772 381 instrumentis,
784 302 871 370 multi
881 303 1031 378 habentes

32 466 36 472 ,
108 419 209 463 ιιιιιιιιι
233 396 356 468 oculum
381 408 482 460 essent
506 415 584 460 unus
608 393 723 459 ridens.
759 392 791 458 st
826 413 899 458 vero
922 397 1030 464 oculus

108 486 236 550 nonsit
264 484 430 570 principale
466 483 609 562 hominis,
631 483 686 548 sed
720 480 835 568 aliquid
868 483 907 549 sit
936 483 968 549 in
991 508 1030 552 eo

108 574 308 662 principalius
331 572 413 658 quod
437 572 532 638 utitur
554 573 655 651 oculo,
688 571 772 659 quod
807 570 1030 640 diversificatur

108 667 140 728 in
165 662 303 740 diuersis,
325 674 428 726 esseut
451 662 576 748 quidem
600 660 688 727 multi
717 660 865 746 uidentes,
886 661 942 726 sed
966 684 1028 731 uno

106 750 211 818 oculo.
234 746 426 816 Manifestum
451 765 497 816 est
531 762 635 816 autem
658 749 743 836 quod
777 749 949 816 intellectus
981 767 1030 818 est

105 841 141 906 id
163 839 247 926 quod
271 853 317 906 est
346 839 514 926 principale
541 839 722 905 innomine
754 851 786 903 et
817 837 900 924 quod
935 841 1029 908 utitur

106 929 254 994 omnibus
277 926 419 1014 potentiis
441 929 563 993 animae
585 942 615 993 et
640 927 787 992 membris
809 927 947 1014 corporis
962 943 1028 994 tnn-

107 1037 203 1106 quam
226 1017 360 1101 organis
394 1032 518 1103 propter
551 1016 636 1104 quod
669 1015 843 1082 Aristoteles
875 1016 1028 1084 subtiliter

108 1107 185 1171 dixit
199 1105 282 1194 quod
302 1133 317 1164 ι
333 1107 427 1170 homo
440 1119 485 1171 est
501 1105 671 1171 intellectus
685 1107 820 1171 maxime
841 1133 872 1171 ι.
887 1104 921 1170 Si
935 1105 1028 1192 igitur

107 1196 149 1262 ait
172 1215 252 1262 unus
274 1193 445 1259 intellectus
469 1195 620 1273 omnium,
643 1215 681 1259 ex
696 1195 876 1260 necessitate
890 1195 1028 1280 sequitur

107 1285 193 1371 quod
217 1284 256 1348 sit
278 1303 358 1348 unus
392 1281 574 1368 intelligens,
597 1297 627 1349 et
649 1303 706 1369 per
731 1304 923 1371 consequens
947 1305 1028 1351 unus

10 1393 15 1400 ·
108 1374 216 1440 uolens
240 1387 270 1439 et
285 1392 373 1437 unus
396 1386 495 1452 utens,
529 1391 585 1459 pro
608 1393 683 1437 suae
704 1373 870 1438 uoluntatis
892 1373 1029 1454 arbitrio,
1062 1413 1066 1417 ·

106 1463 254 1528 omnibus
277 1461 335 1526 illis
357 1460 619 1546 secundumquae
632 1461 1030 1528 hominesdirersilicantur

105 1551 147 1616 ad
172 1553 313 1617 inuicem.
336 1549 372 1613 Et
394 1568 431 1614 ex
455 1548 514 1616 ltoe
537 1548 664 1616 ulterius
685 1553 824 1635 sequitur
845 1550 930 1636 quod
944 1551 1027 1616 nulla

104 1640 277 1706 differentia
300 1638 338 1704 sit
364 1638 444 1704 inter
478 1639 619 1703 lronrines
642 1653 790 1724 quantum
824 1638 864 1703 ad
896 1638 1026 1706 liberum

105 1728 270 1795 voluntatis
292 1728 486 1806 electionem,
520 1727 708 1792 sedendam
743 1728 781 1792 sit
814 1728 966 1806 omnium,
999 1730 1026 1795 si

104 1817 288 1895 intellectus,
318 1815 401 1904 apud
434 1835 527 1902 quem
549 1815 650 1880 solum
684 1815 797 1888 residet
819 1817 1024 1903 principalitas

103 1921 136 1971 et
159 1907 330 1971 dominium
354 1905 458 1969 utendi
482 1904 627 1970 omnibus
648 1904 725 1982 aliis,
743 1920 791 1970 est
806 1925 886 1970 unus
897 1921 928 1971 et
938 1907 1021 1972 idem

105 1999 137 2061 in
161 1996 286 2061 dirersis
310 1994 497 2073 hominibus
519 1994 602 2081 quod
624 2008 671 2059 est
694 1993 854 2061 manifeste
864 1994 977 2062 lalsum
992 2010 1023 2062 et

104 2084 304 2172 impossibile.
327 2084 488 2171 Repugnat
521 2087 604 2149 enim
629 2084 778 2168 hisquae
810 2098 960 2172 apparent
992 2100 1023 2151 et

106 2174 236 2240 destruit
262 2186 357 2251 totam
391 2173 548 2237 scientiam
571 2172 722 2237 moralem
745 2186 776 2237 et
808 2173 912 2237 omnia
944 2193 1024 2259 quoe

106 2263 260 2349 pertinent
282 2262 320 2326 ad
343 2264 607 2328 curttersationern
631 2260 1025 2347 ciuilemquaecstornni·

105 2361 163 2419 ltus
187 2352 343 2428 naturalis,
368 2364 400 2414 ut
423 2350 599 2415 Aristoteles
622 2349 704 2415 dicit.

171 2440 289 2518 Adhuc,
313 2439 345 2503 Si
367 2458 477 2505 omnes
500 2439 642 2503 homines
664 2438 838 2524 intelligunt
859 2438 1024 2505 unointel·

107 2529 199 2607 lectu,
222 2530 486 2615 qualitercumque
508 2528 552 2593 eis
576 2528 709 2607 uniatur,
732 2542 785 2591 out
807 2526 1025 2595 utlormasive

106 2631 141 2683 ut
163 2633 275 2697 motor,
298 2619 337 2684 de
370 2618 549 2683 necessitate
585 2618 723 2702 sequitur
759 2616 844 2701 quod
880 2616 1023 2684 omnium

106 2706 270 2772 hominum
291 2710 331 2773 sit
353 2726 450 2771 unum
473 2724 604 2770 numero
626 2707 726 2791 ipsum
750 2704 921 2789 intelligere
938 2707 1021 2791 quod
1132 2724 1135 2727 ’

105 2808 152 2861 est
173 2794 264 2861 simul
288 2810 318 2862 et
340 2808 480 2881 respectu
504 2795 595 2859 unius
634 2791 842 2877 intelligibilis3
879 2807 961 2879 puta,
995 2796 1021 2859 si
1098 2811 1104 2832 t

106 2904 167 2969 ego
190 2884 326 2969 intelligo
348 2882 482 2969 lapidem
505 2894 535 2947 et
558 2894 590 2947 ιιι
612 2881 762 2961 similiter,
773 2885 927 2969 oportebit
938 2882 1022 2970 quod

109 2993 171 3039 una
192 2986 223 3037 et
245 2976 356 3039 cadem
377 2974 415 3037 sit
437 2970 649 3036 intellectualis
687 2972 824 3057 operatio
856 2985 887 3035 et
909 2971 972 3036 mei
994 2985 1026 3037 et

108 3062 162 3127 tui.
186 3060 252 3127 Non
275 3063 360 3127 enim
382 3072 569 3147 potestesse
592 3058 731 3145 ejusdem
754 3058 844 3123 actiui
874 3060 1026 3148 principii,
1089 3080 1093 3090 ·

107 3150 171 3217 sire
193 3152 231 3217 sit
253 3151 352 3217 lorma
373 3151 437 3223 sive
459 3149 497 3213 sit
518 3162 631 3220 motor,
653 3162 794 3233 respectu
806 3147 947 3234 ejusdem
970 3149 1027 3215 ob·

104 3239 188 3326 jeci,
212 3240 268 3306 nisi
292 3260 352 3305 ona
376 3256 506 3303 numero
530 3238 668 3323 operatio
683 3236 830 3324 ‘ejusdem
859 3239 972 3323 speciei
995 3240 1029 3305 in

108 3328 221 3395 eodem
243 3342 392 3417 tempore:
415 3324 498 3413 quod
521 3325 717 3391 inanilestum
741 3338 787 3391 est
808 3346 846 3391 ex
868 3325 916 3391 his
950 3346 1031 3414 quae

110 3416 315 3506 Philosophus
337 3415 522 3483 determinat
537 3414 698 3503 (physic,
720 3414 765 3500 d).
780 3414 877 3495 Unde,
888 3415 914 3480 si
926 3430 1030 3481 essent

110 3504 198 3575 multi
221 3507 363 3575 homines
398 3502 546 3571 habentes
585 3525 682 3571 unum
720 3505 856 3587 oculum,
888 3504 1030 3572 omnium
