2484 3975
219 205 284 270 out
492 243 495 251 ·
553 226 725 272 oruseuourr

219 292 375 362 intellectu
415 292 507 380 liujus
542 295 748 372 divinissimi,
785 293 874 380 eujus
908 291 1138 382 participatione

218 397 322 450 motor
344 382 420 449 caeli
444 397 490 448 est
514 383 687 468 intelligens
711 399 790 462 aotu;
814 384 896 471 quia,
919 383 942 448 si
968 381 1052 446 istud
1069 380 1137 446 diti·

218 472 380 539 nissimum
405 493 466 536 non
492 473 642 556 intelligit,
665 494 729 539 oon
741 475 798 539 erit
815 473 934 557 insigne
947 471 1000 556 (l)
1014 470 1138 553 aliquid,

217 561 272 628 sed
295 582 330 626 se
353 560 478 626 habebit
501 577 534 625 ut
556 561 726 638 dormiens,
749 596 794 612 -
816 563 840 627 si
864 576 968 626 autem
989 559 1139 644 intelligit,

220 651 277 716 erit
302 650 401 734 primo
424 649 574 716 dubitatio
608 651 767 733 quomodo
805 650 964 734 intelligat;
998 649 1085 735 quia,
1116 649 1138 712 si

218 738 359 823 intelligit
382 738 593 825 participando
616 740 731 826 aliquid
759 739 843 805 aliud
877 739 1033 824 superius,
1068 737 1141 801 sicut

219 849 276 912 per
298 827 586 913 participitotionenr
618 827 685 912 ejus
709 828 836 894 inlerior
859 826 1034 894 intellectus
1059 824 1141 890 intel-

219 917 297 1002 ligit,
331 931 480 1001 sequetur
511 917 594 1002 quod
618 919 675 982 erit
709 917 825 1005 aliquid
860 915 942 982 eliud
973 912 1142 1000 principale

219 1019 361 1093 respectu
385 1005 491 1090 ipsius,
514 1007 596 1091 quia,
630 1027 667 1072 ex
690 1028 752 1093 qtro
786 1027 842 1090 per
875 1004 1141 1092 participationem

219 1095 347 1160 alterius
370 1094 521 1177 intelligit,
545 1115 608 1160 non
636 1109 682 1160 est
706 1096 880 1180 intelligens
904 1114 959 1181 per
981 1114 1076 1160 suam
1099 1113 1142 1157 es·

217 1185 359 1259 sentiam,
382 1184 421 1246 ita
445 1181 527 1266 quod
550 1204 606 1248 sua
619 1183 788 1250 substantia
800 1185 838 1250 sit
856 1203 946 1248 suum
960 1182 1144 1266 intelligere,

220 1272 275 1337 sed
299 1271 399 1354 magis
422 1291 477 1336 sua
512 1271 681 1338 substantia
709 1275 765 1338 erit
788 1274 818 1338 in
843 1273 977 1358 potentia
1001 1283 1144 1355 respectu

218 1359 453 1445 intelligentiae,
475 1360 518 1425 sic
534 1362 616 1426 enim
635 1383 667 1428 se
685 1362 777 1427 babet
793 1361 962 1428 substantia
979 1358 1145 1444 cujuslibet

218 1447 427 1536 participantis
450 1448 490 1513 ad
513 1448 642 1534 idquod
666 1471 721 1536 per
733 1450 997 1537 participationem
1014 1448 1145 1521 obtineo

219 1552 250 1601 et
272 1537 313 1603 ito
344 1537 471 1602 ulterius
508 1551 655 1620 sequetur
687 1538 770 1625 quod
805 1539 880 1604 illud
915 1537 1145 1607 divinissimum
1214 1534 1215 1564 ¹

218 1648 281 1692 noo
307 1626 364 1690 erit
386 1627 502 1712 optimo
518 1625 698 1704 sttbstantio;
713 1628 796 1712 quod
813 1641 858 1692 est
873 1641 978 1692 eontra
995 1627 1145 1709 positum.

217 1754 262 1767 -
292 1716 392 1781 llovet
416 1716 507 1779 etiam
544 1730 770 1803 consequenter
792 1716 882 1782 aliam
917 1714 1145 1782 dubitationem

217 1805 258 1872 de
280 1826 318 1870 eo
341 1803 424 1891 quod
459 1802 640 1887 intelligitur
668 1805 707 1870 ab
731 1805 845 1892 optima
869 1803 1053 1870 substantia.
1078 1802 1145 1868 Sive

219 1895 301 1959 enim
325 1892 416 1958 detur
439 1892 522 1976 quod
546 1891 715 1970 substantia
751 1894 841 1980 primi
865 1894 903 1958 sit
941 1895 1044 1974 ipsum
1084 1891 1146 1978 ejus

216 1981 403 2067 intelligere,
425 1983 489 2047 sive
512 1980 681 2048 substantia
713 1982 779 2069 ejus
808 1986 846 2049 sit
880 1981 1059 2047 intellectus
1095 1981 1144 2069 qui

217 2084 415 2157 comparator
438 2071 477 2136 ad
502 2070 728 2155 intelligerent
754 2072 900 2157 potentia,
923 2070 1056 2135 dubium
1090 2070 1145 2135 erit

217 2162 292 2246 quid
315 2160 354 2226 sit
378 2159 454 2225 illud
478 2157 562 2244 quod
588 2160 729 2245 intelligit
752 2161 850 2245 prima
886 2158 1071 2236 substantia,
1096 2172 1146 2225 aut

217 2252 300 2315 enim
325 2248 468 2333 intelligit
491 2244 637 2335 seipsam,
663 2262 714 2314 aut
737 2249 852 2335 aliquid
877 2249 1033 2313 diversum
1060 2269 1080 2313 a
1103 2269 1145 2313 sc.

111 2352 115 2361 '
217 2340 299 2404 Etsi
324 2336 519 2424 deturquod
543 2337 658 2422 aliquid
691 2338 846 2403 diversum
871 2359 887 2402 a
911 2357 944 2403 se
980 2337 1145 2421 ilrtelligat,

218 2428 276 2493 erit
300 2427 428 2493 ulterius
451 2426 620 2491 dubitabile
645 2440 748 2491 utrum
771 2448 894 2513 semper
918 2424 999 2492 idem
1033 2425 1147 2491 intelli·

218 2531 280 2603 got,
303 2530 356 2582 aut
378 2515 566 2601 quandoque
590 2536 686 2579 uuum
711 2514 897 2602 qtrandoque
921 2515 1014 2580 uliud.

283 2606 318 2670 lit
349 2606 420 2691 quia
444 2617 545 2690 posset
568 2604 679 2689 aliquis
697 2604 798 2670 dicere
825 2605 908 2689 quod
941 2603 1014 2669 nibil
1041 2602 1146 2689 diflert

217 2694 291 2782 quid
316 2693 473 2777 intelligat,
494 2707 597 2757 motet
612 2713 706 2778 super
722 2694 781 2759 boo
798 2692 1019 2758 dubitationem
1037 2707 1146 2756 utrum

218 2784 333 2869 aliquid
357 2782 476 2847 differat
498 2781 545 2846 uel
570 2782 656 2859 nibil,
682 2785 713 2846 in
729 2802 925 2868 quocumque
942 2780 1147 2864 intelligente,

217 2872 388 2956 intelligere
411 2869 526 2955 aliquid
551 2869 668 2935 bonum
693 2885 744 2935 aut
778 2870 949 2953 intelligere
971 2860 1148 2955 ¹quodcum·

217 2982 278 3047 que
302 2959 494 3043 oontiogens;
517 2972 547 3023 et
570 2960 758 3045 respondet,
780 2958 967 3025 satisfaciens
992 2958 1064 3023 ltuic
1087 2957 1146 3021 du·

216 3049 378 3128 bitationi,
400 3047 484 3134 quod
514 3048 591 3113 «de
615 3048 800 3132 quibusdam
825 3047 994 3113 absurdum
1027 3060 1073 3111 est
1098 3046 1145 3109 in·

216 3138 356 3223 colligere
378 3159 420 3201 s:
460 3134 548 3222 eujus
572 3149 672 3222 potest
709 3154 775 3201 esse
798 3156 906 3201 sensus
930 3135 1065 3221 duplex:
1089 3133 1146 3199 vet

216 3228 287 3312 quia
311 3226 479 3291 absurdum
503 3237 550 3290 est
571 3224 743 3308 intelligere
767 3224 805 3288 de
828 3224 1012 3310 quibusdam
1037 3239 1143 3289 utrum

217 3336 254 3380 ea
277 3316 448 3400 intelligere
482 3314 521 3378 sit
555 3314 595 3378 ita
633 3313 749 3378 bouum
783 3313 861 3378 sicut
896 3312 1145 3401 (intelligere)

271 3504 309 3573 (l)
329 3504 440 3574 loricae,
460 3504 477 3556 i.
495 3520 517 3559 e.
538 3506 670 3575 supcrIus,
688 3506 855 3577 praecellens.
