2484 3975
197 212 239 278 ἥ
512 231 796 278 mmmm

193 301 315 387 quietae
338 297 516 378 allectionis,
539 320 610 365 cum
635 302 665 365 in
689 322 727 367 eo
750 299 905 384 Scriptura
917 311 1032 366 asserat
1047 301 1115 367 trio·

173 390 306 455 stitiam
330 389 423 455 fuisse
446 400 476 453 et
499 389 576 455 iram
599 402 630 454 et
653 390 727 456 alias
744 388 920 475 hujusmodi
945 390 1114 474 passiones.

192 477 260 632 111011
285 478 378 565 igitur
400 478 521 544 videtur
544 479 639 545 Filius
662 499 730 545 esse
746 477 887 563 ejusdem
902 492 1113 544 natutaeeum

219 584 295 633 atre.

258 656 375 736 Adhuc,
399 655 546 742 Expresse
580 656 613 719 in
648 655 806 741 scripturis
842 654 995 719 invenitur
1029 654 1113 743 qaod

193 746 286 812 Filius
310 745 367 810 Del
389 744 428 809 sit
460 757 611 819 oreatuta3
645 744 757 809 dieitur
790 741 884 807 enim:
918 743 1006 809 Dicit
1037 744 1115 809 milti
1159 741 1166 751 “

192 846 313 901 centor
336 834 485 905 emelinam
508 834 612 917 etqui
634 835 750 897 ereooit
773 853 820 897 nte
842 832 989 916 requievit
1010 834 1044 897 in
1068 844 1114 897 to·

193 923 357 989 bunoculo
380 941 457 999 meo,
480 920 581 998 ticet,
606 922 658 999 11,
683 922 735 999 tn
759 933 789 984 et
811 921 933 985 iterum:
954 921 1001 986 nt
1014 922 1114 998 initio,

196 1024 226 1077 et
250 1022 321 1077 ente
343 1011 467 1077 saeculo
501 1022 606 1075 creatu
639 1030 717 1089 sum,
753 1009 839 1086 thiu,
874 1009 924 1076 14.
948 1010 998 1076 Est
1022 1011 1115 1095 igitur

194 1101 289 1167 Pilius
312 1111 461 1165 ereatura.

260 1189 432 1263 Praeterea,
455 1186 549 1251 Filius
572 1188 720 1253 creaturis
735 1198 986 1263 connumeratum
1002 1186 1113 1252 dicitur

193 1279 275 1343 enim
300 1297 337 1342 ex
361 1296 491 1363 persona
528 1275 710 1362 Sapientiae:
735 1275 798 1355 Epo
821 1294 859 1338 ea
879 1293 933 1339 ore
959 1275 1113 1341 Altissimi

190 1366 317 1452 prodivi
339 1367 544 1450 primopenitu
566 1377 638 1430 onte
660 1385 781 1430 omnem
803 1373 990 1440 ereaturam,
1012 1365 1113 1445 Ecoli,

193 1455 248 1534 nt,
272 1455 302 1532 53
325 1466 356 1520 et
379 1453 540 1540 Apostolus
562 1454 637 1519 dicit
660 1454 699 1519 de
722 1453 798 1517 Filio
821 1451 906 1538 qnod
928 1465 974 1517 est
995 1454 1114 1535 primo-

191 1544 311 1631 penitua
337 1544 436 1608 omnis
469 1554 641 1619 creaturae,
676 1542 803 1619 Coloss„
829 1543 858 1618 l,
893 1540 945 1607 15.
984 1541 1113 1610 Videtur

192 1652 267 1717 ergo
291 1632 374 1718 quod
406 1631 500 1695 Filius
534 1630 674 1696 ordinem
708 1651 779 1697 eam
813 1630 959 1695 creaturis
988 1630 1111 1711 habeat,

194 1722 281 1806 quasi
306 1722 439 1808 primum
465 1720 543 1784 inter
566 1740 618 1783 eas
635 1720 777 1785 obtinens
792 1718 934 1802 gradum.

258 1810 408 1895 Amplius,
436 1808 530 1873 Filius
562 1808 646 1886 dicit,
668 1830 725 1894 pao
749 1807 903 1892 discipulis
926 1804 965 1869 ad
988 1805 1111 1873 Patrem

191 1918 292 1964 orons:
316 1898 379 1982 Epa
403 1898 576 1961 claritatem
599 1918 693 1982 quone
714 1897 830 1961 dedisti
852 1896 938 1973 milti,
960 1894 1035 1958 dedi
1057 1897 1112 1975 eis,

189 1997 223 2052 ut
247 1989 436 2064 tintinnum,
459 1988 588 2051 cicutae
623 2007 679 2052 noa
713 2007 809 2050 ttttttm
841 2005 957 2063 mmsis,
989 1983 1112 2061 Joanu„

190 2077 242 2156 t7,
267 2078 319 2142 11.
344 2075 427 2140 Sicut
451 2075 543 2160 igitur
566 2075 656 2139 Pater
679 2087 709 2139 et
733 2074 827 2139 Filius
850 2094 947 2138 unum
963 2087 1045 2151 sunt,
1068 2075 1112 2140 sie

189 2163 356 2250 discipulos
380 2184 476 2229 unum
500 2183 567 2229 csse
601 2163 734 2229 volebat.
758 2162 826 2227 Non
849 2176 952 2226 autem
988 2161 1112 2229 volebat

189 2252 354 2338 discipulos
378 2273 445 2318 esse
468 2273 524 2337 per
540 2254 704 2316 essentiam
723 2272 829 2315 unum.
846 2250 913 2315 Non
929 2270 1004 2334 ergo
1019 2250 1111 2317 Pater

188 2355 219 2406 et
241 2342 336 2408 Filius
359 2355 430 2406 sunt
454 2361 508 2426 pes
537 2342 700 2405 essentiam
726 2359 832 2416 uuum3
855 2351 885 2404 et
907 2339 951 2404 sie
972 2341 1111 2426 sequitur

187 2430 271 2516 quod
294 2431 332 2498 sit
354 2442 492 2496 creatura
516 2440 546 2494 at
575 2429 656 2493 Patri
679 2427 844 2513 subjectus.

254 2520 304 2584 list
327 2531 430 2584 autem
455 2517 531 2584 haec
554 2519 664 2604 positio
691 2519 751 2582 Arii
775 2531 806 2582 et
828 2515 968 2581 Eunomii
992 2515 1055 2600 (l),
1077 2530 1109 2583 et

187 2607 347 2673 videtote
379 2607 606 2673 Platonicorum
631 2607 718 2671 dietis
741 2618 855 2684 exorta,
879 2607 931 2690 qui
954 2605 1110 2690 ponebant

187 2715 345 2761 summurn
368 2697 471 2761 Deum
508 2709 626 2782 patrem
650 2710 680 2758 et
702 2708 875 2758 creatorem
898 2694 1038 2766 omnium
1061 2713 1110 2758 re-

186 2804 268 2861 rum,
291 2805 308 2848 a
332 2804 394 2871 quo
423 2785 564 2871 primitus
599 2782 751 2847 effluxisse
773 2780 918 2846 dicebant
940 2781 1108 2866 quamdam

185 2885 334 2950 mentem,
357 2872 388 2936 in
412 2892 472 2959 qua
495 2883 596 2938 essent
620 2872 759 2934 omnium
785 2889 888 2934 rernm
905 2867 1034 2947 lormae,
1057 2891 1109 2936 su-

186 2961 340 3046 petionem
364 2959 510 3025 omnibus
541 2961 607 3026 aliis
631 2959 735 3032 rebus,
757 2977 851 3044 quam
876 2971 1039 3044 paternum
1063 2958 1109 3024 in-

184 3050 340 3115 tellectum
364 3049 574 3125 nominabant,
597 3061 711 3132 etpost
732 3047 823 3123 hunc,
839 3049 975 3110 animam
989 3047 1109 3128 mundi,

123 3191 126 3202 .
184 3151 214 3201 et
230 3138 342 3203 deinde
357 3137 431 3201 alias
447 3149 611 3212 creaturae
635 3136 717 3220 quod
730 3154 804 3219 ergo
828 3137 858 3198 in
871 3135 1036 3220 Seri‘pturis
1052 3133 1109 3200 Sa·

184 3226 244 3290 cris
256 3226 295 3291 de
306 3226 363 3291 Dei
377 3225 452 3290 Filio
466 3224 585 3302 dicitur,
598 3225 657 3290 hoc
670 3224 709 3288 dc
722 3235 824 3288 niente
841 3222 995 3308 praedicta
1019 3224 1108 3289 intel·

184 3313 330 3399 ligabant,
342 3328 372 3379 ct
385 3314 546 3400 praecipue
559 3315 629 3398 quia
642 3312 734 3387 Sacra
751 3311 905 3397 Scriptura
918 3310 976 3376 Dei
990 3311 1106 3379 Filium

237 3433 275 3500 (1)
293 3433 444 3555 Eppiomius,
462 3431 604 3502 discipulus
623 3430 688 3499 trit,
714 3433 747 3485 de
764 3446 817 3501 quo
835 3429 867 3485 ef.
886 3430 912 3486 S.
931 3429 1025 3502 Epipb.
1038 3431 1107 3486 Haa-

185 3522 245 3572 ναι,
262 3518 283 3556 e.
339 3540 346 3554 .
