2484 3975
198 222 262 287 dut
473 215 479 229 ’
572 239 744 284 oruscunnsr

195 312 295 376 lineae
319 309 462 386 essentia,
485 308 554 394 quia
580 307 657 374 nibil
680 327 778 372 unum
811 318 857 370 et·
876 305 958 370 idem
993 307 1121 373 realiter

196 399 340 466 omnibus
365 397 465 464 modis
490 396 675 463 indivisibile
698 408 798 482 potest
819 395 911 460 simul
933 395 1121 470 indiversis

194 487 332 574 partibus
356 486 496 571 ejusdem
521 486 657 552 continui
680 482 889 572 permanentis
912 504 991 563 esse3
1015 505 1121 551 neees-

193 577 275 642 sario
310 589 425 653 tamen,
449 576 472 640 si
497 588 576 640 esset
599 574 639 640 de
661 575 792 640 essentia
816 572 917 637 lineae
938 575 1121 640 constitutae

194 685 253 752 per
277 684 370 730 suum
393 677 523 744 motum,
548 663 627 730 soret
649 663 689 728 de
712 663 843 728 essentia
866 660 1028 745 cujuslibet
1051 684 1120 751 par·

195 754 232 820 tis
256 755 332 839 ejus,
359 754 442 840 quia,
465 773 525 838 qua
548 753 666 818 ratione
679 752 845 838 pertineret
867 748 906 814 ad
930 771 1025 838 unam
1048 771 1120 838 par·

194 856 255 909 tem
280 842 432 927 ejusdem,
454 840 564 907 eadem
592 842 710 906 ratione
747 841 914 928 pertineret
936 839 976 904 ad
1000 860 1120 919 omues,

194 952 266 998 eum
292 930 461 1018 aequaliter
484 931 522 994 ad
546 950 654 996 ornnes
669 951 703 995 se
719 929 842 997 babeat:
858 946 915 992 nee
930 941 1029 1014 potest
1051 948 1120 995 esse

194 1020 345 1086 terminus
370 1019 438 1105 ejus
461 1019 509 1084 vel
533 1019 722 1085 continuatio
736 1017 850 1104 aliqua,
872 1037 944 1082 oum
966 1017 1018 1083 ille
1041 1038 1121 1104 pun-

194 1123 260 1174 etus
283 1111 321 1175 sit
344 1109 458 1196 aliquid
483 1129 579 1174 uuum
604 1107 737 1184 realiter;
771 1107 855 1172 unde
888 1126 950 1170 non
987 1120 1117 1192 possunt

195 1217 262 1263 esse
285 1197 389 1284 plures
414 1199 516 1283 puncti
552 1197 683 1262 realiter.
721 1198 756 1261 ln
793 1197 874 1260 linea
908 1206 1012 1260 tamen
1044 1210 1120 1261 sunt

194 1286 299 1372 plures
323 1288 425 1371 puncti
450 1302 480 1350 et
502 1285 626 1351 realiter
648 1286 687 1350 ab
710 1285 841 1351 invitem
879 1283 976 1362 dirisi,
1000 1298 1033 1348 ut
1056 1284 1119 1350 duo

195 1376 261 1459 ejus
285 1375 419 1452 termini,
443 1388 473 1441 et
496 1374 638 1440 similiter
660 1375 692 1439 in
715 1374 781 1458 ejus
818 1373 1058 1451 continuatione
1085 1374 1120 1438 li·

195 1483 252 1528 nea
274 1463 357 1528 enim
382 1478 427 1529 ost
443 1465 602 1549 iquantitas
637 1463 820 1551 positionem
856 1460 974 1526 habens
997 1474 1027 1527 et
1051 1483 1117 1526 ma·

194 1571 283 1632 nens,
306 1572 364 1617 nee
401 1573 472 1618 eum
508 1567 620 1639 puncto
658 1564 744 1617 moto
781 1551 940 1616 transiens.
981 1548 1118 1617 Punctus

195 1661 268 1726 ergo
294 1641 509 1706 mathematice
532 1641 727 1723 imaginatus,
749 1640 801 1726 qui
825 1651 910 1702 motu
933 1659 990 1702 suo
1013 1654 1120 1705 oausat

196 1729 320 1807 lineam,
344 1730 515 1796 necessario
540 1729 615 1794 nihil
639 1729 738 1795 lineae
759 1729 841 1801 erit,
862 1726 917 1791 sed
940 1729 997 1791 erit
1020 1749 1118 1793 unum

195 1818 367 1883 secundum
393 1839 458 1884 rem
485 1833 514 1883 et
538 1819 693 1883 diuersum
716 1817 887 1882 seeundum
910 1817 1073 1894 rationem;
1090 1832 1121 1882 et

195 1905 271 1970 baec
295 1907 468 1986 diversitas,
492 1925 571 1993 quae
594 1907 730 1972 consistit
746 1909 776 1972 in
793 1920 880 1970 motu
902 1924 970 1982 suu,
995 1907 1121 1972 realiter

195 2008 240 2059 est
263 1995 354 2071 linea,
380 2017 443 2061 non
485 1997 629 2063 identitas
656 2018 711 2062 sua
729 1996 900 2062 seeundum
918 2014 994 2059 rem.
1011 1994 1045 2059 lu
1062 1996 1122 2060 bae

195 2099 269 2168 ergo
293 2084 373 2149 linea
396 2087 558 2151 constituta
583 2106 638 2172 per
661 2085 865 2151 diversitatem
890 2085 1006 2169 puberi,
1028 2098 1122 2149 erunt

195 2187 307 2257 punota
342 2175 494 2258 quaedam
523 2174 584 2238 duo
609 2186 678 2239 aetu
703 2189 736 2239 ut
758 2174 824 2259 ejus
847 2172 969 2239 termini
992 2175 1044 2257 qui
1069 2194 1121 2237 ea-

195 2259 272 2325 dunt
295 2263 325 2325 in
351 2261 417 2347 ejus
441 2263 630 2340 delinitione,
654 2278 685 2328 et
708 2262 823 2327 infinita
846 2263 904 2327 alia
927 2261 959 2325 in
983 2264 1120 2346 potentio

194 2350 364 2415 seeundum
388 2351 470 2437 quod
494 2353 559 2437 ipsa
585 2367 630 2417 eat
654 2352 684 2415 in
708 2351 861 2416 inlinitum
884 2350 1044 2416 divisibilis
1062 2371 1120 2437 po·

196 2439 370 2504 tentlaliter.
395 2440 453 2504 Per
477 2458 569 2525 quem
594 2442 723 2505 modum
747 2440 787 2505 de
808 2440 931 2505 instanti
971 2440 1120 2525 temporis

195 2542 240 2591 est
263 2529 428 2612 agendum,
452 2530 509 2595 nisi
532 2529 615 2616 quod
639 2530 755 2594 instans
788 2542 834 2594 est
871 2529 910 2593 de
945 2527 1118 2597 substantia

196 2620 351 2701 temporis.

260 2704 424 2769 Sciendum
449 2721 494 2769 est
516 2726 591 2790 ergo
614 2707 698 2791 quod
722 2706 836 2771 mobile
859 2720 906 2769 est
929 2726 1020 2769 eausa
1044 2724 1114 2769 mo·

194 2806 252 2867 tus,
276 2814 337 2857 non
361 2792 505 2870 efficiens,
528 2795 583 2859 sed
607 2795 782 2873 materialis3
821 2809 921 2859 motus
960 2798 1043 2857 enim
1069 2806 1118 2858 est

193 2883 224 2945 in
249 2882 354 2947 mobili
379 2897 411 2946 ut
435 2882 465 2947 iu
489 2882 640 2969 subjectu,
656 2886 734 2949 siout
749 2884 860 2949 dieitur
888 2884 917 2947 in
935 2881 1118 2967 tertiony·

193 2969 337 3034 sinotum.
363 2971 504 3035 llleusura
529 2988 633 3038 autem
659 2975 752 3056 ipsius
776 2973 899 3039 mobilis
922 2985 969 3038 est
992 2972 1121 3049 instans,

194 3059 265 3143 quia
290 3060 405 3124 instans
428 3062 566 3146 sequitur
590 3061 621 3126 id
646 3063 729 3149 quod
763 3062 870 3140 fertur,
893 3075 926 3125 ut
950 3061 1061 3124 dieitur
1088 3059 1119 3123 in

194 3162 304 3231 quartu
328 3148 540 3235 Pbysiuotum.
566 3151 600 3215 Et
623 3150 749 3235 quidam
773 3150 910 3215 referunt
933 3149 993 3213 boe
1015 3147 1054 3211 ad
1071 3147 1120 3211 iu-

193 3246 277 3301 stans
299 3237 374 3315 aevi,
398 3236 535 3304 dicentes
559 3240 660 3326 ipsum
676 3260 746 3304 esse
760 3237 843 3303 idem
860 3236 1032 3302 seeundum
1048 3256 1118 3301 rem

193 3344 263 3388 eum
289 3324 411 3391 instanti
437 3328 594 3412 temporis,
631 3328 774 3393 differens
797 3340 900 3391 tamen
922 3325 1051 3400 ratione3
1074 3323 1120 3388 di-

193 3427 296 3477 centes
319 3412 402 3499 quod
437 3416 573 3500 primum
609 3416 736 3495 mobile,
770 3413 859 3499 eujus
892 3432 1037 3478 mensura
1071 3427 1118 3477 est

194 3502 319 3581 instans,
341 3504 412 3589 quia
436 3503 566 3569 essentia
590 3525 646 3570 sua
671 3517 718 3571 ost
742 3516 803 3569 totu
826 3501 917 3569 simul
941 3516 972 3567 et
994 3520 1057 3567 nou
1085 3500 1118 3565 in
