2484 3975
397 239 435 286 ns
462 240 585 287 ontrarc
601 239 796 289 tristaretur
997 223 1062 291 ott

196 305 274 374 (lum
296 311 378 374 euim
403 310 513 377 dicitur
535 312 619 396 quod
645 307 746 379 omnis
779 309 878 375 lorma
912 311 1056 379 educitur

129 393 170 461 de
192 401 326 484 potentia
351 401 507 478 materiae,
531 401 619 467 educi
658 401 698 466 de
736 401 871 485 potentia
911 404 1059 468 materiae

128 498 175 551 est
198 486 319 553 duobus
342 491 452 554 anodis:
477 489 581 555 Primo
603 491 708 566 modo,
732 488 864 553 loentum
881 488 1058 576 dependere

128 577 298 642 amateria
320 577 490 644 securtdum
514 599 582 644 esse
616 593 648 644 et
683 579 815 664 operare
854 577 915 643 alio
953 579 1059 658 niodo,

128 665 335 749 praeexistere
358 665 484 734 formae.
509 667 540 733 Si
574 669 658 733 enim
693 669 753 732 lroe
790 665 867 731 nillil
902 667 984 732 aliud
1017 669 1058 733 sit

119 772 223 837 ,quana
248 755 407 822 materiam
432 757 649 844 praeexistere,
661 755 920 821 considerandum
939 757 1060 822 videtur

127 842 203 926 quid
227 843 266 908 sit
290 844 420 910 formam
438 848 477 910 de
493 846 629 932 potentia
646 845 791 910 materiae
808 844 907 908 edrici.
925 844 956 908 Si
972 847 1057 912 enim

121 930 191 998 ‚hoe
214 932 290 998 niltil
313 933 396 997 aliud
420 935 458 999 sit
481 955 574 1021 quarn
599 936 760 1000 materiam
799 937 1057 1020 praeexisterent

128 1022 264 1104 potentie
288 1022 327 1087 ad
351 1021 493 1102 lormaru,
517 1023 592 1088 nihil
616 1023 759 1109 prohibet
768 1021 813 1087 sic
835 1021 938 1085 dicere
962 1038 1059 1088 mate-

123 1109 206 1173 riam
230 1111 421 1196 corporalem
447 1116 651 1198 praeexistere
668 1113 698 1176 in
716 1113 849 1198 potentia
864 1113 902 1174 ad
919 1113 1056 1177 enititum

128 1195 360 1276 intellectivam3
384 1201 467 1265 uude
489 1201 675 1278 Aristoteles,
698 1202 729 1268 in
753 1199 833 1265 libro
863 1200 902 1263 de
924 1199 1059 1266 Genera-
1113 1211 1119 1226 '

129 1285 212 1351 tione
235 1289 419 1354 llnimalium
444 1290 505 1376 (d,
529 1311 555 1356 c.
579 1289 640 1376 5),
664 1290 745 1354 dicits
769 1315 783 1348 a
806 1289 947 1352 Animam
965 1290 1058 1374 igitur

129 1377 332 1459 vegetabilem
358 1381 387 1442 iu
426 1379 596 1444 seminibus
631 1394 660 1443 et
694 1379 905 1462 conceptibus,
941 1381 1057 1443 scilicet

126 1465 266 1530 nondum
290 1469 447 1554 separatis,
472 1470 577 1534 liaberi
606 1467 742 1554 potentia
778 1467 976 1531 statuendum
1000 1483 1056 1545 eat,

126 1573 189 1617 non
214 1569 293 1633 actu,
317 1558 506 1643 priusquam,
528 1577 566 1622 co
589 1557 684 1621 rrrodo
706 1575 769 1642 quo
803 1572 969 1641 conceptus
1002 1561 1055 1642 qni

123 1641 188 1727 jam
212 1659 404 1730 separantur,
428 1648 531 1711 cibum
555 1646 678 1711 tralrant
699 1659 731 1709 et
763 1642 863 1708 edicio
899 1645 965 1728 ejus
988 1646 1055 1710 aui·

126 1749 197 1800 mae
221 1731 397 1817 longantur:
420 1736 568 1822 principio
591 1735 675 1800 enim
700 1732 894 1798 haecomnia
910 1734 968 1796 rita
984 1736 1054 1798 stir-

127 1822 173 1905 pis
197 1823 298 1886 aivere
321 1823 472 1889 videntur.
495 1825 542 1889 De
565 1823 668 1888 anima
692 1840 816 1908 quoque
838 1819 971 1886 sensuali
987 1823 1053 1908 pori

125 1909 221 1975 modo
245 1911 409 1978 dicendum
434 1928 489 1992 est,
512 1928 604 2001 atque
642 1913 735 1977 etiam
769 1911 808 1975 de
846 1911 1055 1978 intellectuali.

125 1996 244 2065 Omnes
267 2004 349 2067 enim
374 2006 507 2089 potentin
532 2007 615 2089 prius
646 2001 753 2067 haberi
776 2020 869 2087 quam
904 2014 973 2064 actu
996 2021 1054 2066 ue·

125 2109 211 2155 cesse
245 2105 291 2156 est
313 2118 346 2171 ι,
370 2106 401 2155 ut
430 2113 589 2178 nurtquam
612 2091 784 2156 secundum
808 2108 876 2153 eatn
901 2090 1053 2157 rationem

123 2178 163 2243 sit
186 2179 216 2243 iu
241 2181 375 2266 potentia
399 2185 570 2247 secundum
594 2200 688 2265 quam
721 2179 873 2242 rationem
911 2182 1055 2245 contenit

121 2267 180 2331 sibi
203 2286 271 2331 esse
295 2285 372 2333 actu.
396 2270 464 2335 lam
489 2270 571 2334 euim
595 2283 754 2333 ostensum
787 2281 834 2331 est
867 2267 950 2351 quod
986 2267 1052 2334 aliis

122 2354 243 2433 locutis,
258 2377 338 2441 quae
355 2379 415 2422 uon
433 2358 547 2423 liabent
563 2357 775 2445 operationem
786 2356 920 2440 aliquem
934 2356 1052 2442 absque

123 2448 406 2511 communicatione
429 2449 587 2522 materiae,
611 2446 754 2511 coruvenit
775 2446 819 2509 tic
841 2464 910 2509 esse
927 2458 994 2509 actu
1018 2461 1052 2512 ut

122 2534 221 2619 magis
244 2535 327 2620 ipsae
350 2537 409 2600 sint
433 2538 544 2622 quibus
567 2534 736 2622 composita
758 2546 831 2597 sunt
853 2534 905 2619 (l)
928 2547 959 2597 et
973 2554 1051 2619 quo·

123 2621 292 2687 dammodo
315 2626 492 2711 compositis
515 2626 728 2697 coexistentes,
750 2641 843 2707 quam
860 2623 945 2709 ipsae
959 2643 1051 2689 suum
1143 2645 1149 2658 ·

123 2730 192 2777 esse
216 2713 361 2790 lubecae
385 2713 478 2790 unde,
501 2716 578 2779 sicut
602 2728 699 2777 toturn
722 2731 790 2776 esse
819 2730 926 2775 earum
951 2725 997 2775 est
1020 2715 1051 2777 iu

122 2801 319 2866 concretione
343 2802 381 2867 ad
404 2804 576 2887 materiam,
598 2804 639 2867 ita
655 2800 788 2865 totaliter
802 2798 891 2864 educi
907 2799 1052 2867 dicuntur
1083 2868 1086 2874 ,

122 2890 162 2953 de
186 2890 320 2975 potentia
345 2893 502 2958 materiae.
526 2893 635 2957 Anima
658 2903 760 2955 autem
774 2888 956 2953 intellectiva
979 2909 1050 2955 curu

122 2976 235 3043 lrabeat
257 2981 468 3065 operationem
491 2982 558 3045 sine
580 2998 722 3065 corpore,
745 2997 809 3042 uon
821 2992 947 3042 estesse
959 2998 1050 3044 suum

120 3065 222 3132 soloin
246 3067 276 3131 iu
299 3070 498 3133 concretione
521 3069 560 3133 ad
583 3066 855 3144 materiom‚uude
871 3085 933 3130 non
951 3082 1052 3152 potest

121 3155 181 3221 dici
205 3156 290 3243 quod
313 3156 461 3223 educatur
483 3157 523 3221 de
545 3158 687 3231 materia,
709 3159 764 3221 sed
787 3156 981 3241 magisquod
1005 3171 1052 3223 est

128 3288 132 3295 Ι
175 3312 216 3385 (l)
234 3314 322 3386 Mapis
339 3317 393 3369 aiut
411 3318 483 3385 ipsae
500 3316 591 3385 quibus
622 3315 766 3382 composito
794 3319 864 3366 suut.
890 3342 927 3353 -
954 3313 1052 3369 Sensus

121 3392 170 3440 est:
190 3382 223 3439 llt
240 3389 312 3457 ipsae
330 3384 428 3439 lormae
446 3382 499 3440 sint'
516 3388 603 3456 potius
622 3386 722 3439 lormae
740 3400 788 3454 per
812 3400 878 3455 quos
908 3389 1051 3453 composita

120 3459 233 3511 existant
249 3466 276 3509 et
293 3458 347 3510 siut
371 3461 461 3529 potius
479 3458 650 3513 coexistentes
667 3456 816 3527 compositis
833 3471 911 3525 quam
925 3454 1051 3513 habentos

120 3544 177 3585 esec
195 3529 341 3601 proprium.
387 3568 392 3581 .
