<?xml version="1.0" encoding="UTF-8"?>
<!DOCTYPE html PUBLIC "-//W3C//DTD XHTML 1.0 Transitional//EN"
    "http://www.w3.org/TR/xhtml1/DTD/xhtml1-transitional.dtd">
<html xmlns="http://www.w3.org/1999/xhtml" xml:lang="en" lang="en">
 <head>
  <title>
</title>
<meta http-equiv="Content-Type" content="text/html;charset=utf-8" />
  <meta name='ocr-system' content='tesseract 3.04.00' />
  <meta name='ocr-capabilities' content='ocr_page ocr_carea ocr_par ocr_line ocrx_word'/>
</head>
<body>
  <div class='ocr_page' id='page_1' title='image "./sanctithomaeaqu01thomgoog_0430.png"; bbox 0 0 2484 3975; ppageno 0'>
   <div class='ocr_carea' id='block_1_1' title="bbox 131 205 1237 649">
    <p class='ocr_par' dir='ltr' id='par_1_1' title="bbox 205 205 1237 382">
     <span class='ocr_line' id='line_1_1' title="bbox 206 205 1237 288; baseline 0 -17"><span class='ocrx_word' id='word_1_1' title='bbox 206 205 271 271; x_wconf 69' lang='lat' dir='ltr'>tto</span> <span class='ocrx_word' id='word_1_2' title='bbox 583 225 757 271; x_wconf 81' lang='lat' dir='ltr'>orcscuttur</span> <span class='ocrx_word' id='word_1_3' title='bbox 1235 284 1237 288; x_wconf 23' lang='grc' dir='ltr'>Ι</span> 
     </span>
     <span class='ocr_line' id='line_1_2' title="bbox 205 292 1140 382; baseline 0.003 -23"><span class='ocrx_word' id='word_1_4' title='bbox 205 295 331 359; x_wconf 83' lang='lat' dir='ltr'>materia</span> <span class='ocrx_word' id='word_1_5' title='bbox 348 292 433 368; x_wconf 89' lang='lat' dir='ltr'>idoli,</span> <span class='ocrx_word' id='word_1_6' title='bbox 455 314 518 359; x_wconf 89' lang='lat' dir='ltr'>non</span> <span class='ocrx_word' id='word_1_7' title='bbox 542 295 686 382; x_wconf 75' lang='lat' dir='ltr'><strong>importat</strong></span> <span class='ocrx_word' id='word_1_8' title='bbox 702 294 916 381; x_wconf 68' lang='lat' dir='ltr'><strong>privationem,</strong></span> <span class='ocrx_word' id='word_1_9' title='bbox 928 293 999 381; x_wconf 86' lang='lat' dir='ltr'>quia</span> <span class='ocrx_word' id='word_1_10' title='bbox 1014 315 1051 360; x_wconf 83' lang='lat' dir='ltr'>cx</span> <span class='ocrx_word' id='word_1_11' title='bbox 1076 295 1140 362; x_wconf 85' lang='lat' dir='ltr'>ltcc</span> 
     </span>
    </p>

    <p class='ocr_par' dir='ltr' id='par_1_2' title="bbox 131 383 1139 649">
     <span class='ocr_line' id='line_1_3' title="bbox 202 383 1139 485; baseline 0.002 -36"><span class='ocrx_word' id='word_1_12' title='bbox 202 384 284 471; x_wconf 88' lang='lat' dir='ltr'>quod</span> <span class='ocrx_word' id='word_1_13' title='bbox 299 383 368 447; x_wconf 88' lang='lat' dir='ltr'>dico</span> <span class='ocrx_word' id='word_1_14' title='bbox 391 402 457 459; x_wconf 83' lang='lat' dir='ltr'>ott,</span> <span class='ocrx_word' id='word_1_15' title='bbox 478 402 540 447; x_wconf 89' lang='lat' dir='ltr'>nou</span> <span class='ocrx_word' id='word_1_16' title='bbox 565 383 744 469; x_wconf 77' lang='lat' dir='ltr'>intelligitur</span> <span class='ocrx_word' id='word_1_17' title='bbox 768 383 985 485; x_wconf 82' lang='lat' dir='ltr'>indispositum</span> <span class='ocrx_word' id='word_1_18' title='bbox 1007 385 1139 453; x_wconf 76' lang='lat' dir='ltr'>sivein-</span> 
     </span>
     <span class='ocr_line' id='line_1_4' title="bbox 131 469 1135 575; baseline 0.004 -39"><span class='ocrx_word' id='word_1_19' title='bbox 131 549 134 556; x_wconf 27' lang='lat'>·</span> <span class='ocrx_word' id='word_1_20' title='bbox 202 471 380 575; x_wconf 69' lang='lat' dir='ltr'>figuratum</span> <span class='ocrx_word' id='word_1_21' title='bbox 402 469 457 536; x_wconf 81' lang='lat' dir='ltr'>ted</span> <span class='ocrx_word' id='word_1_22' title='bbox 481 469 590 550; x_wconf 87' lang='lat' dir='ltr'>larino,</span> <span class='ocrx_word' id='word_1_23' title='bbox 612 493 685 537; x_wconf 89' lang='lat' dir='ltr'>cum</span> <span class='ocrx_word' id='word_1_24' title='bbox 709 472 748 537; x_wconf 79' lang='lat' dir='ltr'>sit</span> <span class='ocrx_word' id='word_1_25' title='bbox 770 472 898 537; x_wconf 86' lang='lat' dir='ltr'>materia</span> <span class='ocrx_word' id='word_1_26' title='bbox 922 487 1061 560; x_wconf 82' lang='lat' dir='ltr'>respectu</span> <span class='ocrx_word' id='word_1_27' title='bbox 1078 494 1135 559; x_wconf 83' lang='lat' dir='ltr'>ptt-</span> 
     </span>
     <span class='ocr_line' id='line_1_5' title="bbox 201 560 1138 649; baseline 0.002 -24"><span class='ocrx_word' id='word_1_28' title='bbox 201 562 261 638; x_wconf 81' lang='lat' dir='ltr'>nir</span> <span class='ocrx_word' id='word_1_29' title='bbox 284 562 428 646; x_wconf 85' lang='lat' dir='ltr'>importat</span> <span class='ocrx_word' id='word_1_30' title='bbox 452 560 482 625; x_wconf 90' lang='lat' dir='ltr'>in</span> <span class='ocrx_word' id='word_1_31' title='bbox 504 580 538 625; x_wconf 81' lang='lat' dir='ltr'>ac</span> <span class='ocrx_word' id='word_1_32' title='bbox 563 562 766 645; x_wconf 76' lang='lat' dir='ltr'>privationem</span> <span class='ocrx_word' id='word_1_33' title='bbox 788 560 906 631; x_wconf 82' lang='lat' dir='ltr'>immae</span> <span class='ocrx_word' id='word_1_34' title='bbox 930 562 1028 648; x_wconf 89' lang='lat' dir='ltr'>panis,</span> <span class='ocrx_word' id='word_1_35' title='bbox 1050 563 1138 649; x_wconf 85' lang='lat' dir='ltr'>quia,</span> 
     </span>
    </p>
   </div>
   <div class='ocr_carea' id='block_1_2' title="bbox 158 647 1140 2336">
    <p class='ocr_par' dir='ltr' id='par_1_3' title="bbox 158 647 1140 1180">
     <span class='ocr_line' id='line_1_6' title="bbox 202 647 1140 737; baseline 0 -20"><span class='ocrx_word' id='word_1_36' title='bbox 202 670 241 717; x_wconf 80' lang='lat' dir='ltr'>ex</span> <span class='ocrx_word' id='word_1_37' title='bbox 264 650 324 715; x_wconf 86' lang='lat' dir='ltr'>hoc</span> <span class='ocrx_word' id='word_1_38' title='bbox 344 669 408 735; x_wconf 81' lang='lat' dir='ltr'>quo</span> <span class='ocrx_word' id='word_1_39' title='bbox 429 647 499 713; x_wconf 88' lang='lat' dir='ltr'>tlico</span> <span class='ocrx_word' id='word_1_40' title='bbox 520 649 638 733; x_wconf 70' lang='lat' dir='ltr'>surico,</span> <span class='ocrx_word' id='word_1_41' title='bbox 661 651 851 735; x_wconf 77' lang='lat' dir='ltr'>significatur</span> <span class='ocrx_word' id='word_1_42' title='bbox 867 649 1093 737; x_wconf 82' lang='lat' dir='ltr'>tntltsposttto</span> <span class='ocrx_word' id='word_1_43' title='bbox 1069 672 1140 717; x_wconf 82' lang='lat' dir='ltr'>stre</span> 
     </span>
     <span class='ocr_line' id='line_1_7' title="bbox 201 737 1139 825; baseline 0.007 -24"><span class='ocrx_word' id='word_1_44' title='bbox 201 737 389 805; x_wconf 82' lang='lat' dir='ltr'>inordinatio</span> <span class='ocrx_word' id='word_1_45' title='bbox 413 740 553 824; x_wconf 78' lang='lat' dir='ltr'>opposito</span> <span class='ocrx_word' id='word_1_46' title='bbox 577 737 696 807; x_wconf 87' lang='lat' dir='ltr'>lormac</span> <span class='ocrx_word' id='word_1_47' title='bbox 721 740 817 825; x_wconf 84' lang='lat' dir='ltr'>partie.</span> <span class='ocrx_word' id='word_1_48' title='bbox 842 739 876 803; x_wconf 83' lang='lat' dir='ltr'>Et</span> <span class='ocrx_word' id='word_1_49' title='bbox 913 739 985 825; x_wconf 84' lang='lat' dir='ltr'>quia</span> <span class='ocrx_word' id='word_1_50' title='bbox 1012 740 1044 805; x_wconf 90' lang='lat' dir='ltr'>io</span> <span class='ocrx_word' id='word_1_51' title='bbox 1083 760 1139 825; x_wconf 84' lang='lat' dir='ltr'>ge</span> 
     </span>
     <span class='ocr_line' id='line_1_8' title="bbox 158 824 1138 915; baseline 0.003 -23"><span class='ocrx_word' id='word_1_52' title='bbox 158 824 161 829; x_wconf 71' lang='grc'><strong><em>’</em></strong></span> <span class='ocrx_word' id='word_1_53' title='bbox 201 827 360 893; x_wconf 84' lang='lat' dir='ltr'>neratione</span> <span class='ocrx_word' id='word_1_54' title='bbox 397 826 526 892; x_wconf 82' lang='lat' dir='ltr'>materia</span> <span class='ocrx_word' id='word_1_55' title='bbox 548 827 614 891; x_wconf 84' lang='lat' dir='ltr'>aive</span> <span class='ocrx_word' id='word_1_56' title='bbox 651 828 827 914; x_wconf 79' lang='lat' dir='ltr'>subjectum</span> <span class='ocrx_word' id='word_1_57' title='bbox 865 842 1037 915; x_wconf 84' lang='lat' dir='ltr'>permanet,</span> <span class='ocrx_word' id='word_1_58' title='bbox 1071 831 1138 915; x_wconf 88' lang='lat' dir='ltr'>pri·</span> 
     </span>
     <span class='ocr_line' id='line_1_9' title="bbox 201 917 1138 1003; baseline 0.004 -24"><span class='ocrx_word' id='word_1_59' title='bbox 201 917 282 982; x_wconf 84' lang='lat' dir='ltr'>vatio</span> <span class='ocrx_word' id='word_1_60' title='bbox 305 936 380 981; x_wconf 87' lang='lat' dir='ltr'>vero</span> <span class='ocrx_word' id='word_1_61' title='bbox 405 935 479 992; x_wconf 89' lang='grc' dir='ltr'>ιιοιι,</span> <span class='ocrx_word' id='word_1_62' title='bbox 502 935 560 981; x_wconf 87' lang='lat' dir='ltr'>nec</span> <span class='ocrx_word' id='word_1_63' title='bbox 582 920 791 1003; x_wconf 78' lang='lat' dir='ltr'>compositum</span> <span class='ocrx_word' id='word_1_64' title='bbox 815 937 852 983; x_wconf 80' lang='lat' dir='ltr'>er</span> <span class='ocrx_word' id='word_1_65' title='bbox 875 918 1002 984; x_wconf 87' lang='lat' dir='ltr'>materia</span> <span class='ocrx_word' id='word_1_66' title='bbox 1029 920 1138 1003; x_wconf 86' lang='lat' dir='ltr'>etpri-</span> 
     </span>
     <span class='ocr_line' id='line_1_10' title="bbox 203 1004 1136 1091; baseline 0.004 -22"><span class='ocrx_word' id='word_1_67' title='bbox 203 1006 335 1081; x_wconf 84' lang='lat' dir='ltr'>vatione,</span> <span class='ocrx_word' id='word_1_68' title='bbox 351 1004 422 1070; x_wconf 88' lang='lat' dir='ltr'>ideo</span> <span class='ocrx_word' id='word_1_69' title='bbox 438 1006 566 1070; x_wconf 81' lang='lat' dir='ltr'>materia</span> <span class='ocrx_word' id='word_1_70' title='bbox 590 1026 671 1091; x_wconf 86' lang='lat' dir='ltr'>quae</span> <span class='ocrx_word' id='word_1_71' title='bbox 694 1026 756 1071; x_wconf 88' lang='lat' dir='ltr'>uon</span> <span class='ocrx_word' id='word_1_72' title='bbox 770 1006 914 1091; x_wconf 79' lang='lat' dir='ltr'>importat</span> <span class='ocrx_word' id='word_1_73' title='bbox 929 1006 1136 1091; x_wconf 74' lang='lat' dir='ltr'>privationem</span> 
     </span>
     <span class='ocr_line' id='line_1_11' title="bbox 202 1095 1134 1180; baseline 0.003 -21"><span class='ocrx_word' id='word_1_74' title='bbox 202 1108 248 1159; x_wconf 80' lang='lat' dir='ltr'>eat</span> <span class='ocrx_word' id='word_1_75' title='bbox 270 1113 466 1180; x_wconf 81' lang='lat' dir='ltr'>permaneus,</span> <span class='ocrx_word' id='word_1_76' title='bbox 486 1113 568 1177; x_wconf 83' lang='lat' dir='ltr'>quae</span> <span class='ocrx_word' id='word_1_77' title='bbox 595 1108 700 1161; x_wconf 88' lang='lat' dir='ltr'>votem</span> <span class='ocrx_word' id='word_1_78' title='bbox 726 1095 870 1180; x_wconf 82' lang='lat' dir='ltr'>importat</span> <span class='ocrx_word' id='word_1_79' title='bbox 896 1109 943 1159; x_wconf 87' lang='lat' dir='ltr'>est</span> <span class='ocrx_word' id='word_1_80' title='bbox 970 1095 1134 1162; x_wconf 71' lang='lat' dir='ltr'>transiens.</span> 
     </span>
    </p>

    <p class='ocr_par' dir='ltr' id='par_1_4' title="bbox 200 1181 1138 2067">
     <span class='ocr_line' id='line_1_12' title="bbox 268 1181 1138 1269; baseline 0.001 -20"><span class='ocrx_word' id='word_1_81' title='bbox 268 1183 303 1249; x_wconf 86' lang='lat' dir='ltr'>Et</span> <span class='ocrx_word' id='word_1_82' title='bbox 327 1196 373 1247; x_wconf 79' lang='lat' dir='ltr'>ert</span> <span class='ocrx_word' id='word_1_83' title='bbox 395 1181 555 1248; x_wconf 80' lang='lat' dir='ltr'>sciendum</span> <span class='ocrx_word' id='word_1_84' title='bbox 578 1182 662 1269; x_wconf 84' lang='lat' dir='ltr'>qnod</span> <span class='ocrx_word' id='word_1_85' title='bbox 687 1184 840 1269; x_wconf 88' lang='lat' dir='ltr'>quaedam</span> <span class='ocrx_word' id='word_1_86' title='bbox 876 1184 1003 1251; x_wconf 85' lang='lat' dir='ltr'>materia</span> <span class='ocrx_word' id='word_1_87' title='bbox 1039 1184 1138 1251; x_wconf 89' lang='lat' dir='ltr'>habet</span> 
     </span>
     <span class='ocr_line' id='line_1_13' title="bbox 201 1269 1138 1358; baseline 0.002 -21"><span class='ocrx_word' id='word_1_88' title='bbox 201 1272 458 1358; x_wconf 77' lang='lat' dir='ltr'>compositionem</span> <span class='ocrx_word' id='word_1_89' title='bbox 481 1269 611 1349; x_wconf 78' lang='lat' dir='ltr'>formae,</span> <span class='ocrx_word' id='word_1_90' title='bbox 634 1274 713 1340; x_wconf 89' lang='lat' dir='ltr'>sicot</span> <span class='ocrx_word' id='word_1_91' title='bbox 735 1292 798 1351; x_wconf 81' lang='lat' dir='ltr'>aes,</span> <span class='ocrx_word' id='word_1_92' title='bbox 821 1292 893 1339; x_wconf 90' lang='lat' dir='ltr'>cum</span> <span class='ocrx_word' id='word_1_93' title='bbox 930 1273 970 1337; x_wconf 87' lang='lat' dir='ltr'>sit</span> <span class='ocrx_word' id='word_1_94' title='bbox 1004 1274 1138 1339; x_wconf 81' lang='lat' dir='ltr'>materia</span> 
     </span>
     <span class='ocr_line' id='line_1_14' title="bbox 201 1360 1137 1447; baseline 0.002 -20"><span class='ocrx_word' id='word_1_95' title='bbox 201 1374 344 1447; x_wconf 84' lang='lat' dir='ltr'>respectu</span> <span class='ocrx_word' id='word_1_96' title='bbox 368 1360 453 1432; x_wconf 88' lang='lat' dir='ltr'>idoli,</span> <span class='ocrx_word' id='word_1_97' title='bbox 478 1360 579 1446; x_wconf 79' lang='lat' dir='ltr'>ipsum</span> <span class='ocrx_word' id='word_1_98' title='bbox 604 1375 706 1425; x_wconf 86' lang='lat' dir='ltr'>tamen</span> <span class='ocrx_word' id='word_1_99' title='bbox 731 1382 782 1427; x_wconf 80' lang='lat' dir='ltr'>aea</span> <span class='ocrx_word' id='word_1_100' title='bbox 805 1374 851 1427; x_wconf 85' lang='lat' dir='ltr'>est</span> <span class='ocrx_word' id='word_1_101' title='bbox 873 1360 1079 1447; x_wconf 86' lang='lat' dir='ltr'>compositum</span> <span class='ocrx_word' id='word_1_102' title='bbox 1097 1383 1137 1429; x_wconf 84' lang='lat' dir='ltr'>cx</span> 
     </span>
     <span class='ocr_line' id='line_1_15' title="bbox 202 1448 1137 1527; baseline 0.003 -12"><span class='ocrx_word' id='word_1_103' title='bbox 202 1450 331 1515; x_wconf 88' lang='lat' dir='ltr'>materia</span> <span class='ocrx_word' id='word_1_104' title='bbox 356 1462 386 1513; x_wconf 91' lang='lat' dir='ltr'>ct</span> <span class='ocrx_word' id='word_1_105' title='bbox 410 1448 520 1527; x_wconf 82' lang='lat' dir='ltr'>torma,</span> <span class='ocrx_word' id='word_1_106' title='bbox 545 1462 576 1513; x_wconf 84' lang='lat' dir='ltr'>et</span> <span class='ocrx_word' id='word_1_107' title='bbox 598 1450 669 1515; x_wconf 88' lang='lat' dir='ltr'>ideo</span> <span class='ocrx_word' id='word_1_108' title='bbox 694 1471 746 1516; x_wconf 87' lang='lat' dir='ltr'>aes</span> <span class='ocrx_word' id='word_1_109' title='bbox 770 1471 832 1515; x_wconf 88' lang='lat' dir='ltr'>non</span> <span class='ocrx_word' id='word_1_110' title='bbox 871 1450 983 1516; x_wconf 89' lang='lat' dir='ltr'>dicitur</span> <span class='ocrx_word' id='word_1_111' title='bbox 1005 1452 1137 1519; x_wconf 84' lang='lat' dir='ltr'>materia</span> 
     </span>
     <span class='ocr_line' id='line_1_16' title="bbox 201 1536 1137 1626; baseline 0.003 -23"><span class='ocrx_word' id='word_1_112' title='bbox 201 1538 312 1625; x_wconf 87' lang='lat' dir='ltr'>prima,</span> <span class='ocrx_word' id='word_1_113' title='bbox 336 1538 408 1624; x_wconf 85' lang='lat' dir='ltr'>quia</span> <span class='ocrx_word' id='word_1_114' title='bbox 432 1537 526 1606; x_wconf 86' lang='lat' dir='ltr'>habet</span> <span class='ocrx_word' id='word_1_115' title='bbox 549 1536 693 1605; x_wconf 78' lang='lat' dir='ltr'>loricam:</span> <span class='ocrx_word' id='word_1_116' title='bbox 711 1539 761 1606; x_wconf 87' lang='lat' dir='ltr'>tila</span> <span class='ocrx_word' id='word_1_117' title='bbox 773 1552 877 1604; x_wconf 89' lang='lat' dir='ltr'>autem</span> <span class='ocrx_word' id='word_1_118' title='bbox 900 1539 1028 1606; x_wconf 82' lang='lat' dir='ltr'>materia</span> <span class='ocrx_word' id='word_1_119' title='bbox 1052 1559 1137 1626; x_wconf 86' lang='lat' dir='ltr'>quae</span> 
     </span>
     <span class='ocr_line' id='line_1_17' title="bbox 202 1625 1134 1728; baseline 0.004 -37"><span class='ocrx_word' id='word_1_120' title='bbox 202 1626 429 1728; x_wconf 77' lang='lat' dir='ltr'>intelligitur</span> <span class='ocrx_word' id='word_1_121' title='bbox 405 1647 473 1694; x_wconf 81' lang='lat' dir='ltr'>stne</span> <span class='ocrx_word' id='word_1_122' title='bbox 507 1625 643 1712; x_wconf 88' lang='lat' dir='ltr'>qualibet</span> <span class='ocrx_word' id='word_1_123' title='bbox 679 1627 778 1693; x_wconf 76' lang='lat' dir='ltr'>forma</span> <span class='ocrx_word' id='word_1_124' title='bbox 803 1641 832 1693; x_wconf 88' lang='lat' dir='ltr'>et</span> <span class='ocrx_word' id='word_1_125' title='bbox 873 1628 1054 1713; x_wconf 84' lang='lat' dir='ltr'>privatione,</span> <span class='ocrx_word' id='word_1_126' title='bbox 1077 1630 1134 1695; x_wconf 85' lang='lat' dir='ltr'>aed</span> 
     </span>
     <span class='ocr_line' id='line_1_18' title="bbox 202 1713 1137 1819; baseline 0.003 -39"><span class='ocrx_word' id='word_1_127' title='bbox 202 1729 249 1781; x_wconf 88' lang='lat' dir='ltr'>est</span> <span class='ocrx_word' id='word_1_128' title='bbox 272 1713 411 1801; x_wconf 82' lang='lat' dir='ltr'>rubjecta</span> <span class='ocrx_word' id='word_1_129' title='bbox 437 1714 555 1781; x_wconf 86' lang='lat' dir='ltr'>lormac</span> <span class='ocrx_word' id='word_1_130' title='bbox 578 1730 609 1781; x_wconf 88' lang='lat' dir='ltr'>et</span> <span class='ocrx_word' id='word_1_131' title='bbox 645 1716 820 1819; x_wconf 81' lang='lat' dir='ltr'>privationi,</span> <span class='ocrx_word' id='word_1_132' title='bbox 855 1718 967 1783; x_wconf 88' lang='lat' dir='ltr'>dicitur</span> <span class='ocrx_word' id='word_1_133' title='bbox 1005 1722 1137 1784; x_wconf 84' lang='lat' dir='ltr'>materia</span> 
     </span>
     <span class='ocr_line' id='line_1_19' title="bbox 200 1803 1133 1910; baseline 0.001 -40"><span class='ocrx_word' id='word_1_134' title='bbox 200 1805 311 1905; x_wconf 82' lang='lat' dir='ltr'>prima,</span> <span class='ocrx_word' id='word_1_135' title='bbox 335 1817 461 1891; x_wconf 86' lang='lat' dir='ltr'>propter</span> <span class='ocrx_word' id='word_1_136' title='bbox 483 1803 544 1870; x_wconf 89' lang='lat' dir='ltr'>hoc</span> <span class='ocrx_word' id='word_1_137' title='bbox 565 1805 648 1906; x_wconf 78' lang='lat' dir='ltr'>qttotl</span> <span class='ocrx_word' id='word_1_138' title='bbox 672 1821 743 1871; x_wconf 87' lang='lat' dir='ltr'>autc</span> <span class='ocrx_word' id='word_1_139' title='bbox 766 1807 863 1910; x_wconf 87' lang='lat' dir='ltr'>ipsam</span> <span class='ocrx_word' id='word_1_140' title='bbox 900 1826 962 1873; x_wconf 89' lang='lat' dir='ltr'>uon</span> <span class='ocrx_word' id='word_1_141' title='bbox 997 1818 1043 1871; x_wconf 80' lang='lat' dir='ltr'>est</span> <span class='ocrx_word' id='word_1_142' title='bbox 1066 1827 1133 1871; x_wconf 91' lang='lat' dir='ltr'>ma-</span> 
     </span>
     <span class='ocr_line' id='line_1_20' title="bbox 202 1888 1135 1973; baseline 0.002 -14"><span class='ocrx_word' id='word_1_143' title='bbox 202 1893 278 1959; x_wconf 83' lang='lat' dir='ltr'>teria</span> <span class='ocrx_word' id='word_1_144' title='bbox 303 1894 372 1970; x_wconf 74' lang='lat' dir='ltr'>alim</span> <span class='ocrx_word' id='word_1_145' title='bbox 395 1906 426 1958; x_wconf 86' lang='lat' dir='ltr'>et</span> <span class='ocrx_word' id='word_1_146' title='bbox 449 1894 526 1961; x_wconf 81' lang='lat' dir='ltr'>haec</span> <span class='ocrx_word' id='word_1_147' title='bbox 550 1894 644 1960; x_wconf 85' lang='lat' dir='ltr'>etiam</span> <span class='ocrx_word' id='word_1_148' title='bbox 668 1894 779 1971; x_wconf 83' lang='lat' dir='ltr'>dicitur</span> <span class='ocrx_word' id='word_1_149' title='bbox 802 1888 868 1973; x_wconf 71' lang='lat' dir='ltr'>lta,</span> <span class='ocrx_word' id='word_1_150' title='bbox 890 1894 950 1962; x_wconf 87' lang='lat' dir='ltr'>ltoc</span> <span class='ocrx_word' id='word_1_151' title='bbox 972 1909 1018 1961; x_wconf 85' lang='lat' dir='ltr'>est</span> <span class='ocrx_word' id='word_1_152' title='bbox 1041 1895 1135 1961; x_wconf 82' lang='grc' dir='ltr'>ιιιαοι</span> 
     </span>
     <span class='ocr_line' id='line_1_21' title="bbox 204 1981 556 2084; baseline -0.006 -34"><span class='ocrx_word' id='word_1_153' title='bbox 204 1981 252 2050; x_wconf 87' lang='lat' dir='ltr'>vel</span> <span class='ocrx_word' id='word_1_154' title='bbox 275 1981 412 2084; x_wconf 74' lang='lat' dir='ltr'>consutio</span> <span class='ocrx_word' id='word_1_155' title='bbox 435 2002 556 2067; x_wconf 85' lang='lat' dir='ltr'>graece</span> 
     </span>
    </p>

    <p class='ocr_par' dir='ltr' id='par_1_5' title="bbox 200 2070 1135 2249">
     <span class='ocr_line' id='line_1_22' title="bbox 268 2070 1135 2158; baseline 0.001 -21"><span class='ocrx_word' id='word_1_156' title='bbox 268 2072 303 2138; x_wconf 84' lang='lat' dir='ltr'>Et</span> <span class='ocrx_word' id='word_1_157' title='bbox 317 2091 388 2158; x_wconf 88' lang='lat' dir='ltr'>quta</span> <span class='ocrx_word' id='word_1_158' title='bbox 411 2071 514 2136; x_wconf 85' lang='lat' dir='ltr'>omnis</span> <span class='ocrx_word' id='word_1_159' title='bbox 550 2070 688 2136; x_wconf 83' lang='lat' dir='ltr'>definitio</span> <span class='ocrx_word' id='word_1_160' title='bbox 723 2085 754 2137; x_wconf 87' lang='lat' dir='ltr'>et</span> <span class='ocrx_word' id='word_1_161' title='bbox 788 2072 888 2140; x_wconf 86' lang='lat' dir='ltr'>omnis</span> <span class='ocrx_word' id='word_1_162' title='bbox 916 2072 1051 2157; x_wconf 73' lang='lat' dir='ltr'>cognitio</span> <span class='ocrx_word' id='word_1_163' title='bbox 1087 2089 1135 2145; x_wconf 87' lang='lat' dir='ltr'>cst</span> 
     </span>
     <span class='ocr_line' id='line_1_23' title="bbox 200 2159 1131 2249; baseline 0.002 -24"><span class='ocrx_word' id='word_1_164' title='bbox 200 2179 256 2247; x_wconf 89' lang='lat' dir='ltr'>per</span> <span class='ocrx_word' id='word_1_165' title='bbox 279 2159 426 2237; x_wconf 79' lang='lat' dir='ltr'>sormam,</span> <span class='ocrx_word' id='word_1_166' title='bbox 447 2160 519 2226; x_wconf 86' lang='lat' dir='ltr'>itlec</span> <span class='ocrx_word' id='word_1_167' title='bbox 543 2161 671 2226; x_wconf 86' lang='lat' dir='ltr'>materia</span> <span class='ocrx_word' id='word_1_168' title='bbox 706 2163 804 2246; x_wconf 89' lang='lat' dir='ltr'>prima</span> <span class='ocrx_word' id='word_1_169' title='bbox 843 2182 905 2228; x_wconf 87' lang='lat' dir='ltr'>nou</span> <span class='ocrx_word' id='word_1_170' title='bbox 941 2173 1041 2246; x_wconf 87' lang='lat' dir='ltr'>potest</span> <span class='ocrx_word' id='word_1_171' title='bbox 1075 2183 1131 2249; x_wconf 89' lang='lat' dir='ltr'>per</span> 
     </span>
    </p>

    <p class='ocr_par' dir='ltr' id='par_1_6' title="bbox 199 2247 1133 2336">
     <span class='ocr_line' id='line_1_24' title="bbox 199 2247 1133 2336; baseline 0.007 -23.397"><span class='ocrx_word' id='word_1_172' title='bbox 199 2247 380 2319; x_wconf 78' lang='lat' dir='ltr'>sedeuniri</span> <span class='ocrx_word' id='word_1_173' title='bbox 416 2268 474 2314; x_wconf 86' lang='lat' dir='ltr'>neo</span> <span class='ocrx_word' id='word_1_174' title='bbox 496 2250 652 2332; x_wconf 82' lang='lat' dir='ltr'>cognosci</span> <span class='ocrx_word' id='word_1_175' title='bbox 687 2249 741 2315; x_wconf 80' lang='lat' dir='ltr'>scd</span> <span class='ocrx_word' id='word_1_176' title='bbox 776 2271 830 2336; x_wconf 86' lang='lat' dir='ltr'>per</span> <span class='ocrx_word' id='word_1_177' title='bbox 867 2251 1133 2335; x_wconf 85' lang='lat' dir='ltr'>comparationem</span> 
     </span>
    </p>
   </div>
   <div class='ocr_carea' id='block_1_3' title="bbox 200 2336 1235 2432">
    <p class='ocr_par' dir='ltr' id='par_1_7' title="bbox 200 2336 1235 2432">
     <span class='ocr_line' id='line_1_25' title="bbox 200 2336 1235 2432; baseline 0.005 -29"><span class='ocrx_word' id='word_1_178' title='bbox 200 2337 240 2403; x_wconf 88' lang='lat' dir='ltr'>ad</span> <span class='ocrx_word' id='word_1_179' title='bbox 263 2336 409 2416; x_wconf 81' lang='lat' dir='ltr'>formam,</span> <span class='ocrx_word' id='word_1_180' title='bbox 432 2351 466 2402; x_wconf 91' lang='grc' dir='ltr'>ιιι</span> <span class='ocrx_word' id='word_1_181' title='bbox 487 2339 609 2403; x_wconf 87' lang='lat' dir='ltr'>dicatur</span> <span class='ocrx_word' id='word_1_182' title='bbox 632 2338 715 2422; x_wconf 84' lang='lat' dir='ltr'>quod</span> <span class='ocrx_word' id='word_1_183' title='bbox 740 2337 814 2403; x_wconf 87' lang='lat' dir='ltr'>illutl</span> <span class='ocrx_word' id='word_1_184' title='bbox 832 2339 1019 2407; x_wconf 83' lang='lat' dir='ltr'>estmateria</span> <span class='ocrx_word' id='word_1_185' title='bbox 1032 2339 1131 2424; x_wconf 86' lang='lat' dir='ltr'>prima</span> <span class='ocrx_word' id='word_1_186' title='bbox 1234 2413 1235 2432; x_wconf 18' lang='grc' dir='ltr'><strong>ἶ</strong></span> 
     </span>
    </p>
   </div>
   <div class='ocr_carea' id='block_1_4' title="bbox 199 2425 1132 2600">
    <p class='ocr_par' dir='ltr' id='par_1_8' title="bbox 199 2425 1132 2600">
     <span class='ocr_line' id='line_1_26' title="bbox 199 2425 1132 2528; baseline 0.002 -36"><span class='ocrx_word' id='word_1_187' title='bbox 199 2427 287 2528; x_wconf 77' lang='lat' dir='ltr'>quoti</span> <span class='ocrx_word' id='word_1_188' title='bbox 310 2428 372 2492; x_wconf 87' lang='grc' dir='ltr'>ιιοι·Ι</span> <span class='ocrx_word' id='word_1_189' title='bbox 395 2425 489 2518; x_wconf 83' lang='lat' dir='ltr'>motio</span> <span class='ocrx_word' id='word_1_190' title='bbox 510 2446 546 2492; x_wconf 81' lang='lat' dir='ltr'>tc</span> <span class='ocrx_word' id='word_1_191' title='bbox 568 2425 662 2491; x_wconf 88' lang='lat' dir='ltr'>habet</span> <span class='ocrx_word' id='word_1_192' title='bbox 685 2427 724 2491; x_wconf 83' lang='grc' dir='ltr'>ιιι</span> <span class='ocrx_word' id='word_1_193' title='bbox 748 2447 856 2494; x_wconf 85' lang='lat' dir='ltr'>omnes</span> <span class='ocrx_word' id='word_1_194' title='bbox 887 2426 1001 2493; x_wconf 82' lang='lat' dir='ltr'>lormae</span> <span class='ocrx_word' id='word_1_195' title='bbox 1025 2440 1055 2492; x_wconf 87' lang='lat' dir='ltr'>et</span> <span class='ocrx_word' id='word_1_196' title='bbox 1070 2430 1132 2514; x_wconf 92' lang='lat' dir='ltr'>pri·</span> 
     </span>
     <span class='ocr_line' id='line_1_27' title="bbox 200 2508 1130 2600; baseline 0.009 -26"><span class='ocrx_word' id='word_1_197' title='bbox 200 2515 340 2581; x_wconf 84' lang='lat' dir='ltr'>vationer</span> <span class='ocrx_word' id='word_1_198' title='bbox 362 2508 440 2581; x_wconf 84' lang='lat' dir='ltr'>sicul</span> <span class='ocrx_word' id='word_1_199' title='bbox 463 2535 514 2581; x_wconf 85' lang='lat' dir='ltr'>aes</span> <span class='ocrx_word' id='word_1_200' title='bbox 537 2512 576 2579; x_wconf 88' lang='lat' dir='ltr'>ad</span> <span class='ocrx_word' id='word_1_201' title='bbox 599 2514 716 2580; x_wconf 90' lang='lat' dir='ltr'>idolum</span> <span class='ocrx_word' id='word_1_202' title='bbox 733 2531 763 2580; x_wconf 88' lang='lat' dir='ltr'>et</span> <span class='ocrx_word' id='word_1_203' title='bbox 779 2517 990 2600; x_wconf 69' lang='lat' dir='ltr'>infiguratum</span> <span class='ocrx_word' id='word_1_204' title='bbox 1006 2528 1036 2580; x_wconf 89' lang='lat' dir='ltr'>ct</span> <span class='ocrx_word' id='word_1_205' title='bbox 1052 2517 1130 2582; x_wconf 86' lang='lat' dir='ltr'>hacc</span> 
     </span>
    </p>
   </div>
   <div class='ocr_carea' id='block_1_5' title="bbox 200 2602 1234 2706">
    <p class='ocr_par' dir='ltr' id='par_1_9' title="bbox 200 2602 1234 2706">
     <span class='ocr_line' id='line_1_28' title="bbox 200 2602 1234 2706; baseline -0.006 -36"><span class='ocrx_word' id='word_1_206' title='bbox 200 2602 311 2670; x_wconf 84' lang='lat' dir='ltr'>dicitur</span> <span class='ocrx_word' id='word_1_207' title='bbox 334 2603 514 2706; x_wconf 88' lang='lat' dir='ltr'>simpliciter</span> <span class='ocrx_word' id='word_1_208' title='bbox 536 2604 645 2688; x_wconf 82' lang='lat' dir='ltr'>primo.</span> <span class='ocrx_word' id='word_1_209' title='bbox 670 2602 774 2670; x_wconf 87' lang='lat' dir='ltr'>Potest</span> <span class='ocrx_word' id='word_1_210' title='bbox 796 2607 888 2679; x_wconf 88' lang='lat' dir='ltr'>etiam</span> <span class='ocrx_word' id='word_1_211' title='bbox 927 2603 1043 2690; x_wconf 84' lang='lat' dir='ltr'>aliquid</span> <span class='ocrx_word' id='word_1_212' title='bbox 1068 2603 1128 2677; x_wconf 84' lang='lat' dir='ltr'>dici</span> <span class='ocrx_word' id='word_1_213' title='bbox 1233 2657 1234 2664; x_wconf 74' lang='grc'>,</span> 
     </span>
    </p>
   </div>
   <div class='ocr_carea' id='block_1_6' title="bbox 200 2693 1130 2868">
    <p class='ocr_par' dir='ltr' id='par_1_10' title="bbox 200 2693 1130 2868">
     <span class='ocr_line' id='line_1_29' title="bbox 200 2693 1130 2780; baseline 0.004 -22"><span class='ocrx_word' id='word_1_214' title='bbox 200 2693 328 2759; x_wconf 88' lang='lat' dir='ltr'>materia</span> <span class='ocrx_word' id='word_1_215' title='bbox 353 2694 452 2780; x_wconf 85' lang='lat' dir='ltr'>prima</span> <span class='ocrx_word' id='word_1_216' title='bbox 477 2706 622 2779; x_wconf 82' lang='lat' dir='ltr'>respectu</span> <span class='ocrx_word' id='word_1_217' title='bbox 645 2693 775 2778; x_wconf 73' lang='lat' dir='ltr'>alicujus</span> <span class='ocrx_word' id='word_1_218' title='bbox 797 2695 929 2779; x_wconf 84' lang='lat' dir='ltr'>generis,</span> <span class='ocrx_word' id='word_1_219' title='bbox 945 2694 1026 2760; x_wconf 81' lang='lat' dir='ltr'>sicut</span> <span class='ocrx_word' id='word_1_220' title='bbox 1048 2714 1130 2780; x_wconf 81' lang='lat' dir='ltr'>aqua</span> 
     </span>
     <span class='ocr_line' id='line_1_30' title="bbox 201 2781 1129 2868; baseline 0.006 -23"><span class='ocrx_word' id='word_1_221' title='bbox 201 2795 340 2868; x_wconf 79' lang='lat' dir='ltr'>respecto</span> <span class='ocrx_word' id='word_1_222' title='bbox 364 2781 568 2867; x_wconf 88' lang='lat' dir='ltr'>liquabilium,</span> <span class='ocrx_word' id='word_1_223' title='bbox 590 2800 671 2866; x_wconf 84' lang='lat' dir='ltr'>quae</span> <span class='ocrx_word' id='word_1_224' title='bbox 704 2796 808 2848; x_wconf 84' lang='lat' dir='ltr'>tamen</span> <span class='ocrx_word' id='word_1_225' title='bbox 844 2803 906 2849; x_wconf 88' lang='lat' dir='ltr'>non</span> <span class='ocrx_word' id='word_1_226' title='bbox 946 2796 992 2848; x_wconf 83' lang='lat' dir='ltr'>ert</span> <span class='ocrx_word' id='word_1_227' title='bbox 1028 2783 1129 2868; x_wconf 84' lang='lat' dir='ltr'>prima</span> 
     </span>
    </p>
   </div>
   <div class='ocr_carea' id='block_1_7' title="bbox 199 2868 1233 2956">
    <p class='ocr_par' dir='ltr' id='par_1_11' title="bbox 199 2868 1233 2956">
     <span class='ocr_line' id='line_1_31' title="bbox 199 2868 1233 2956; baseline 0.005 -22"><span class='ocrx_word' id='word_1_228' title='bbox 199 2868 389 2954; x_wconf 88' lang='lat' dir='ltr'>simpliciter,</span> <span class='ocrx_word' id='word_1_229' title='bbox 405 2871 475 2956; x_wconf 89' lang='lat' dir='ltr'>quia</span> <span class='ocrx_word' id='word_1_230' title='bbox 491 2883 538 2936; x_wconf 83' lang='lat' dir='ltr'>est</span> <span class='ocrx_word' id='word_1_231' title='bbox 552 2871 761 2956; x_wconf 81' lang='lat' dir='ltr'>compositum</span> <span class='ocrx_word' id='word_1_232' title='bbox 779 2892 816 2938; x_wconf 81' lang='lat' dir='ltr'>cr</span> <span class='ocrx_word' id='word_1_233' title='bbox 830 2871 958 2938; x_wconf 88' lang='lat' dir='ltr'>materia</span> <span class='ocrx_word' id='word_1_234' title='bbox 975 2884 1004 2936; x_wconf 87' lang='lat' dir='ltr'>et</span> <span class='ocrx_word' id='word_1_235' title='bbox 1017 2869 1131 2952; x_wconf 83' lang='lat' dir='ltr'>lorma,</span> <span class='ocrx_word' id='word_1_236' title='bbox 1232 2877 1233 2904; x_wconf 66' lang='lat'>¹</span> 
     </span>
    </p>
   </div>
   <div class='ocr_carea' id='block_1_8' title="bbox 197 2959 1129 3572">
    <p class='ocr_par' dir='ltr' id='par_1_12' title="bbox 200 2959 756 3044">
     <span class='ocr_line' id='line_1_32' title="bbox 200 2959 756 3044; baseline 0.004 -22"><span class='ocrx_word' id='word_1_237' title='bbox 200 2959 283 3024; x_wconf 89' lang='lat' dir='ltr'>unde</span> <span class='ocrx_word' id='word_1_238' title='bbox 306 2959 399 3034; x_wconf 84' lang='lat' dir='ltr'>habet</span> <span class='ocrx_word' id='word_1_239' title='bbox 424 2960 585 3024; x_wconf 85' lang='lat' dir='ltr'>materiam</span> <span class='ocrx_word' id='word_1_240' title='bbox 609 2961 756 3044; x_wconf 80' lang='lat' dir='ltr'>priorem.</span> 
     </span>
    </p>

    <p class='ocr_par' dir='ltr' id='par_1_13' title="bbox 197 3046 1129 3572">
     <span class='ocr_line' id='line_1_33' title="bbox 266 3046 1128 3135; baseline 0.001 -23"><span class='ocrx_word' id='word_1_241' title='bbox 266 3046 301 3112; x_wconf 83' lang='lat' dir='ltr'>lit</span> <span class='ocrx_word' id='word_1_242' title='bbox 323 3046 485 3117; x_wconf 82' lang='lat' dir='ltr'>sciendum</span> <span class='ocrx_word' id='word_1_243' title='bbox 508 3052 659 3134; x_wconf 78' lang='lat' dir='ltr'>estquod</span> <span class='ocrx_word' id='word_1_244' title='bbox 684 3049 813 3116; x_wconf 87' lang='lat' dir='ltr'>materia</span> <span class='ocrx_word' id='word_1_245' title='bbox 855 3048 957 3135; x_wconf 84' lang='lat' dir='ltr'>prima</span> <span class='ocrx_word' id='word_1_246' title='bbox 980 3060 1012 3114; x_wconf 87' lang='lat' dir='ltr'>et</span> <span class='ocrx_word' id='word_1_247' title='bbox 1033 3049 1128 3114; x_wconf 86' lang='lat' dir='ltr'>etiam</span> 
     </span>
     <span class='ocr_line' id='line_1_34' title="bbox 198 3135 1129 3224; baseline 0.002 -23"><span class='ocrx_word' id='word_1_248' title='bbox 198 3135 298 3202; x_wconf 86' lang='lat' dir='ltr'>lorma</span> <span class='ocrx_word' id='word_1_249' title='bbox 321 3157 383 3200; x_wconf 90' lang='lat' dir='ltr'>oon</span> <span class='ocrx_word' id='word_1_250' title='bbox 406 3150 572 3220; x_wconf 84' lang='lat' dir='ltr'>generatur</span> <span class='ocrx_word' id='word_1_251' title='bbox 608 3157 710 3223; x_wconf 86' lang='lat' dir='ltr'>neque</span> <span class='ocrx_word' id='word_1_252' title='bbox 743 3137 962 3224; x_wconf 86' lang='lat' dir='ltr'>corrumpitur,</span> <span class='ocrx_word' id='word_1_253' title='bbox 987 3137 1059 3223; x_wconf 84' lang='lat' dir='ltr'>quia</span> <span class='ocrx_word' id='word_1_254' title='bbox 1096 3159 1129 3203; x_wconf 91' lang='lat' dir='ltr'>o-</span> 
     </span>
     <span class='ocr_line' id='line_1_35' title="bbox 198 3224 1128 3312; baseline 0 -22"><span class='ocrx_word' id='word_1_255' title='bbox 198 3227 280 3290; x_wconf 77' lang='lat' dir='ltr'>mnis</span> <span class='ocrx_word' id='word_1_256' title='bbox 303 3224 462 3308; x_wconf 86' lang='lat' dir='ltr'>generatio</span> <span class='ocrx_word' id='word_1_257' title='bbox 484 3239 530 3290; x_wconf 83' lang='lat' dir='ltr'>ert</span> <span class='ocrx_word' id='word_1_258' title='bbox 552 3245 591 3290; x_wconf 80' lang='lat' dir='ltr'>ax</span> <span class='ocrx_word' id='word_1_259' title='bbox 611 3224 717 3311; x_wconf 86' lang='lat' dir='ltr'>aliquo</span> <span class='ocrx_word' id='word_1_260' title='bbox 740 3227 779 3292; x_wconf 89' lang='lat' dir='ltr'>ad</span> <span class='ocrx_word' id='word_1_261' title='bbox 803 3224 929 3312; x_wconf 84' lang='lat' dir='ltr'>aliquid</span> <span class='ocrx_word' id='word_1_262' title='bbox 953 3225 985 3292; x_wconf 84' lang='grc' dir='ltr'>ιιι</span> <span class='ocrx_word' id='word_1_263' title='bbox 1021 3239 1128 3295; x_wconf 82' lang='lat' dir='ltr'>autem</span> 
     </span>
     <span class='ocr_line' id='line_1_36' title="bbox 197 3314 1126 3414; baseline 0.004 -38"><span class='ocrx_word' id='word_1_264' title='bbox 197 3331 236 3376; x_wconf 82' lang='lat' dir='ltr'>ex</span> <span class='ocrx_word' id='word_1_265' title='bbox 259 3332 321 3398; x_wconf 86' lang='lat' dir='ltr'>quo</span> <span class='ocrx_word' id='word_1_266' title='bbox 342 3326 389 3376; x_wconf 86' lang='lat' dir='ltr'>est</span> <span class='ocrx_word' id='word_1_267' title='bbox 396 3314 568 3414; x_wconf 30' lang='lat' dir='ltr'>&#39;generatio</span> <span class='ocrx_word' id='word_1_268' title='bbox 590 3327 637 3378; x_wconf 84' lang='lat' dir='ltr'>est</span> <span class='ocrx_word' id='word_1_269' title='bbox 659 3316 797 3393; x_wconf 83' lang='lat' dir='ltr'>materia,</span> <span class='ocrx_word' id='word_1_270' title='bbox 819 3315 851 3383; x_wconf 87' lang='lat' dir='ltr'>iti</span> <span class='ocrx_word' id='word_1_271' title='bbox 867 3326 971 3380; x_wconf 88' lang='lat' dir='ltr'>autem</span> <span class='ocrx_word' id='word_1_272' title='bbox 987 3314 1027 3380; x_wconf 88' lang='lat' dir='ltr'>ad</span> <span class='ocrx_word' id='word_1_273' title='bbox 1040 3314 1126 3400; x_wconf 83' lang='lat' dir='ltr'>quod</span> 
     </span>
     <span class='ocr_line' id='line_1_37' title="bbox 198 3399 1126 3488; baseline 0.009 -24"><span class='ocrx_word' id='word_1_274' title='bbox 198 3412 245 3464; x_wconf 83' lang='lat' dir='ltr'>ert</span> <span class='ocrx_word' id='word_1_275' title='bbox 267 3401 425 3482; x_wconf 83' lang='lat' dir='ltr'>generatio</span> <span class='ocrx_word' id='word_1_276' title='bbox 447 3415 494 3466; x_wconf 79' lang='lat' dir='ltr'>cat</span> <span class='ocrx_word' id='word_1_277' title='bbox 516 3401 625 3469; x_wconf 80' lang='lat' dir='ltr'>torma.</span> <span class='ocrx_word' id='word_1_278' title='bbox 648 3401 680 3466; x_wconf 88' lang='lat' dir='ltr'>Si</span> <span class='ocrx_word' id='word_1_279' title='bbox 715 3423 790 3488; x_wconf 84' lang='lat' dir='ltr'>ergo</span> <span class='ocrx_word' id='word_1_280' title='bbox 810 3403 936 3470; x_wconf 83' lang='lat' dir='ltr'>materia</span> <span class='ocrx_word' id='word_1_281' title='bbox 960 3416 991 3467; x_wconf 88' lang='lat' dir='ltr'>et</span> <span class='ocrx_word' id='word_1_282' title='bbox 1024 3399 1126 3472; x_wconf 84' lang='lat' dir='ltr'>lormtt</span> 
     </span>
     <span class='ocr_line' id='line_1_38' title="bbox 199 3491 1123 3572; baseline 0.009 -22"><span class='ocrx_word' id='word_1_283' title='bbox 199 3502 432 3570; x_wconf 86' lang='lat' dir='ltr'>generarentur,</span> <span class='ocrx_word' id='word_1_284' title='bbox 454 3491 603 3555; x_wconf 86' lang='lat' dir='ltr'>materiae</span> <span class='ocrx_word' id='word_1_285' title='bbox 626 3506 706 3558; x_wconf 78' lang='lat' dir='ltr'>essct</span> <span class='ocrx_word' id='word_1_286' title='bbox 730 3492 869 3572; x_wconf 84' lang='lat' dir='ltr'>materia,</span> <span class='ocrx_word' id='word_1_287' title='bbox 892 3505 923 3556; x_wconf 90' lang='lat' dir='ltr'>ct</span> <span class='ocrx_word' id='word_1_288' title='bbox 939 3491 1058 3557; x_wconf 79' lang='lat' dir='ltr'>formae</span> <span class='ocrx_word' id='word_1_289' title='bbox 1074 3510 1123 3558; x_wconf 80' lang='lat' dir='ltr'>cs</span> 
     </span>
    </p>
   </div>
   <div class='ocr_carea' id='block_1_9' title="bbox 0 0 1246 3975">
    <p class='ocr_par' dir='ltr' id='par_1_14' title="bbox 0 0 1246 3975">
     <span class='ocr_line' id='line_1_39' title="bbox 0 0 1246 3975; baseline 0 2"><span class='ocrx_word' id='word_1_290' title='bbox 0 0 1246 3975; x_wconf 95' lang='lat' dir='ltr'> </span> 
     </span>
    </p>
   </div>
  </div>
 </body>
</html>
