2484 3975
181 213 201 273 6
513 229 569 273 tin.
593 228 632 274 ιν.
656 227 720 273 car.
746 230 766 273 r.

179 299 330 364 distincta.
353 294 506 363 Praedicti
529 310 633 363 autem
670 298 837 364 descensus
875 298 1101 386 perfectionum

179 410 196 453 a
221 388 288 453 lleo
312 386 425 474 duplex
448 398 493 451 est
517 388 604 453 ratic:
631 386 696 452 Una
718 387 844 474 quidem
869 408 906 454 ex
930 402 1017 476 parte
1039 390 1102 475 pri·

179 496 377 543 maerorum
401 474 539 559 originis
562 498 633 543 uam
657 474 759 547 diviua
792 476 953 563 sapientia,
976 491 1009 545 ut
1031 499 1102 564 per·

179 566 271 632 lectio
294 577 375 631 esset
398 564 429 628 in
453 564 558 642 rebus,
595 586 646 633 res
680 562 822 652 produxit
856 565 887 630 in
925 565 1045 634 ordine,
1068 578 1103 631 ut

179 668 390 720 creaturarum
414 652 596 719 universitas
619 673 658 719 ex
679 654 810 724 summis
823 674 927 719 rerum
941 668 970 719 et
987 654 1102 720 infimis

180 744 396 831 compleretur.
419 740 484 807 atta
506 760 581 806 voro
603 743 682 809 ratio
706 763 745 808 ex
758 742 831 831 ipsis
847 743 937 809 rebus
952 742 1100 831 procedit:

180 854 264 911 nam,
287 853 358 899 cum
382 850 492 897 causae
515 830 576 895 sint
598 830 767 896 nobiliores
793 830 961 911 effectibus,
999 830 1099 918 primo
1139 848 1142 859 '

180 921 306 1008 quidem
331 932 452 986 causata
476 918 623 985 deliciunt
645 939 663 984 a
687 920 785 1003 prima
809 920 1101 1009 causa,quael)eus

180 1022 236 1088 est,
259 1029 339 1096 quae
362 1022 465 1073 tumen
487 1008 550 1072 suis
578 1005 736 1072 effectibus
759 1011 982 1093 praeeminent3
1004 1022 1034 1073 et
1055 1007 1098 1073 sic

178 1098 324 1183 deinceps
347 1116 508 1182 quousque
530 1094 569 1160 ad
607 1095 714 1161 ultima
753 1114 857 1159 rerum
891 1097 1096 1181 perveniatur.

178 1187 224 1259 Et,
247 1186 319 1271 quia
342 1185 373 1249 in
396 1204 520 1250 summo
542 1182 772 1251 rerumrertice
787 1182 854 1247 Deo
877 1183 1097 1269 perfectissima

176 1277 277 1341 unitas
301 1273 464 1350 iuvenitur,
487 1287 517 1338 ot
541 1271 795 1360 unumquodque,
809 1270 933 1357 'quanto
963 1285 1009 1337 est
1033 1292 1095 1336 ma·
1188 1355 1194 1361 .

176 1365 222 1449 gis
246 1383 354 1441 unum,
377 1375 461 1429 tento
484 1374 529 1428 est
552 1364 651 1447 magis
690 1363 860 1428 virtuosum
898 1373 929 1424 et
964 1360 1101 1445 dignius,

176 1472 369 1538 consequens
392 1464 448 1527 est,
472 1464 504 1517 ut
526 1465 676 1538 quantum
710 1470 728 1514 a
751 1451 852 1535 primo
875 1449 1025 1535 principio
1051 1468 1098 1513 re-

178 1541 307 1619 ceditur,
331 1553 415 1605 tanto
439 1538 538 1626 major
561 1540 721 1606 diversitas
744 1552 775 1603 et
787 1540 913 1604 variatio
927 1538 1098 1603 inveniatur

178 1634 209 1705 'ur
234 1631 336 1696 rebus.
361 1626 490 1716 Oportet
510 1630 616 1714 ¹igitur
639 1648 816 1716 processum
854 1627 1058 1692 emanationis
1080 1648 1097 1691 a

179 1721 247 1785 Deo
271 1718 501 1805 uniri-quidem
535 1720 566 1785 in
604 1720 671 1805 ipso
709 1715 869 1805 principio,
904 1715 1097 1802 multiplicari

181 1822 284 1874 autem
308 1806 480 1873 secundum
503 1828 553 1873 res
576 1808 698 1873 intimas
720 1806 760 1871 ad
776 1847 780 1858 κ
794 1826 870 1891 quas
907 1805 1101 1869 terminatum

179 1897 216 1961 Et
237 1897 277 1961 ita
290 1894 461 1963 secundum
477 1878 685 1962 diversitalem
703 1915 807 1960 rerum
824 1906 952 1981 apparet
977 1894 1097 1958 viarum

180 1986 352 2066 diversitas,
373 1985 459 2070 quasi
484 1985 523 2051 ab
547 2007 609 2051 uuo
647 1984 798 2073 principio
833 1984 1044 2050 inchoatarum
1068 1994 1099 2046 et

180 2076 414 2142 terminatarum
437 2072 477 2139 ad
500 2073 630 2139 diuersa.

248 2163 306 2229 Per
318 2163 374 2228 has
390 2163 482 2246 igitur
498 2163 560 2228 uias
572 2162 744 2227 intellectus
760 2173 866 2224 noster
880 2159 912 2221 in
922 2158 981 2221 ‘Dei
994 2155 1099 2240 cogni-

98 2329 107 2338 ,Δ
179 2255 294 2319 tionem
310 2251 476 2316 ascendere
493 2249 669 2336 potest3sed
683 2262 808 2335 propter
833 2245 1021 2311 debilitatem
1052 2244 1097 2308 in·

148 2359 150 2366 ’
179 2343 317 2408 tellectus
341 2340 447 2418 nostri,
470 2341 630 2426 neo-ipsas
652 2338 716 2402 vias
745 2334 878 2412 perieote
911 2352 1100 2418 cognoscere

179 2451 353 2517 possumus.
376 2428 468 2506 Nam,
489 2449 559 2494 cum
583 2447 702 2505 seusus,
724 2424 808 2490 unde
837 2437 941 2489 nostra
964 2422 1098 2508 cognitio

178 2520 295 2608 incipit,
308 2521 388 2586 circa
405 2518 555 2584 exteriora
572 2516 740 2582 accidentia
761 2526 909 2589 versetur,
924 2533 1004 2598 quae
1025 2522 1098 2575 sunt

77 2669 81 2673 .
180 2609 352 2674 secuudum
363 2627 399 2673 se
411 2607 575 2685 sensibilia,
587 2619 623 2672 ut
633 2606 718 2671 color
733 2617 764 2669 et
775 2603 853 2668 udor
864 2616 894 2667 et
909 2599 1098 2684 hujusmodi,

182 2697 354 2763 intellectus
376 2696 424 2761 vix
448 2716 504 2781 per
527 2694 705 2780 hujusmodi
733 2693 884 2757 exteriora
921 2700 1022 2773 potest
1043 2685 1097 2749 ad

182 2786 360 2850 interiorem
383 2785 521 2848 notitiam
545 2787 718 2872 pervenire,
740 2782 832 2844 etiam
855 2777 977 2841 illarum
993 2793 1097 2838 rerum
1160 2792 1163 2795 ·
1195 2775 1199 2783 '

182 2891 314 2958 quarum
354 2871 521 2938 accidentia
555 2893 648 2938 sensu
686 2867 820 2956 periente
854 2863 1097 2950 comprehendit.
1189 2877 1195 2885 “

178 2961 276 3026 Multo
299 2960 390 3042 igitur
413 2960 514 3026 nrinus
538 2963 713 3047 pertingere
735 2953 849 3040 poterit
879 2952 918 3016 ad
956 2971 1097 3037 compre·

180 3049 382 3114 liendenduur
405 3063 528 3114 naturas
552 3050 673 3115 illarum
696 3063 799 3109 rerum
827 3061 962 3127 quarum
1000 3061 1096 3126 pauca

179 3138 348 3205 accidentia
372 3137 510 3222 capimus
532 3158 636 3214 sensu,
658 3147 689 3198 et
712 3131 813 3198 adhuc
846 3131 951 3195 miuus
973 3129 1095 3196 illarum

178 3247 308 3314 quarum
333 3227 500 3292 accidentia
523 3227 589 3311 oapi
614 3244 676 3288 non
700 3235 838 3308 possunt,
860 3221 915 3286 etsi
933 3239 989 3305 per
1003 3238 1095 3304 quos·

180 3319 252 3381 dam
290 3315 467 3380 deficientes
505 3313 630 3378 ellectus
668 3312 884 3400 participetur.
920 3307 1004 3380 Sed,
1039 3307 1096 3370 etsi

182 3407 266 3488 ipsae
290 3419 416 3470 naturae
440 3422 544 3468 rerum
569 3415 671 3466 essent
709 3400 798 3466 nobis
834 3398 984 3481 cognitae,
1019 3394 1096 3458 ordo

184 3509 285 3560 taruen
310 3511 429 3572 earum,
451 3487 620 3556 secundum
645 3491 729 3578 quod
752 3509 769 3554 a
792 3482 1095 3572 divinaprovidentia
