2484 3975
435 222 490 266 uus.
515 221 553 267 tu.
577 220 641 266 unu.
666 221 714 267 vn.
1003 202 1041 267 51

124 291 209 380 quod
232 304 278 357 est
299 290 402 377 imapo
430 290 489 355 Dei
521 289 697 366 inuisibilis,
726 287 853 368 coloss,
877 288 907 367 1,
931 285 983 367 tta
1005 305 1046 370 ει,

124 403 166 447 ne
187 384 365 447 aestimetur
387 398 454 445 esse
477 380 579 463 imago
613 377 769 455 deficiens,
800 378 964 443 essentiam
987 378 1046 445 Dei

125 490 189 535 non
213 480 458 555 repraesentans,
492 486 663 552 perquam
689 487 753 531 non
776 467 870 552 possit
904 468 1048 552 cognosci

124 560 164 624 de
186 558 253 623 Deo
276 556 350 643 quid
373 571 429 634 εει,
450 556 527 621 siout
543 557 587 621 vit·
603 555 713 619 dicitur
728 556 831 639 imago
844 554 911 634 Dei,
928 556 943 619 1
963 554 1046 633 Cor„

127 647 180 726 ii,
202 648 234 725 7,
257 644 429 711 ostenditur
461 644 595 729 perfecta
629 664 696 709 εεεε
722 645 834 728 imago,
869 644 968 730 ipsam
989 644 1046 711 Doi

124 735 327 802 substantiam
358 748 601 819 repraesentans,
632 731 761 797 'dicente¹
790 731 943 817 Apostoloz
970 732 1047 797 Cum

124 826 167 889 st't
198 823 347 908 spiondot·
379 823 515 905 plurios,
549 834 579 888 et
610 823 711 907 fipuro
743 819 937 887 substantiae
968 823 1046 905 ojus,

126 912 231 989 Hebr,
257 912 286 989 1,
309 912 339 977 3.
363 910 431 975 Nun
456 923 502 975 est
524 910 616 995 igitur
639 911 733 976 Filius
756 910 813 973 Dei
836 923 986 977 creatura.

192 1001 368 1074 Praeterea,
390 998 471 1065 Nihil
495 999 579 1086 quud
609 1012 656 1064 est
680 1001 710 1063 in
737 998 840 1084 aliquo
863 1018 977 1082 genere
999 1011 1046 1064 εει

127 1087 309 1154 uniuersalis
332 1109 422 1153 nausa
458 1108 566 1153 eorum
592 1108 672 1171 quae
694 1101 765 1152 sunt
789 1089 820 1151 in
843 1107 958 1171 genere
980 1086 1046 1164 iiio;

126 1179 204 1244 siout
227 1176 405 1245 uniuersalis
444 1197 536 1241 nausa
561 1177 723 1241 hominum
759 1196 820 1240 non
854 1189 901 1241 εει
934 1176 1045 1262 aliquis

127 1268 233 1345 homo,
257 1266 332 1332 nihii
356 1265 439 1331 enim
475 1265 617 1350 suiipsius
641 1279 687 1329 est
709 1284 812 1340 causa3
835 1262 890 1329 sed
912 1266 970 1344 soi,
991 1268 1044 1351 qui

122 1371 172 1421 ast
193 1370 278 1421 extra
309 1374 407 1439 genus
440 1353 624 1432 humanum,
658 1367 705 1419 est
738 1352 918 1418 uniuersalis
953 1373 1044 1419 oausa

124 1446 330 1530 generationis
354 1443 521 1518 humanae,
552 1456 583 1506 ει
606 1442 733 1507 ulterius
757 1442 849 1506 Deus.
873 1442 967 1507 Filius
989 1462 1045 1508 au·

124 1547 187 1599 tem
207 1546 253 1598 est
276 1530 561 1597 universalissima
584 1546 807 1609 ereaturarum
823 1531 1044 1597 diciturenim:

124 1622 241 1697 Omnia
261 1621 444 1704 peripsum
465 1620 549 1703 furtu
571 1630 653 1698 sunt,
675 1619 795 1696 Josnn„
821 1618 850 1697 1,
873 1620 904 1696 5;
927 1633 958 1683 ει
972 1618 1045 1686 dioit

125 1708 280 1797 Sapientis
311 1710 425 1791 genita:
452 1710 528 1773 Cum
551 1728 586 1772 eo
610 1729 696 1773 erum
719 1719 829 1773 cuncto
851 1728 1046 1791 componens,

125 1798 285 1875 Proverb„
307 1796 339 1873 8,
362 1798 415 1873 50;
438 1812 468 1862 et
490 1797 652 1883 Apostolus
681 1796 763 1862 dicit:
786 1796 822 1861 In
836 1797 904 1881 ipso
921 1798 1045 1863 omaditu

126 1899 199 1953 sunt
219 1886 363 1951 uniuerso
386 1887 418 1949 t'n
441 1888 546 1967 coelis,
569 1898 599 1952 ει
620 1886 653 1950 t'n
677 1897 772 1963 terro,
796 1885 923 1962 Culusa,
939 1888 968 1966 1,
993 1887 1044 1953 16.

127 1976 195 2065 lpse
218 1975 310 2061 igitur
332 1995 394 2040 non
424 1988 471 2040 est
493 1975 532 2041 de
555 1996 669 2062 genere
691 1988 911 2041 ereaturarum.

194 2063 282 2138 item,
295 2063 335 2128 Ex
349 2064 478 2130 ostensis
493 2071 524 2130 in
540 2065 679 2130 seeundo
692 2064 771 2130 libro
788 2064 986 2130 manifestum
998 2078 1046 2133 εει

126 2155 209 2240 quod
232 2153 418 2218 substantiae
430 2153 642 2239 incorporeae,
657 2174 734 2237 quus
748 2152 880 2237 Angelos
895 2154 1045 2233 dicimus,

126 2263 189 2308 non
213 2255 340 2329 possunt
363 2241 449 2306 aliter
478 2241 544 2307 iieri
578 2262 673 2327 quam
704 2261 759 2328 per
793 2242 992 2317 creationem
1015 2256 1045 2308 et

126 2331 219 2396 etiam
243 2342 399 2395 ostensum
424 2329 575 2416 estquod
618 2329 701 2395 nulia
739 2329 908 2394 substantio
945 2344 1045 2417 potest

126 2439 242 2497 creare,
264 2418 319 2484 ssd
341 2417 425 2482 solus
447 2417 541 2482 Deus.
565 2418 626 2483 Sed
650 2419 708 2484 Dei
731 2418 825 2484 Filius
846 2418 935 2484 lesus
958 2417 1044 2486 Chri·

125 2521 191 2574 stus
214 2520 261 2572 εει
283 2526 375 2572 causa
401 2505 601 2590 Angelorum,
625 2526 680 2572 εοε
704 2507 734 2570 in
768 2526 837 2570 esse
860 2505 1044 2592 producens,

126 2597 199 2662 dicit
221 2596 305 2660 enim
328 2594 500 2680 Apostolus:
538 2595 607 2659 Siue
646 2594 770 2673 Tironi,
794 2594 858 2659 sine
897 2595 1045 2662 Domino·

128 2687 236 2764 tiones,
256 2684 321 2748 sive
344 2681 551 2766 Principottts,
572 2685 636 2748 siue
659 2683 842 2759 Potestotos;
873 2686 1046 2772 omniopor

126 2775 229 2858 ipsum
251 2785 282 2838 ει
302 2773 336 2836 in
359 2771 426 2856 ipso
452 2785 557 2838 orento
591 2784 673 2852 sunt,
696 2770 826 2852 Coloss,
849 2773 879 2854 1,
902 2774 954 2841 16.
979 2774 1046 2863 ipss

126 2863 220 2949 igitur
241 2860 336 2928 Filius
358 2881 421 2926 non
444 2875 490 2927 est
512 2875 662 2928 creatura.

193 2951 366 3029 Praeterea,
388 2948 466 3015 Cum
490 2953 611 3038 propria
635 2949 715 3016 sotio
740 2948 905 3035 cujuslibet
928 2954 971 3016 rei
995 2971 1044 3016 se·

125 3054 237 3126 quatur
259 3055 400 3104 naturam
423 3039 530 3124 ipsius,
554 3039 631 3104 nulii
646 3041 794 3124 competit
817 3040 943 3127 propris
965 3042 1044 3105 sotio

124 3127 252 3215 alicujus
275 3128 320 3192 rei
342 3128 391 3192 oui
413 3148 477 3192 non
500 3127 646 3213 competit
667 3125 748 3191 iliius
764 3127 808 3191 rei
825 3143 945 3205 natura3
959 3128 1044 3213 quod

125 3217 209 3282 enim
232 3236 295 3282 non
327 3216 419 3282 habet
451 3217 620 3282 humanam
651 3216 786 3302 speciem
809 3235 868 3281 neo
890 3218 1044 3282 actionem

126 3307 295 3372 humanam
326 3304 442 3369 habore
475 3318 584 3390 potest.
608 3303 757 3390 Propriae
772 3318 884 3368 autem
908 3305 1043 3370 sationes

125 3395 184 3462 Dei
206 3393 392 3460 conueniunt
414 3392 502 3472 Filio,
524 3394 602 3460 siout
625 3412 742 3472 oreore,
757 3405 791 3458 ut
802 3392 868 3478 jam
884 3407 1042 3459 ostensum

127 3483 362 3564 surentinos
384 3493 415 3550 ει
436 3501 619 3552 conseruare
642 3482 747 3552 omnia
769 3482 802 3550 iu
824 3501 903 3566 esse,
917 3495 948 3550 et
970 3502 1042 3572 peo-
