2484 3975
445 274 482 320 ua
506 276 690 322 tnsrannaus
965 259 1028 325 '597

174 343 217 410 bd
241 344 333 431 liujus
356 361 429 427 crgo
463 345 648 412 evidentiam
683 344 941 413 considerandum
981 364 1028 414 est

106 433 190 520 quod
214 447 260 500 est
283 455 362 500 unus
386 432 502 517 primus
524 448 637 508 motus,
660 436 712 522 qui
736 447 782 500 est
804 455 895 500 causa
926 439 1028 503 omnis

107 539 209 589 motus
233 523 371 602 aecurrtli;
387 535 417 586 ει
432 521 502 588 ideo
522 544 736 610 quaecumque
758 527 1028 592 transmutationes

105 626 178 676 sunt
193 613 272 678 circa
296 612 350 676 ista
373 615 502 696 corpora
527 611 681 692 inferiora,
704 613 780 678 bunt
795 613 835 678 ab
851 613 901 678 illa
929 616 1027 700 prima

106 702 371 778 transmutatione
384 700 414 763 in
427 701 597 767 actionibus
609 716 712 767 autem
736 704 868 782 animae,
879 702 949 769 lieet
965 725 1027 770 nou

104 791 143 855 sit
165 791 379 856 transmutatio
401 809 440 864 es
461 805 547 875 parte
570 791 664 876 ipsius
688 792 821 866 animae,
847 804 951 856 tamen
982 808 1028 858 est

105 880 320 944 transmutatio
342 899 378 946 ex
402 892 487 964 parte
511 878 772 964 phantasmatum,
806 899 862 966 per
895 901 1028 966 quorum

106 981 249 1033 naturam
274 969 303 1033 in
326 967 560 1052 cogitationibus
584 969 705 1034 animae
728 984 773 1035 est
795 969 974 1034 continuum
998 985 1029 1035 et

108 1071 241 1144 tempus,
264 1060 342 1122 sieut
363 1057 473 1122 dicitur
500 1058 530 1121 in
565 1060 654 1123 tertio
678 1058 717 1123 de
740 1060 858 1135 bnima3
893 1073 922 1122 et
957 1058 1027 1123 ideo

107 1148 210 1211 anima
234 1147 263 1210 in
287 1147 350 1210 suis
384 1145 618 1227 cogitationibus
647 1148 775 1234 percipit
797 1148 1025 1212 successionem

105 1238 296 1311 continuam,
317 1247 347 1299 et
370 1234 571 1320 apprehendit
597 1237 682 1322 prius
704 1251 734 1301 ει
757 1237 908 1319 posterius
931 1238 961 1300 in
979 1258 1028 1311 ea;

107 1337 138 1387 et
160 1326 190 1390 in
214 1325 273 1389 hoc
295 1324 432 1388 consistit
455 1324 531 1388 ratio
554 1325 711 1410 temporis.
728 1326 865 1412 Tempus
880 1325 964 1390 enim
981 1343 1027 1390 est

106 1433 255 1478 numerus
278 1413 387 1495 prioris
410 1425 440 1477 et
464 1415 640 1498 posterioris
665 1416 695 1478 in
720 1430 817 1491 motu,
842 1429 871 1480 ct
895 1414 933 1478 ab
958 1416 1027 1479 uni-

109 1514 169 1566 tate
192 1501 283 1588 primi
307 1514 409 1566 motus
432 1500 524 1567 babet
548 1515 669 1588 tempus
692 1502 1030 1589 unitatemssompara-

108 1606 157 1656 tur
179 1591 262 1656 enim
286 1602 406 1675 tempus
430 1589 468 1654 ad
493 1591 628 1676 primum
656 1605 786 1670 motum,
801 1613 863 1656 non
880 1592 981 1656 solum
998 1607 1032 1656 ut

107 1699 252 1745 mensura
276 1678 314 1744 ad
339 1694 562 1757 mensuratum,
585 1680 640 1745 setl
664 1682 757 1747 etiam
775 1693 807 1746 ut
824 1680 966 1746 accidens
993 1682 1032 1747 ad

108 1767 291 1853 subjeetum.
315 1767 508 1851 lmpossibile
531 1781 577 1833 est
600 1781 702 1834 autem
732 1771 763 1835 in
800 1789 862 1834 uno
894 1768 1033 1854 subjecto

110 1876 178 1922 esee
200 1857 287 1944 plura
311 1856 480 1922 accidentia
503 1857 643 1942 ejusdem
666 1859 790 1944 speciei,
813 1859 891 1923 sicut
914 1859 944 1922 in
970 1879 1033 1924 una

111 1959 196 2031 parte
219 1945 391 2029 superficiei
415 1966 476 2011 non
501 1960 629 2034 possunt
650 1948 743 2014 simul
770 1967 837 2013 esse
853 1947 933 2013 duae
951 1946 1036 2013 albe·

111 2034 209 2101 dines.
232 2036 330 2101 Motus
357 2049 459 2101 autem
495 2038 612 2124 primus
636 2051 681 2101 εει
706 2058 785 2102 unus
808 2051 837 2102 et
862 2036 1035 2113 uniformia

111 2123 195 2189 unde
217 2138 339 2211 tempus
372 2139 493 2213 oportet
516 2146 583 2190 esse
608 2147 714 2191 unum.
738 2126 782 2191 hd
820 2126 894 2191 alias
930 2141 1034 2191 autem

111 2216 379 2278 transmutationes
402 2230 598 2301 comparatur
621 2229 742 2301 tempus
764 2215 864 2280 solum
889 2228 922 2279 ut
944 2236 1032 2279 meu-

111 2319 193 2378 sura3
220 2323 316 2367 unum
355 2303 437 2367 enim
478 2317 576 2389 potest
608 2322 676 2368 esse
706 2324 850 2369 mensura
884 2303 1029 2389 plurium,

111 2404 144 2455 ut
167 2411 227 2454 una
244 2392 326 2475 virga
345 2391 478 2477 plurium
496 2412 681 2476 pannorum;
697 2407 727 2458 et
743 2392 811 2458 ideo
828 2406 950 2479 tempus
966 2412 1028 2459 non

112 2478 329 2564 multiplicatur
354 2480 392 2544 ad
420 2478 705 2566 multiplicationem
729 2481 908 2547 inferiorum
931 2495 1028 2546 traus-

111 2569 327 2645 mutatiouum,
363 2568 417 2633 sed
440 2583 548 2635 manet
566 2591 675 2648 unum,
705 2570 777 2654 ipsis
810 2570 1028 2655 multiplicatis.

112 2656 153 2721 Ex
175 2656 287 2741 quibus
310 2670 392 2743 patet
416 2658 498 2744 quod
523 2660 552 2723 in
569 2658 745 2723 substantiis
767 2660 927 2745 separatis,
948 2680 1028 2745 quae

112 2765 174 2809 non
198 2745 372 2831 intelligunt
394 2767 465 2812 cum
488 2747 635 2812 continuo
657 2761 687 2812 et
710 2748 932 2832 phantasmate,
967 2771 1031 2814 raon

113 2846 159 2899 est
181 2847 313 2918 tempus,
337 2836 367 2899 in
392 2834 477 2920 eujus
503 2836 682 2901 definitione
714 2836 797 2901 cadit
834 2850 947 2915 motus,
980 2840 1034 2923 qui

114 2935 160 2988 est
183 2921 356 3007 subjectum
378 2925 534 3009 temporis,
558 2945 575 2989 a
599 2945 661 3010 quo
685 2938 805 3011 tempus
829 2926 921 2991 habet
952 2929 1036 3011 quod

113 3012 151 3076 sit
173 3013 363 3077 continuum.
382 3013 413 3077 ln
431 3012 609 3079 delinitione
637 3014 720 3079 enim
744 3016 891 3101 temporis
914 3017 1038 3100 ponitur

114 3120 263 3166 rrumerus
288 3114 319 3166 ut
342 3100 470 3167 formale
495 3116 524 3167 et
548 3116 580 3167 ut
603 3122 712 3187 genus,
735 3118 766 3167 ct
789 3118 890 3168 motus
914 3106 1040 3189 ponitur

114 3188 238 3275 obliqua
262 3203 296 3255 ut
318 3189 385 3274 ejus
408 3190 581 3275 subjectum
598 3206 628 3257 et
644 3192 712 3258 loco
735 3191 937 3267 differentiam
960 3214 1042 3258 sem·

115 3297 169 3362 per
192 3279 287 3357 enim,
313 3299 385 3343 cum
410 3279 575 3344 accidentia
599 3281 629 3344 iu
661 3280 813 3345 abstracto
842 3280 1042 3358 deliniuntur,

113 3366 239 3451 punitur
273 3367 447 3453 subjectum
478 3368 546 3434 loco
580 3366 780 3445 differentiae,
813 3370 891 3435 sicut
925 3371 1042 3435 simitas

112 3454 223 3519 dicitur
245 3457 311 3521 nasi
339 3457 481 3534 curvitas;
503 3456 641 3521 secundo
677 3477 812 3542 namque
846 3458 914 3524 loco
948 3459 1040 3525 debet

110 3562 235 3632 semper
257 3544 427 3615 differentia
450 3546 482 3612 in
505 3545 683 3613 delinitione
711 3546 796 3632 poni;
833 3561 864 3614 st
897 3547 968 3615 inde
991 3562 1036 3615 est
