2484 3975
378 243 428 286 nu·
442 242 564 287 ιιιιιιιιιι
581 241 775 287 instetuemus
977 221 1042 288 559

110 331 187 376 ιιιιιιι
211 323 267 387 cst,
291 309 322 374 iu
345 311 492 376 sensitiva
522 325 627 376 nutem
667 310 871 394 vegetativum
894 336 925 370 ι.
952 308 1044 376 Simi»

110 398 181 466 liter
204 415 307 466 autem
332 397 416 464 idem
437 399 577 485 subjectu
593 398 647 464 'est
684 399 777 464 etiem
811 395 1043 475 intelieetivunu

108 488 195 574 quud
219 489 283 575 ipse
306 487 365 554 sub
387 487 482 553 dubio
522 488 654 574 reliquit.
695 487 840 552 Similiter
876 486 1044 553 dicendum

109 591 192 644 esset
215 576 299 662 quod
323 578 527 662 vegetativum
551 592 581 643 et
603 575 783 642 sensitivum
820 588 892 641 sunt
930 577 961 640 in
995 576 1042 641 in-

109 665 276 744 teiiectiuo,
301 678 333 731 ut
357 667 513 751 trigonum
536 681 566 730 et
590 679 786 750 tetragonum
809 665 839 730 in
857 679 1044 751 pentagono.

108 753 160 819 Est
183 769 302 819 nutem
298 767 505 839 tetragonum
528 755 654 856 quidem
678 775 696 820 u
719 755 841 839 trigone
863 753 1043 839 simpliciter

108 843 169 908 eliu
193 843 291 928 dgure
314 843 485 908 secuudum
502 844 656 946 speciem,
678 863 742 908 ιιοιι
766 855 870 908 autem
887 843 1041 927 utrigcno

108 931 195 1018 quud
218 945 263 998 est
287 933 421 1020 potentin
445 934 475 998 in
501 933 579 1018 ips0;
601 931 681 998 sicut
702 953 760 998 nec
787 946 1001 1019 quaternarius
1024 955 1043 999 a

111 1021 350 1106 ternarioque
374 1035 512 1108 estpars
535 1021 642 1108 ipsius,
675 1020 730 1086 sed
765 1043 782 1086 u
821 1020 956 1086 ternario
989 1021 1043 1108 qui

109 1123 158 1174 cst
179 1130 320 1174 seorsum
344 1110 486 1185 existens
509 1124 549 1186 et,
572 1113 597 1175 si
621 1115 815 1195 contingeret
848 1108 985 1174 diuersus
1009 1111 1043 1177 fi·

109 1219 203 1284 gntus
226 1197 386 1264 cdiuersis
403 1199 564 1285 agentibus
580 1197 720 1285 produci,
740 1200 897 1283 trigonum
915 1199 1042 1285 quidem

109 1307 250 1354 seorsum
275 1308 291 1351 c
316 1301 475 1373 tetragono
499 1287 632 1354 existens
657 1288 786 1354 liaberet
808 1287 898 1353 ulium
916 1308 1042 1356 causatu

109 1375 332 1462 producentem
358 1396 451 1478 quum
477 1391 683 1461 tetragonum,
707 1377 935 1443 sicutethcbet
949 1376 1042 1446 ulintu

109 1467 257 1551 specieun
279 1466 333 1530 sed
358 1465 512 1550 trigenum
537 1465 652 1552 quod
644 1480 724 1531 inest
736 1480 897 1551 tetragono
914 1467 1042 1533 heberet

109 1553 253 1618 eamdem
276 1575 399 1620 censam
417 1548 650 1642 producentem.
665 1555 738 1620 Sic
731 1569 823 1640 igitur
835 1557 1040 1640 vegetativum

110 1643 249 1745 quidem,
272 1664 411 1709 seorsum
435 1665 452 1708 a
476 1644 620 1710 sensitivc
644 1645 787 1722 existens,
823 1644 883 1710 alie
921 1647 1041 1730 speeies

23 1763 25 1770 ·
110 1732 232 1796 animae
254 1746 353 1813 estet
391 1733 482 1798 uliam
520 1753 645 1797 eeusnin
684 1733 896 1819 productivum
936 1735 1040 1812 {tabee

111 1820 220 1884 eudem
246 1834 349 1886 tumen
373 1842 464 1887 ceusu
488 1821 668 1908 productiva
692 1837 738 1886 est
765 1823 902 1886 sensitivi
938 1837 968 1887 et
992 1844 1042 1888 ve·

109 1909 231 1995 geintiui
255 1909 338 1997 quud
376 1911 454 1976 inest
477 1910 632 1976 sensitivo.
672 1909 704 1975 Si
737 1931 813 1997 ergo
844 1912 890 1977 siu
914 1912 1041 1977 dicatur

110 1998 194 2084 quod
218 1999 422 2083 vegetativum
446 2015 476 2066 et
499 2000 677 2066 sensitivum
700 2002 785 2087 quod
809 2003 887 2068 inest
921 2002 1040 2069 intelle·

109 2087 201 2167 ctivo,
224 2104 269 2153 est
291 2110 309 2153 n
332 2109 423 2155 causa
447 2094 616 2155 extrinsece
640 2111 657 2154 ιι
681 2111 741 2177 quc
752 2102 799 2155 est
810 2090 1040 2170 intellectuum,

110 2177 255 2243 nullutn
248 2179 467 2242 inconveniens
479 2178 628 2264 sequitur
641 2178 708 2243 Νοιι
722 2180 807 2244 enim
819 2180 1040 2245 inconveniens

109 2279 156 2331 est
178 2266 320 2332 effectum
344 2269 511 2353 superioris
524 2268 641 2353 agentis
654 2267 770 2333 habere
786 2270 929 2334 virtutem
945 2289 1040 2356 quein

109 2355 203 2421 habet
227 2354 351 2421 eiiectus
390 2354 541 2420 inferioris
565 2357 695 2441 agentis,
718 2371 749 2422 et
781 2356 1040 2459 adhuccmplius:

90 2517 93 2525 ,
109 2445 192 2513 unde
209 2446 302 2511 etium
315 2442 416 2509 anima
430 2442 625 2522 intellectiva,
641 2446 781 2531 quamvis
792 2447 832 2513 sit
843 2447 883 2511 eb
895 2448 1040 2513 exteriori

107 2549 229 2636 agente,
241 2534 334 2599 {iubet
346 2547 449 2599 umen
462 2534 591 2597 uirtutes
603 2553 680 2618 quac
692 2534 810 2600 hubent
825 2535 929 2601 anima
946 2554 1039 2620 uege-

108 2624 200 2689 tutitc
213 2637 243 2688 et
250 2622 410 2726 sensitiva,
422 2642 500 2711 quae
512 2635 583 2686 sunt
599 2623 639 2686 ch
653 2622 853 2689 inferioribus
865 2624 1039 2710 agentibus.

175 2710 256 2785 Sic
249 2711 351 2796 igitur,
375 2710 537 2798 diiigenter
571 2710 771 2777 consideratis
805 2711 870 2777 iere
893 2712 1040 2779 omnibus
1072 2744 1076 2759 ·

108 2800 210 2871 verbis
232 2798 400 2867 Aristotelis
414 2820 502 2888 quae
541 2798 581 2865 dc
611 2799 768 2870 intellectu
792 2801 930 2870 humanu
954 2800 1041 2879 dixit,

107 2903 236 2976 apparet
258 2910 329 2955 eum
354 2888 446 2975 hujus
469 2888 563 2955 fuisse
577 2892 749 2955 sententiae
759 2890 845 2977 qttnd
857 2912 960 2956 enimn
980 2891 1039 2956 hu·

102 2978 198 3044 ⁴'ttiunu
222 2978 260 3045 sit
283 2989 368 3043 ectus
391 2980 541 3065 corporis,
561 2990 592 3042 et
614 2978 701 3065 quud
724 2978 791 3065 ejus
818 3000 889 3068 pers
904 2982 969 3045 site
986 3000 1040 3065 pu-

8 3132 11 3137 ,
107 3066 201 3150 tentia
225 3066 263 3133 sit
285 3066 456 3133 intellectus
479 3064 645 3153 possibilis.

157 3143 259 3225 Νιιιιιι
281 3170 385 3223 cutem
407 3155 604 3225 considerate
627 3169 748 3241 oportet
769 3154 845 3243 qnid
882 3155 933 3224 elii
957 3159 1061 3243 peri·

105 3246 227 3331 patetici
250 3244 290 3310 de
312 3244 402 3311 hoc
395 3266 461 3331 ipso
483 3258 657 3320 censetisne
680 3257 711 3309 et
732 3245 920 3331 accipiemus
934 3246 1037 3332 primu

106 3334 200 3400 verbe
223 3332 414 3400 Themistii
406 3354 437 3398 ιιι
461 3345 638 3398 commento
673 3332 713 3397 de
751 3331 1039 3417 Animn(1.5,c.

106 3422 148 3489 ⁶25
172 3437 201 3489 et
224 3444 309 3510 seqq.
323 3426 349 3508 ),
382 3420 434 3488 ubi
458 3422 502 3487 sie
524 3420 605 3505 dicit.
631 3417 690 3506 (iiz
722 3421 932 3488 «Intellectus
970 3423 1041 3501 iste,
1061 3504 1075 3514 Α,

158 3516 197 3597 Ν)
212 3528 335 3601 liuticet
352 3534 505 3599 sequentem
523 3524 664 3587 themistii
678 3526 779 3597 lucum,
793 3527 940 3601 secuudum
959 3518 1041 3591 sete..
1055 3576 1076 3591 ,,
