2484 3975
450 245 709 294 mmmn
984 226 1023 294 M

107 314 339 407 relatioue'(l),
362 327 453 403 prout
476 336 556 383 unus
577 331 625 381 est
658 315 749 381 Pater
782 313 843 402 (et)
878 312 956 383 aliut
978 329 1026 382 est

107 407 212 486 Filius,
235 422 315 493 quae
337 419 441 471 autem
464 405 589 471 relative
613 404 829 491 praedicantur
855 403 1026 470 nonaliud

107 495 250 561 ridentur
285 493 462 581 praedicare
500 493 531 559 in
560 514 599 559 eo
621 494 662 558 de
684 513 746 579 quo
780 492 1024 568 dinunumed

108 586 205 671 magis
226 582 267 650 ad
288 582 383 661 aliud,
405 595 436 647 et
457 581 502 648 sie
523 602 577 669 per
599 582 659 648 ltoe
686 582 868 668 compositio
891 599 954 647 non
975 581 1024 652 iu*

104 672 241 751 ducitur,
264 708 311 729 -,
344 670 470 737 videtur
499 670 584 757 quud
620 672 698 737 haee
719 671 965 758 responsiouon
984 671 1026 738 ait

106 760 262 831 sufficiens
282 758 322 825 ad
342 759 499 846 praedicta
521 759 767 825 inconvenientia
790 758 930 825 vitanda„
995 814 1000 821 .

173 850 251 917 Nam
289 849 396 915 relatio
435 868 509 913 non
535 862 634 935 potest
666 867 736 913 esse
767 847 883 934 ubsque
907 848 1024 933 aliquo

107 938 259 1015 absolute
282 937 314 1002 in
327 936 474 1022 ⁴quolibet
496 941 579 1003 enim
602 937 729 1003 relativo
752 951 873 1023 oportet
895 936 1023 1022 intelligi

108 1028 193 1115 quod
215 1026 255 1093 ad
277 1046 311 1092 se
332 1026 443 1091 dieitur
466 1038 587 1112 praeter
602 1025 634 1091 id
657 1025 1023 1110 quodadaliuddieitun

106 1117 187 1183 siout
208 1135 314 1181 servus
336 1114 374 1180 ad
399 1114 512 1201 aliquid
535 1127 584 1179 est
603 1114 743 1181 absoluta
759 1114 1024 1201 praeteridlpund

107 1206 147 1271 ed
169 1204 332 1271 dominum
352 1202 477 1269 dieitur.
498 1202 614 1269 Relatio
636 1202 729 1287 igitur
767 1203 818 1269 illa
841 1223 910 1290 perp
928 1222 1024 1290 qaum

109 1294 200 1360 Pater
222 1304 254 1358 et
276 1292 371 1358 Filius
393 1291 624 1376 distinguuntur
646 1304 768 1377 oportet
795 1291 878 1379 quod
892 1295 896 1330 ³
909 1292 1025 1359 inirem

105 1382 232 1470 aliquod
254 1379 430 1447 absolutum
454 1381 486 1445 in
510 1400 571 1465 quo
594 1378 750 1446 fundetur.
765 1382 826 1445 Aut
845 1382 938 1466 igitur
946 1381 1025 1449 illud

106 1472 284 1539 absolutum
306 1482 351 1535 est
375 1489 472 1535 unum
495 1481 628 1542 tanturn.
638 1479 692 1533 aut
712 1484 786 1538 aunt
799 1468 862 1535 duo
873 1470 1024 1535 absolute

104 1559 137 1627 Si
160 1574 206 1627 est
230 1578 328 1625 unum
351 1570 480 1637 teritum,
520 1559 552 1623 in
590 1576 631 1622 eo
669 1577 732 1622 nou
770 1556 1023 1643 potestilundari

104 1648 220 1735 duplex
241 1645 360 1721 relatio,
373 1646 430 1711 nisi
454 1644 532 1711 forte
552 1645 592 1711 sit
613 1645 722 1712 relatio
744 1645 1022 1733 identitatiamprue

105 1737 334 1804 distinetionern
348 1735 470 1820 operari
494 1754 556 1799 oon
580 1748 689 1819 potest,
709 1734 789 1800 sieut
810 1736 921 1806 dieittu
936 1735 1021 1801 idem

106 1825 209 1891 eidern
231 1823 325 1891 idem.
348 1820 380 1887 Si
403 1842 478 1908 ergo
499 1824 538 1887 sit
559 1822 628 1889 talis
650 1823 758 1888 relatio
792 1825 876 1909 quod
913 1822 1021 1889 distin

105 1915 242 1981 otiuuem
279 1910 423 1999 requirat,
446 1924 567 1999 oportet
602 1911 688 1999 quod
711 1912 811 1998 primo
833 1911 1020 1998 inlelligatur

105 2003 317 2070 absolutorum
331 2000 494 2068 distinctio.
527 1999 594 2068 Non
617 2021 693 2088 ergo
723 2001 844 2067 ridetur
859 2044 863 2053 ·
876 2002 1019 2089 possibile

104 2091 189 2179 quod
222 2110 378 2179 murenae
394 2090 492 2156 Petris
514 2101 546 2155 et
566 2089 634 2156 Filii
656 2089 730 2157 solis
751 2090 949 2158 relationibus
970 2091 1019 2158 di·

102 2182 308 2265 atinguantnr.
866 2215 869 2240 2
930 2201 942 2236 ’τ
999 2183 1016 2238 ιἓ

171 2270 344 2347 Praeterea,
366 2264 496 2354 Oportet
517 2265 626 2333 dieere
643 2267 727 2354 quod
750 2268 857 2334 relatio
869 2266 923 2334 illa
939 2285 1020 2354 quae

106 2357 218 2424 Filium
240 2356 398 2442 distinguit
421 2376 439 2420 a
462 2354 552 2420 Patre
575 2369 628 2420 aut
648 2358 688 2421 sit
710 2375 760 2422 res
782 2356 886 2442 aliqua
904 2359 1022 2434 anteit

106 2446 140 2513 iu
161 2445 228 2512 solo
250 2445 416 2515 intellectu.
443 2442 477 2508 Si
512 2456 616 2509 nutem
654 2445 694 2510 sit
728 2465 777 2510 ree
810 2444 1022 2530 aliquaplnon

106 2532 318 2602 videturesse
341 2533 392 2600 illa
414 2551 464 2597 res
492 2550 572 2618 quae
594 2545 640 2597 est
661 2533 765 2598 divion
786 2533 1020 2620 essentiaptquiit

106 2623 218 2690 ‹liritrav
243 2622 375 2690 essentia
407 2619 582 2686 eommunis
620 2632 668 2686 est
695 2621 778 2687 Patri
799 2634 833 2686 et
852 2621 1021 2703 Filionurlt

105 2731 184 2799 ergo
204 2713 236 2780 iu
258 2711 335 2780 Filio
357 2710 460 2796 aliqua
480 2727 530 2774 res
552 2727 634 2794 quae
656 2730 719 2776 non
741 2721 788 2803 est
809 2710 876 2796 ejus
885 2711 1019 2791 essentia

104 2814 137 2866 et
166 2800 212 2868 sie
244 2822 307 2868 nou
341 2813 386 2866 est
420 2816 509 2862 verus
543 2796 638 2876 Deus3
660 2813 820 2864 ostensum
851 2813 908 2866 eat·
933 2803 1018 2868 eniut

104 2890 141 2977 (l.
166 2889 197 2970 l,
217 2911 245 2957 e.
267 2890 325 2976 25)
346 2887 431 2976 quod
453 2885 529 2953 nihil
551 2901 597 2954 ert
619 2889 652 2954 in
662 2888 731 2953 Deo
740 2888 825 2975 quod
836 2892 1018 2964 newsum

101 2981 246 3046 essentia.
270 2979 300 3044 Si
326 2993 429 3043 autem
456 2974 506 3041 illa
530 2976 638 3043 relatio
659 2977 698 3042 sit
720 2978 751 3042 in
774 2977 930 3042 intellectu
952 2993 1018 3044 tau-

87 3078 183 3149 ¹turta,
204 3088 268 3135 non
291 3078 391 3155 potest
412 3063 612 3152 personaliter
648 3065 836 3152 distinguere
869 3067 979 3132 Filium
1002 3088 1020 3136 a

105 3157 207 3236 Patre:
229 3176 308 3244 quae
331 3156 415 3222 enim
437 3153 639 3238 personaliter
654 3153 883 3241 distinguuntur
898 3155 1020 3221 realiter

106 3258 229 3335 oportet
249 3242 406 3330 distingui.
870 3288 883 3302 ..

173 3335 262 3410 ltem,
284 3331 387 3400 Omne
408 3329 573 3397 relativum
595 3329 751 3418 dependet
772 3350 790 3395 a
812 3329 1026 3414 suopuurrela-

109 3425 182 3494 tiro.
205 3423 297 3507 Quod
319 3433 424 3489 autem
447 3419 601 3506 dependet
622 3423 662 3486 ab
684 3419 856 3491 alterouon
878 3433 925 3490 est
937 3440 1026 3526 perus

161 3529 202 3600 (ι)
217 3529 261 3588 ιιι
278 3516 416 3594 suntne,
433 3523 501 3584 ott
518 3522 545 3597 a,
562 3541 590 3600 ρ.
606 3523 653 3597 na
668 3529 725 3583 not.
741 3521 768 3584 r,
840 3512 857 3598 J
869 3521 949 3574 „nn
