2484 3975
349 221 386 266 ne
410 221 593 269 saasrturtrs
615 221 773 268 sanamus
963 202 1026 268 597

106 303 111 360 ἶ
163 290 206 356 Ex
229 289 277 356 his
300 289 392 374 igitur
416 292 612 356 manifestum
637 305 683 358 est
705 290 778 376 q'uid
819 289 898 355 cirea
921 292 1029 357 eondi-

96 382 215 448 tiouem
237 379 441 464 spiritualium
464 379 706 446 substantiarum
731 380 809 443 idest
839 379 1027 464 Angelorum

94 470 175 536 aseri
198 468 348 533 Doctores
371 467 563 547 tradiderint,
579 482 750 536 asserentes
762 487 816 532 eos
829 468 1027 556 incorporeos

95 572 126 626 et
150 556 369 622 immateriales
390 577 469 624 esse.

419 733 591 800 CAPUT
626 735 705 803 Xlll.

230 911 489 982 Dedistinetione
510 912 677 997 spirituum
699 911 895 997 Arpaloratm.

165 1086 296 1176 Oportet
318 1102 423 1156 autem
446 1104 673 1175 cousequenter
710 1090 906 1156 considerare
943 1091 1029 1176 quid,

95 1186 270 1244 seeundum
279 1198 398 1244 saetam
412 1179 596 1256 doctrinam,
607 1179 647 1244 ile
656 1178 850 1246 distinetione
863 1179 1027 1267 spirituum

94 1268 135 1332 sit
159 1267 339 1332 tenendum.
355 1267 410 1332 Ubi
422 1281 452 1332 et
470 1269 603 1354 primum
619 1267 876 1334 considerantiam
894 1271 1028 1338 occurrit

94 1355 137 1420 de
158 1355 331 1424 differentia
355 1357 509 1422 bonorum
532 1371 563 1421 et
586 1356 752 1422 malorum.

105 1493 111 1502 .
163 1445 213 1510 Est
236 1447 318 1510 enim
342 1446 564 1530 aputltnultos
586 1459 744 1530 receptum
770 1465 838 1511 este
875 1446 1029 1533 quosdam

92 1535 220 1622 spiritus
243 1535 352 1610 bonos,
375 1535 527 1620 quosdam
551 1553 625 1598 aero
648 1534 757 1610 malos3
779 1534 863 1619 quod
896 1537 1027 1602 auetori-

93 1639 158 1694 tate
180 1643 285 1691 saerae
307 1623 483 1702 scripturae
505 1622 735 1707 conaprobamn
759 1622 798 1686 de
830 1623 919 1688 bouis
942 1625 1026 1690 enim

96 1713 406 1800 Spiritilausuieitur:
429 1711 538 1776 Nonne
560 1732 664 1776 omnes
680 1722 752 1776 surrl
765 1712 1028 1780 administratorii

93 1805 236 1886 spiritus,
257 1801 289 1864 in
314 1801 519 1865 ministerium
542 1801 629 1864 missi
649 1812 778 1884 propter
801 1821 851 1864 eoa
885 1805 938 1886 qui
976 1802 1027 1868 ue-

94 1893 263 1968 redt'lolem
286 1887 409 1972 capient
430 1891 562 1954 solutis?
584 1888 727 1975 (Helm,
753 1889 782 1966 l,
807 1889 848 1954 ll
863 1894 885 1971 );
901 1893 939 1955 de
964 1911 1029 1956 rna-

94 1980 135 2047 lis
159 1996 262 2047 autem
285 1978 443 2065 spiritibus
467 1981 587 2045 dieitur:
615 1979 691 2043 Cant
713 1990 816 2045 aulem
851 1979 1029 2049 immundata

95 2072 227 2154 spiritus
248 2068 359 2133 eaierit
380 2067 422 2133 ab
444 2068 577 2145 lomina,
600 2066 741 2133 ambalat
760 2089 819 2152 per
843 2070 912 2135 loeo
934 2070 1029 2137 arido

94 2179 250 2245 quaerens
271 2159 419 2242 requiem,
442 2169 473 2222 et
494 2178 557 2223 nott
573 2159 688 2223 inuenit
704 2157 863 2243 (Manu,
881 2158 932 2237 ll,
948 2159 989 2223 43
1001 2163 1028 2244 );

93 2263 125 2315 et
148 2263 253 2334 postea
276 2246 428 2315 subditur:
457 2247 540 2314 Tune
562 2247 650 2311 uadit
673 2258 702 2311 et
741 2248 874 2313 assumit
911 2258 1028 2332 septam

92 2338 176 2405 olt'oa
198 2338 327 2423 spiritua
348 2355 451 2401 aarum
473 2337 634 2420 aequiores
671 2354 704 2399 ae
728 2337 751 2420 ¹(
768 2335 849 2403 lota.
870 2335 913 2401 tt
928 2337 953 2424 ).
993 2336 1029 2403 Et

94 2432 249 2514 quamuis,
272 2440 304 2491 nt
328 2425 633 2507 Augustiunsnarrat
658 2424 726 2508 (tle
750 2423 835 2489 Ciris.
859 2423 928 2505 Dei,
951 2425 970 2490 l.
996 2426 1027 2505 9,

93 2537 121 2586 c.
148 2518 208 2601 l),
229 2516 356 2601 quidam
382 2515 541 2598 posuerint
564 2528 595 2578 et
619 2513 717 2579 bonos
741 2526 770 2576 et
786 2513 885 2579 malos
899 2514 1026 2601 spiritua

94 2606 172 2671 deos
194 2625 262 2674 esse
285 2616 317 2667 et
339 2600 480 2668 similiter
518 2603 616 2670 bouus
655 2615 685 2664 et
725 2600 825 2668 malos
859 2602 1029 2670 daemones

53 2708 60 2721 ·
94 2694 262 2772 nominari,
283 2690 409 2779 quidam
432 2704 534 2755 tamen
558 2690 759 2755 meliusrleos
776 2691 909 2757 nonnisi
929 2691 1031 2759 bonos

95 2796 253 2862 asserunt,
270 2802 349 2868 quus
363 2800 420 2846 nos
437 2778 569 2865 Angelos
580 2779 723 2856 dioimus;
739 2780 907 2845 daemones
923 2795 1028 2847 autern

94 2872 267 2938 seeundum
290 2888 491 2937 communem
519 2887 608 2933 usum
653 2867 812 2953 loquendi,
851 2871 976 2937 nonnisi
998 2873 1028 2937 in

94 2960 178 3027 malo
200 2960 364 3045 accipisne
386 2956 480 3043 quoti
505 2970 538 3023 ut
572 2956 657 3034 dicit,
690 2956 880 3023 rationaliter
907 2957 1028 3037 accidia

93 3050 264 3115 daemones
286 3048 370 3117 enim
393 3048 424 3111 in
448 3065 561 3130 gmero
598 3066 617 3109 a
651 3046 778 3111 seleutia
813 3044 1039 3123 nominantur..

93 3160 175 3226 quae
197 3139 265 3204 tine
287 3137 448 3211 charitate,
466 3132 643 3201 seeundum
666 3133 852 3201 senteutiam
880 3134 1028 3221 Apostoli,

93 3248 152 3315 per
174 3226 356 3315 superbiam
376 3223 471 3290 iullat.

116 3372 121 3381 .
160 3315 223 3383 seu
245 3313 496 3381 consonantiae
530 3309 722 3378 daemonum
752 3330 819 3376 non
854 3310 964 3375 eadem
987 3310 1040 3379 alr,

93 3404 239 3472 omuibus
262 3403 442 3487 assignatur.
467 3399 601 3482 Quidam
624 3398 707 3466 enim
730 3419 784 3465 eos
807 3413 947 3467 asserunt
970 3420 1040 3469 nm.

94 3495 234 3585 tonaliter
255 3493 354 3584 malos
378 3506 569 3581 tamquama
592 3488 676 3560 mato
688 3488 853 3581 prodentes
866 3488 1040 3581 principio„
