2484 3975
390 240 427 285 or
451 238 525 287 rnre
547 240 583 285 ur
598 238 741 283 meraris.
966 223 1032 291 tlt)

115 308 206 376 linum
223 320 254 375 et
277 307 460 374 femininum
479 308 711 386 inanimalibus,
722 326 854 393 quorum
872 306 1031 383 diversitas

116 399 151 464 ad
172 399 332 465 materiam
358 398 525 472 reducitur,
548 412 582 463 ut
604 397 715 462 dicitur
737 398 768 461 in
791 396 912 463 decimo
939 400 1031 467 Meta-

115 488 319 574 pbysieoruun
342 486 436 565 utrde,
466 502 584 552 reuicta
624 486 722 550 forma
762 486 914 565 animalis,
948 488 1029 557 dicta

115 577 278 643 accidentia
302 596 364 641 uon
387 589 549 641 remanent
570 576 627 639 nisi
651 576 827 660 aequivoce.
867 574 1028 657 Quaedam

114 685 183 731 uero
209 679 441 751 consequuntur
478 665 639 730 materiam
677 662 847 729 secundum
886 665 1028 734 ordinem

114 775 203 841 quem
227 755 321 819 babet
342 753 381 818 ad
398 753 529 819 immam
551 753 740 839 generalem
763 764 793 817 ct
815 752 896 829 ideo,
912 772 1031 823 remota
1090 804 1098 815 -

115 844 209 909 lot-mn
232 842 366 929 speciali,
389 843 534 908 adiruciu
558 860 594 907 ea
617 855 788 917 romanens
810 843 889 909 sicut
900 845 1029 929 nigredo

113 934 189 997 cutis
212 948 258 998 est
280 932 311 997 in
334 931 477 1018 AEtbiope
500 931 707 997 nuntiatione
742 931 979 1015 clementorum,
1001 950 1032 1001 et

114 1040 174 1086 non
198 1041 236 1087 ex
251 1022 372 1087 ratione
394 1022 528 1100 animae,
549 1033 582 1085 et
603 1020 674 1086 ideo
698 1032 921 1106 postmortem
943 1021 1030 1089 ineo

114 1123 260 1175 remanet
855 1109 860 1115 ’
1056 1128 1059 1132 ·

178 1197 213 1263 Et
234 1199 305 1285 quit
328 1216 532 1284 unaquaeqne
554 1216 603 1262 ret
628 1196 837 1263 individuatur
851 1220 887 1263 ex
901 1203 1032 1270 materia

114 1300 143 1351 et
165 1286 333 1375 collocatur
356 1287 387 1351 in
409 1286 701 1374 generevelspeeie
724 1288 1034 1373 pertuamiormnm,
1138 1330 1141 1337 ν

113 1375 181 1441 ideo
201 1375 371 1441 recidentia
395 1394 475 1461 quae
496 1390 729 1461 consequuntur
767 1378 927 1443 materiem
960 1396 1033 1446 snnt

107 1552 247 1638 ejusdem
263 1553 375 1639 speciei
396 1551 597 1617 differunt-ad
613 1555 756 1617 inuicem.
772 1555 945 1620 decidentia
961 1576 1034 1621 vero

108 1654 429 1728 qutecctncquuutur
453 1641 596 1717 formam,
618 1656 691 1707 sunt
706 1644 857 1728 propriae
872 1646 1032 1729 pastiottes

109 1732 156 1795 vel
178 1732 300 1816 generis
323 1730 371 1795 vel
393 1728 517 1816 speciei3
539 1730 623 1795 unde
648 1732 844 1795 irtacuiuntur
865 1733 897 1797 in
932 1735 1031 1799 omni·

109 1820 166 1885 bus
200 1819 452 1906 participantibus
488 1833 634 1884 naturam
667 1819 788 1903 genens
822 1819 870 1885 vel
904 1823 1030 1909 speciei,

107 1910 186 1973 sieut
208 1908 324 1973 risibile
344 1910 542 1994 consequitur
565 1908 597 1973 iu
620 1910 747 1973 bomine
785 1906 929 1991 formam,
956 1913 1028 1999 qula

107 1999 185 2063 risus
208 1995 416 2084 contingit-vex
437 1999 539 2084 aliqua
561 2000 806 2084 apprehensione
828 2000 952 2066 animae
973 2005 1030 2068 ltu-

107 2107 208 2152 mmn.
629 2105 632 2112 ·

172 2174 339 2240 Sciendum
363 2174 456 2240 etiam
477 2190 526 2241 est
548 2175 632 2262 quod
655 2173 822 2260 aliquando
859 2177 1028 2244 accidentia

106 2283 143 2330 et
160 2265 317 2351 principiis
332 2265 545 2330 essentialibus
556 2282 721 2329 causantur
736 2265 909 2331 seeundum
925 2280 1028 2332 actum

107 2353 290 2438 perlectum,
312 2361 389 2418 sicut
411 2354 495 2418 calor
518 2356 549 2418 in
573 2357 643 2438 igue
667 2353 719 2439 qui
746 2370 870 2440 semper·
893 2369 961 2424 notu
984 2371 1030 2421 ost

103 2441 234 2519 calidum
257 2440 423 2530 aliquando
446 2462 519 2508 vero
543 2441 716 2508 secundum
745 2442 947 2528 aptitudinem
965 2457 1030 2510 tan·

105 2545 186 2608 tum,
208 2532 263 2597 sed
298 2530 563 2620 complementum
596 2531 751 2616 accipiunt
783 2531 954 2598 accidentia
992 2553 1030 2598 ex
1088 2600 1090 2605 ,

104 2633 219 2706 agente
240 2622 393 2699 citeriori,
414 2625 493 2686 sieut
529 2620 741 2706 diaplraacitas
765 2619 796 2683 in
830 2640 912 2697 aere,
949 2641 1029 2707 quae

102 2709 280 2797 completur
301 2731 356 2797 per
377 2730 490 2796 eorpus
512 2710 648 2775 lucidum
671 2709 815 2786 caterine
831 2711 903 2774 etin
920 2710 1030 2777 talibus

102 2799 246 2884 aptitudo
265 2813 315 2864 est
336 2798 478 2866 anaidem
499 2797 714 2885 inseparabile
735 2795 791 2862 sod
820 2799 1029 2886 complemen·

102 2901 173 2952 tum
197 2888 280 2975 quod
303 2888 426 2953 advenit
459 2907 497 2952 ex
533 2888 639 2973 aliquo
677 2885 825 2973 principio
863 2888 947 2975 quod
982 2905 1029 2954 est

103 2990 194 3042 extra
215 2978 381 3042 essentiam
405 2977 449 3041 rei
473 2977 521 3042 rel
542 2975 628 3063 qnod
652 2995 714 3040 non
749 2975 843 3040 intrat
876 2978 1029 3042 constitu·

103 3066 329 3172 tioupmrciest
350 3065 532 3154 separabile,
554 3064 761 3131 sicutmoreri
785 3078 816 3130 et
839 3065 1029 3150 hujusmodi.

176 3155 344 3220 sciendum
361 3169 414 3220 est
436 3169 541 3221 antem
562 3153 646 3240 quod
670 3154 700 3216 in
735 3154 945 3219 accidentibus
970 3155 1032 3219 aliti

103 3243 206 3308 modo
228 3256 392 3309 tumuntor
414 3263 525 3328 genus,
554 3241 725 3309 differentia
748 3255 778 3306 ct
800 3243 917 3328 species
939 3263 1033 3330 quam

103 3334 140 3398 in
165 3332 350 3398 substantiis.
372 3334 454 3416 Quia
475 3334 560 3397 enim
594 3335 625 3395 in
647 3331 823 3395 substantiis
853 3333 1032 3398 exmaterin

103 3434 140 3487 et
164 3414 264 3487 forma
280 3420 469 3488 substantiali
492 3420 526 3487 ut
547 3440 603 3508 per
620 3439 659 3487 se
684 3439 791 3498 unum,
815 3441 875 3485 nna
898 3421 1033 3508 quadum

103 3521 222 3578 natura
255 3530 292 3578 ex
324 3512 435 3582 eurum
472 3509 690 3601 conjunctione
727 3509 916 3591 resultante,
953 3529 1034 3598 quac
