2484 3975
184 293 186 298 ,
427 240 483 288 tm.
509 237 548 285 tr.
573 237 639 285 oua.
662 237 773 284 xxxvn.
1000 217 1062 282 tot

145 321 289 396 gerentur-
310 307 339 372 iu
364 305 485 374 Cbristo
510 327 625 394 ponere
649 305 783 392 aliquam
808 305 999 391 hypostasim
1013 307 1062 370 uel

144 416 306 484 personam
332 396 435 475 Verbi,
458 397 600 462 dixerunt
624 395 707 481 quod
744 395 847 460 anima
886 406 916 458 et
949 415 1062 481 eorpus

146 505 206 550 non
228 484 354 550 luerunt
375 488 459 551 unita
485 487 515 550 in
538 483 671 562 Christo,
708 503 767 549 nee
806 501 844 549 ex
879 485 923 547 eis
960 479 1063 569 aliqua

144 574 309 638 substantia
333 573 410 638 laeta
435 586 492 650 est;
516 587 545 639 et
569 591 625 659 per
647 573 707 637 boo
737 571 868 638 Nestorii
908 571 1062 636 baeresim

143 662 236 727 uitare
259 662 413 728 volebant.
437 662 564 736 Rursus,
587 662 658 747 quia
683 661 742 726 boe
764 659 955 747 impossibile
978 659 1063 724 vide·

139 765 189 815 tur
212 750 295 834 quod
319 750 434 837 aliquid
459 753 497 815 sit
519 749 720 816 substantiale
743 748 831 815 elicui
858 763 889 814 et
927 769 990 813 uon
1025 749 1065 814 sit

138 839 178 903 de
201 848 310 904 tratura
333 840 399 925 ejus
423 859 517 925 quam
541 839 626 926 prius
654 838 785 914 babuit‚·
813 838 930 924 absque
964 851 1066 902 muta·

138 928 223 993 tione
245 927 352 1013 ipsius,
389 928 525 995 Verbum
564 941 667 991 autem
701 925 829 991 omniuo
868 925 1065 991 immutabile

139 1029 198 1088 est,
220 1036 261 1080 ue
284 1031 468 1100 augerentur
498 1035 614 1102 ponere
637 1015 774 1103 animem
805 1029 835 1081 et
869 1035 982 1101 eorpus
1016 1035 1067 1080 as·

140 1118 263 1191 sumpta
280 1106 432 1189 pertinere
444 1105 482 1170 ad
499 1118 640 1170 naturam
654 1104 757 1183 Verbi,
785 1124 877 1189 quam
896 1103 1003 1168 babuit
1024 1104 1065 1168 sb

141 1206 278 1268 aeterno,
303 1208 470 1279 posueruut
494 1195 577 1279 quod
603 1192 738 1260 Verbum
749 1193 914 1278 assumpsit
926 1192 1061 1258 animam

142 1280 309 1346 humanam
326 1295 356 1346 et
371 1303 483 1367 eorpus
500 1282 593 1347 modo
610 1281 801 1359 accidentali,
816 1283 894 1347 siout
908 1282 1003 1346 bomo
1015 1303 1064 1346 as·

140 1370 234 1434 sumit
261 1369 489 1448 iudumoutum;
525 1391 580 1456 per
615 1370 675 1434 boo
713 1389 851 1435 errorem
888 1371 1064 1454 Eutyobetis

139 1457 303 1524 excludere
328 1459 477 1525 volentes.
500 1458 561 1524 Sed
584 1459 662 1524 baee
685 1458 798 1544 positio
825 1461 955 1524 omuino
988 1459 1064 1524 doo-

139 1547 238 1611 triuae
261 1546 331 1612 fidei
355 1562 516 1635 repugnat.

206 1636 314 1700 Anima
337 1637 420 1701 enim
445 1651 474 1701 et
497 1657 609 1722 eorpus
644 1655 698 1700 sua
751 1634 866 1700 unione
904 1635 1063 1701 bominem

137 1725 314 1801 constitura
339 1723 437 1790 torma
460 1725 556 1802 enim,
571 1726 719 1789 materiae
740 1723 1063 1808 adveniens,speeiem

137 1814 303 1877 constituit.
328 1813 358 1878 Si
384 1815 475 1900 igitur
498 1815 600 1878 anima
625 1826 655 1876 et
693 1832 807 1898 eorpus
841 1833 903 1877 nou
938 1813 1065 1878 luerunt

137 1901 171 1966 in
194 1900 315 1967 Christo
341 1903 436 1980 uuita,
460 1901 597 1968 Christus
621 1922 683 1965 non
718 1899 777 1965 luit
811 1901 916 1979 bomo,
954 1915 1062 1966 eontra

137 1991 318 2077 Apostolum
347 1991 510 2059 dicentem:
546 1992 702 2056 Mediator
740 1990 802 2058 Dei
840 2002 870 2057 el
907 1993 1065 2057 bominum

137 2080 229 2144 bomo
255 2080 395 2144 Ciuistus
416 2083 514 2159 lesus,
539 2080 553 2145 l
585 2080 679 2157 Tim,
702 2080 733 2158 ᾖ,
757 2080 786 2144 li.

208 2168 294 2247 item,
317 2168 531 2256 Unusquisque
555 2183 696 2233 nostrum
735 2187 772 2233 ea
812 2169 931 2235 ratione
949 2186 953 2208 ⁸
969 2170 1065 2234 bomo

138 2254 252 2321 dieitur
275 2259 345 2341 quia
369 2272 415 2322 est
437 2279 475 2323 ex
498 2258 600 2321 anima
625 2255 766 2321 rationali
801 2259 992 2323 constitutus.
1031 2256 1066 2321 Si

140 2344 236 2429 igitur
258 2344 396 2411 Christus
421 2368 483 2411 uon
505 2366 541 2411 ea
565 2347 683 2411 ratione
721 2346 833 2411 dieitur
868 2346 973 2423 bomo,
1006 2347 1063 2411 sed

139 2432 242 2499 solum
266 2433 336 2519 quia
362 2434 469 2499 babuit
506 2436 642 2499 animam
671 2448 702 2499 et
736 2454 858 2520 eorpus,
893 2435 963 2500 lieet
1000 2454 1064 2499 non

142 2521 239 2597 uuita,
262 2522 428 2606 aequivoce
452 2523 570 2588 dicetur
592 2524 705 2599 bom0‚‘
720 2536 750 2587 et
772 2543 833 2589 non
850 2522 907 2588 erit
920 2521 1064 2607 ejusdem

139 2610 254 2697 speciei
279 2610 450 2688 nobiseum,
474 2626 580 2677 eontra
606 2609 784 2697 Apostolum
809 2609 963 2676 dicentem
978 2612 1062 2697 quod

139 2697 246 2763 debuit
267 2702 451 2782 peremnia
474 2698 625 2784 (ratribus
647 2699 791 2777 similari,
815 2698 920 2777 llebr„
943 2700 975 2778 V,
1012 2700 1067 2766 t7.

207 2788 326 2863 ddbue,
349 2787 416 2852 Non
441 2810 534 2853 omne
557 2809 670 2874 eorpus
706 2788 838 2873 pertinet
872 2787 911 2852 ad
951 2790 1064 2853 buma-

138 2894 213 2939 nam
238 2890 389 2955 naturam,
413 2878 468 2941 sed
492 2876 592 2943 solum
632 2896 743 2961 eorpus
777 2878 959 2942 humanum.
995 2877 1064 2943 Non

138 2977 244 3027 autem
269 2979 315 3029 est
337 2985 449 3050 eorpus
473 2968 643 3030 humanum
668 2964 725 3028 nisi
750 2964 833 3049 quod
871 2978 917 3030 est
950 2986 1005 3052 per
1029 2988 1064 3031 u·

138 3053 269 3117 nionem
290 3055 414 3117 animae
437 3056 593 3129 rationulis
617 3053 815 3129 vivilieatutu3
854 3054 1062 3139 nequeenim

136 3140 248 3207 oculus
271 3157 322 3206 aut
345 3162 456 3207 manus
479 3156 530 3207 aut
555 3162 619 3228 pes,
656 3141 703 3207 vel
737 3161 809 3206 earo
847 3155 878 3205 et
912 3162 958 3219 os,
992 3143 1063 3228 (ab)

136 3230 241 3293 anima
265 3244 416 3316 separata,
439 3231 582 3295 dicuntur
606 3230 666 3295 nisi
689 3229 866 3315 aequivoce.
883 3229 951 3295 Nou
972 3231 1066 3315 igitur

136 3320 252 3402 poterit
274 3318 334 3383 diei
358 3318 441 3404 quod
465 3318 600 3385 Verbum
626 3319 791 3404 assumpsit
830 3330 972 3384 naturam
1008 3319 1065 3385 bu·

134 3424 275 3483 menam,
298 3408 322 3470 si
346 3426 458 3493 eorpus
481 3409 603 3471 animae
627 3426 690 3471 non
726 3406 847 3471 unitum
887 3409 1064 3494 assumpsit.

118 3496 121 3501 '
205 3493 354 3583 Amplius,
377 3496 486 3561 Anima
510 3497 646 3561 bumana
669 3493 848 3560 naturaliter
872 3495 998 3561 unibilis
1014 3511 1065 3563 est
