2484 3975
224 212 290 278 stu
596 229 770 278 cruscuaun

223 303 296 368 beot
317 310 489 366 contractas
512 319 567 364 seu
590 302 810 369 determinatas
833 299 968 382 virtutes,
992 300 1150 370 effectivas

221 390 262 455 ad
286 388 504 454 determinatos
527 387 838 476 creciacensem
855 410 926 454 vero
950 391 1065 456 liabent
1090 390 1151 456 vir·

221 492 300 543 tutes
325 477 548 554 universaliter,
570 477 608 541 atl
632 479 748 546 multos
779 478 904 546 cllecvus
927 481 1013 565 (se)
1039 493 1151 545 erten-

220 568 341 644 dentes;
362 580 393 629 et
415 579 519 628 tamen
542 567 638 632 virtus
666 571 817 656 superior,
846 568 937 633 etiarn
960 569 992 632 in
1015 569 1152 654 porticu·

219 655 338 722 laribus
361 654 542 732 effectibus,
566 655 636 742 plus
659 675 805 742 operatur
828 677 920 744 quoru
942 655 1096 735 ¹iuferior;
1120 670 1153 722 ct

150 771 155 780 .
219 746 281 810 hoc
301 745 434 808 maxime
458 745 487 806 in
511 745 695 829 corporibus
717 762 853 832 apparet.
889 745 988 824 Nom,
1010 748 1042 811 in
1066 745 1150 812 inie-

220 834 353 900 rioribus
376 833 580 917 corporibus,
602 833 682 918 ignis
705 837 830 920 quidem
855 856 909 920 per
938 855 1032 914 suunt
1064 834 1150 902 calo·

219 943 286 988 rern
310 921 469 998 celclacit,
490 936 522 986 et
543 942 651 989 serncn
676 924 767 1010 hujus
790 925 930 990 oninralis
947 924 994 988 vcl
1021 924 1149 1010 plantae

218 1013 260 1079 ita
282 1012 487 1078 determinate
510 1008 652 1096 producit
686 1013 879 1081 individuum
914 1012 1005 1098 hujus
1028 1013 1148 1100 speciei

218 1101 303 1186 quotl
327 1123 389 1168 non
413 1099 556 1186 producit
577 1102 703 1168 alterius
725 1102 838 1188 speciei
872 1101 1076 1167 individuum.
1104 1101 1148 1168 Ex

217 1211 281 1274 quo
304 1204 384 1274 potet
418 1188 502 1274 quod
526 1190 620 1255 virtus
655 1191 835 1258 universalis
869 1191 900 1256 in
932 1189 1146 1276 superioribus

219 1279 341 1344 entibus
364 1278 502 1356 dicitur,
519 1298 581 1341 rron
604 1299 643 1342 cx
666 1280 725 1346 hoe
748 1280 830 1365 quod
856 1300 917 1344 non
941 1300 975 1342 se
997 1278 1147 1344 extendat

220 1366 260 1431 ad
284 1367 483 1453 particulares
507 1365 655 1444 euectus,
693 1368 746 1434 sed
769 1370 841 1455 quia
864 1388 898 1433 se
932 1367 1068 1432 extendit
1106 1367 1146 1434 ad

219 1455 322 1541 piures
345 1456 469 1521 effectus
493 1475 586 1540 quam
611 1457 705 1522 virtus
729 1457 865 1535 inferior,
888 1472 919 1519 et
941 1457 1083 1541 superior
1111 1456 1143 1521 in

218 1545 345 1628 singulis
379 1565 488 1609 eorurn
524 1545 738 1610 vehementius
775 1561 930 1631 operatur.
966 1545 1023 1609 l'er
1058 1546 1144 1609 lrunc

219 1634 312 1717 igitur
334 1634 473 1708 rnotlonr,
497 1647 612 1720 quanto
636 1635 730 1698 virtus
742 1635 947 1718 cognoscitiva
971 1648 1017 1698 est
1039 1633 1143 1700 altior.

219 1736 303 1786 tento
327 1739 371 1787 est
395 1723 606 1797 universalior,
630 1742 691 1789 non
707 1723 832 1810 quidem
856 1723 900 1788 sic
922 1722 1005 1808 quod
1028 1742 1144 1806 cogno·

219 1824 285 1875 scat
307 1813 408 1876 solum
433 1811 640 1876 universalem
664 1828 803 1876 naturam
819 1813 889 1898 (sic
911 1811 1006 1889 eninr,
1029 1827 1148 1896 quanto

217 1916 297 1967 essct
320 1901 468 1986 superior,
493 1915 576 1967 tanto
599 1914 680 1966 essct
712 1902 928 1986 imperiection
951 1919 1144 1984 cognoscere

216 1990 300 2054 enirn
323 1989 438 2075 aliquid
461 1993 561 2055 soloin
600 1991 632 2053 in
672 1992 835 2058 universali
871 2005 916 2055 est
952 2011 1146 2073 cognoscere

218 2078 397 2164 imperfecte
419 2093 450 2143 et
473 2079 577 2145 rnedio
600 2080 695 2145 modu
730 2082 810 2147 inter
844 2079 1011 2165 potentiam
1035 2093 1144 2155 etac-

216 2182 284 2233 turn
297 2169 334 2254 );
370 2168 424 2233 sed
441 2171 488 2235 ob
524 2170 591 2242 lvoc¹
606 2168 748 2255 superior
780 2170 915 2253 cognitio
940 2166 1144 2235 universalior

197 2258 347 2331 uiuitur,
386 2259 457 2343 quia
480 2258 519 2325 atl
544 2258 631 2343 pluro
665 2279 701 2323 uc
723 2257 858 2323 extendit
880 2273 910 2321 et
932 2257 1052 2341 singula
1076 2278 1144 2321 ma·

216 2346 262 2429 gis
285 2348 452 2431 cognoscit.
478 2349 509 2413 ln
533 2347 644 2411 urdine
661 2363 763 2411 autern
781 2348 1056 2431 cognoscitivarunr
1083 2347 1144 2411 vir-

215 2449 315 2503 tutum
338 2451 385 2502 cst
408 2437 502 2501 virtus
524 2439 668 2501 sensitiva
693 2436 830 2513 inferior,
852 2450 881 2499 et
905 2434 974 2502 ideo
998 2455 1059 2499 noo
1085 2454 1143 2523 po·

216 2537 275 2589 test
296 2545 483 2609 cognoscere
506 2524 648 2609 singula,
686 2526 744 2591 uisi
782 2545 837 2612 per
859 2524 977 2610 species
1000 2525 1143 2609 proprias
1227 2580 1228 2611 ζ

214 2613 478 2698 singulorutu..Et
500 2615 571 2701 quia
596 2613 844 2679 intlivitluotionis
878 2613 1060 2700 principium
1097 2626 1144 2677 est
1227 2614 1228 2617 ’

215 2706 342 2768 motoria
366 2704 397 2769 in
421 2706 514 2771 rebus
534 2702 756 2781 materialibus,
791 2702 864 2769 inde
886 2715 932 2773 ert
955 2701 1059 2789 quod,
1086 2722 1144 2789 per

214 2790 334 2876 species
357 2792 560 2860 indiuidualcs
585 2794 616 2856 in
639 2794 763 2877 organis
801 2792 959 2877 corporeis
978 2805 1143 2877 receptas,

215 2880 260 2945 vis
282 2884 426 2950 sensitiva
448 2882 616 2969 singularia
639 2881 803 2965 cognoscit.
829 2880 911 2946 lntcr
950 2881 1145 2964 cognitiones

215 2984 320 3037 autern
343 2972 573 3047 intellectuales,
596 2969 731 3054 cognitio
748 2968 919 3035 intellectus
943 2969 1070 3036 lruurani
1096 2984 1145 3033 cst
1226 2974 1227 2983 ’

214 3058 332 3139 infimo3
357 3062 439 3125 uode
460 3061 579 3147 species
618 3058 824 3143 intelligibiles
849 3058 879 3123 in
904 3056 1059 3145 intellectu
1083 3058 1144 3123 hu·

216 3167 312 3215 mano
333 3150 523 3234 recipiuntur
545 3150 718 3217 secundum
753 3145 977 3221 debilissimum
1012 3145 1146 3213 modurn

216 3237 432 3307 intellectualis
466 3238 670 3323 cognitionis,
708 3238 750 3302 ito
770 3235 855 3321 quod
888 3254 997 3301 carum
1033 3238 1146 3301 virtute

216 3324 390 3393 intellectus
413 3329 569 3395 lrunsauus
591 3344 779 3411 cognoscere
802 3344 865 3391 noo
890 3337 989 3411 potest
1000 3344 1062 3403 res,
1084 3326 1145 3393 nisi

215 3416 388 3481 secondom
426 3415 630 3481 universalem
668 3428 810 3481 usturam
842 3415 967 3498 generis
1001 3413 1048 3479 vel
1071 3433 1146 3500 spc-

219 3503 288 3580 oici,
309 3504 350 3571 ad
373 3523 468 3587 quern
491 3500 783 3589 rcprcesentcuds'tn
806 3501 838 3569 in
861 3500 996 3601 sola,sui
1020 3502 1146 3569 unirer·
1224 3500 1225 3503 ’
