2484 3975
458 243 494 286 aa
521 240 708 288 insusurrans
983 222 1047 287 899
1091 242 1100 250 ”

116 323 163 376 est
184 329 240 396 per
262 311 433 389 materiam,
457 332 518 376 non
553 331 608 397 per
638 309 781 387 sormam,
813 328 884 376 cum
920 312 1040 396 speeies

118 411 263 483 sequatur
286 397 428 477 sormam,
451 400 567 486 speeies
592 412 696 464 autem
720 419 781 464 una
805 412 860 462 est.
884 397 918 462 ln
941 400 1042 484 Ange·

119 487 155 552 lis
179 501 281 552 autem
305 490 431 554 muteris
455 510 517 556 non
541 502 597 567 est,
613 502 644 552 ct
659 486 730 553 ideo
744 485 933 553 substantiae
956 508 1044 574 sepa-

119 587 203 641 ratae
225 597 242 640 a
267 575 456 664 philosophis
480 591 638 653 vocantur,
671 595 710 642 er
745 596 808 662 quo
842 587 924 661 patet
959 577 1042 662 quod

118 679 263 730 mensura
276 666 431 731 actionum
444 667 475 732 in
488 665 621 751 Angelis,
634 683 705 730 eum
729 665 800 728 insit
814 664 859 728 eis
872 677 906 730 ut
928 664 959 728 in
972 665 1044 730 sub·

116 751 209 837 jecto,
231 773 294 819 non
318 757 448 840 pertinet
471 756 510 821 ad
540 754 740 840 quantitatem
762 753 936 820 discretam.
960 753 1044 818 Divi-

119 842 165 906 sio
187 841 271 908 enim
293 856 324 908 et
346 846 550 910 numerositas
573 861 653 930 quac
675 854 721 906 est
743 841 774 907 in
798 841 842 907 eis
864 857 910 906 est
932 842 1044 908 solutio

116 927 257 996 formalis
281 944 310 996 et
333 932 417 998 nullo
441 932 534 998 modo
568 930 745 1007 materialis,
766 950 839 996 eum
863 942 907 995 tot
929 930 1045 996 sintin

120 1020 165 1084 cis
180 1019 298 1104 speeies
311 1035 385 1106 quat
397 1020 564 1097 individuae
583 1035 612 1085 et
628 1018 698 1085 ideo
710 1018 875 1084 multitudo
897 1038 976 1104 quae
999 1035 1045 1086 est

120 1108 151 1172 in
175 1107 217 1172 eis
241 1123 288 1174 est
311 1109 350 1176 de
366 1110 641 1176 trascendentibus.
657 1107 782 1174 Certum
797 1121 844 1174 est
860 1109 944 1173 enim
960 1110 1043 1194 quod

122 1216 217 1262 unum
241 1210 271 1262 et
294 1199 389 1264 multa
424 1198 565 1264 dividunt
600 1219 667 1272 ens,
691 1210 721 1263 et
746 1209 828 1282 patet
861 1197 945 1282 quod
968 1197 1043 1264 illud
1071 1232 1074 1241 ·

121 1305 218 1351 unum
242 1299 271 1350 et
295 1288 388 1352 multa
413 1309 474 1352 non
498 1288 623 1354 suntin
647 1286 750 1372 aliquo
771 1304 885 1369 genere
901 1284 1045 1352 determi-

121 1387 205 1450 nato,
228 1390 299 1462 puta
324 1378 355 1441 in
378 1377 557 1462 quantitate,
580 1395 652 1441 cum
675 1374 776 1441 unitas
799 1374 867 1440 talis
889 1387 919 1438 et
941 1375 1044 1441 multi·
1068 1399 1073 1404 ·

121 1463 196 1528 tudo
219 1465 312 1548 possit
335 1466 462 1550 reperiri
487 1465 541 1530 ubi
566 1465 650 1530 nulla
688 1477 734 1529 est
771 1463 933 1549 quantitas,
958 1477 990 1530 ut
1014 1465 1043 1528 in

123 1551 255 1636 Angelis.
279 1552 416 1640 Tempus
438 1569 542 1620 autem
558 1553 641 1640 quod
658 1565 815 1618 mensurat
830 1571 938 1618 eorum
954 1554 1045 1618 aetio-

125 1659 180 1706 nes
203 1661 265 1705 non
289 1656 334 1706 est
356 1642 547 1722 continuum,
569 1662 626 1707 nee
649 1659 796 1706 numerus
819 1642 870 1726 qui
887 1656 933 1706 est
948 1663 1046 1727 quan-

126 1729 194 1794 titas
217 1730 358 1806 disercta,
393 1751 463 1796 cum
488 1732 542 1796 ista
567 1731 683 1796 oriatur
706 1749 722 1793 a
746 1730 901 1804 continua;
923 1730 978 1794 sed
1001 1746 1046 1794 cst

125 1837 274 1884 numerus
297 1821 348 1906 qui
372 1834 418 1884 est
440 1820 615 1897 multitudo,
638 1818 721 1904 quod
744 1831 790 1882 est
816 1817 854 1884 de
889 1830 1045 1884 transcen-

124 1905 268 1972 dentibus
284 1922 366 1974 etex
382 1908 492 1974 talibus
516 1906 750 1974 indivisibilibus
773 1906 916 1993 componi
941 1907 1044 1972 habet.

124 1995 159 2061 Et
189 1997 259 2061 ideo
283 2020 345 2063 non
369 2014 489 2085 oportet
512 2001 591 2063 inter
613 1998 692 2062 duas
713 1997 779 2080 ejus
802 1998 948 2073 actiones,
965 2018 1044 2083 quae

123 2084 326 2171 perficiuntur
346 2089 378 2152 in
404 2087 531 2153 diversis
555 2085 790 2152 indivisibilibus
812 2085 893 2150 illius
928 2100 1046 2172 tempo-

124 2173 176 2250 ris,
200 2175 323 2259 aliquod
348 2176 484 2241 medium
521 2176 644 2252 eadere
682 2187 809 2259 possunt
846 2175 929 2239 enim
967 2175 1046 2239 duae

124 2264 260 2328 actiones
283 2265 460 2331 immediate
494 2265 551 2331 sibi
587 2263 763 2338 succedere,
785 2263 862 2327 sieut
899 2274 930 2327 ct
967 2263 1046 2328 duae

125 2353 267 2417 unitates.
291 2352 398 2419 Solum
423 2356 505 2419 enirn
530 2355 610 2420 inter
633 2352 696 2417 duo
719 2350 912 2417 indivisibilia
930 2365 1046 2438 tempo·

125 2442 165 2507 ris
189 2442 295 2519 nostri,
311 2444 394 2528 quod
419 2463 455 2507 ex
480 2442 592 2507 talibus
609 2441 754 2526 componi
771 2459 833 2503 non
851 2452 960 2524 potest,
975 2462 1046 2505 cuna

124 2528 163 2594 sit
185 2530 377 2609 continuum,
393 2531 635 2605 eaditmedium;
658 2527 724 2606 sed,
746 2527 770 2592 si
794 2548 831 2593 er
854 2529 898 2593 eis
921 2548 1046 2615 compo·

125 2632 251 2683 rrcretur
274 2633 394 2706 ternpus
418 2634 567 2697 nostrum,
591 2618 768 2683 nileaderct
803 2616 952 2695 medium,
976 2622 1046 2703 quia

123 2720 226 2792 partes
249 2709 292 2775 rei
317 2709 492 2773 immediate
517 2710 645 2780 eoir·ent;
680 2720 709 2771 et
745 2705 815 2769 ideo
851 2705 992 2771 instantia
1017 2707 1047 2770 in

125 2808 266 2882 tempore
288 2812 393 2862 nostro
417 2819 478 2861 uon
502 2811 572 2861 sunt
596 2807 708 2881 partes,
732 2814 803 2859 curn
834 2794 892 2859 sibi
917 2794 1047 2859 inuicem

124 2882 302 2949 immediate
325 2886 490 2953 succedere
514 2906 575 2950 non
601 2884 727 2970 possint.

189 2973 231 3037 Ex
254 2972 340 3039 dictis
364 2994 438 3057 ergo
463 2972 658 3039 manifestum
684 2985 814 3035 estnon
838 2990 904 3035 esse
923 2972 1049 3035 ‘transi-

123 3076 200 3138 tum,
223 3082 294 3127 cum
317 3064 450 3147 Angelus
474 3062 588 3149 aliquid
624 3078 747 3125 morose
782 3058 936 3143 intelligit,
970 3061 1048 3126 sieut

123 3151 248 3237 quando
272 3152 411 3236 intelligit
449 3150 511 3217 duo
534 3149 715 3216 successise.
738 3147 826 3233 Apud
852 3168 909 3213 nos
943 3163 1046 3213 autem

128 3240 281 3303 successio
315 3240 468 3326 quaedam
499 3254 544 3304 est
568 3236 694 3324 quando
718 3234 917 3320 intelligimus
951 3258 1048 3303 unum

125 3329 280 3406 continue,
304 3331 380 3393 sicut
404 3329 528 3413 quando
549 3325 748 3409 intelligimus
763 3324 852 3409 plura
868 3327 1049 3403 successive,

126 3428 157 3479 et
179 3415 272 3502 hujus
295 3419 372 3483 ratio
394 3417 473 3483 dieta
497 3434 550 3481 est:
575 3416 647 3502 quin
671 3428 792 3499 tempus
815 3412 899 3497 quod
923 3434 1048 3479 mensu-

126 3516 175 3569 rat
198 3506 332 3573 actiones
355 3520 473 3573 nostras
489 3526 551 3571 non
568 3518 613 3571 est
637 3502 668 3567 in
692 3504 736 3568 eis
759 3503 837 3567 sieut
852 3502 884 3567 in
899 3502 1048 3589 subjecto,
