2484 3975
390 248 428 291 na
450 246 524 291 aura
548 247 584 291 aa
604 245 740 291 sssrurrt
965 229 1029 295 593

166 315 233 382 Non
259 330 362 381 autem
387 328 488 401 potest
510 315 570 381 diei
594 314 678 402 quotl
694 315 826 381 alterum
840 335 950 381 eorum
966 331 1033 385 tan-

105 420 166 473 tum
190 405 309 471 dicatur
331 404 473 471 essentia.
1044 447 1050 459 ι

166 494 258 577 Quod
280 494 363 559 enim
388 493 516 557 materia
540 494 605 559 sola
628 514 692 559 non
706 493 887 559 sitersentia
905 493 1033 577 planum

104 584 250 670 estquis
275 604 323 649 res
347 603 402 668 per
424 604 513 648 suam
540 584 705 649 essentiam
744 582 963 666 cognoscibilis
986 599 1033 650 est

104 686 135 739 et
155 674 186 738 in
210 673 312 758 specie
334 671 496 738 ortlinstur
518 672 567 737 rel
590 673 621 737 in
638 690 764 757 genens
781 671 911 737 materia
927 688 1031 739 autern

104 782 164 827 non
187 776 233 826 est
256 760 441 845 cognitionis
463 761 661 847 principium,
686 770 743 825 nec
766 762 937 827 secundum
963 783 1033 828 eam

104 849 217 936 aliquid
240 851 278 916 ad
303 850 438 934 speeiem
462 848 510 914 rel
533 852 572 915 ad
595 871 695 937 genus
719 848 954 930 determinatur,
979 852 1033 917 sed

103 939 273 1006 seeundum
297 940 327 1004 id
351 939 451 1004 solum
475 941 592 1023 quoin
616 953 686 1006 actu
710 938 824 1024 aliquid
848 953 903 1005 est.

168 1029 277 1115 Neque
298 1029 391 1093 etiam
415 1027 515 1093 lormr
540 1042 659 1094 tantum
682 1028 873 1094 substantiae
907 1048 1036 1115 compo·

103 1118 178 1184 sitae
201 1118 331 1183 essentia
356 1118 415 1183 dici
440 1130 550 1202 potest,
572 1120 715 1203 quamvis
739 1117 865 1202 quidam
904 1117 964 1184 lroe
987 1139 1035 1183 as-

103 1227 207 1273 serere
228 1220 390 1272 conentur.
414 1207 456 1271 Ex
480 1204 528 1272 liis
551 1207 635 1272 euim
659 1228 739 1292 quae
764 1205 927 1272 dictasunt
952 1220 1036 1292 patet

104 1296 186 1383 quod
210 1297 342 1360 essentia
366 1308 412 1359 est
436 1294 466 1358 id
490 1297 574 1378 quod
599 1317 654 1381 ρει
677 1295 889 1363 definitionem
926 1297 969 1361 rei
994 1297 1036 1363 si·

104 1386 277 1469 gnificatun
301 1384 440 1449 delinitio
464 1400 568 1449 autem
584 1385 826 1451 substantiarum
844 1386 1034 1451 naturalium

105 1495 166 1539 non
189 1487 308 1549 tantum
331 1471 474 1549 formam,
501 1472 556 1539 setl
580 1488 611 1538 et
635 1474 794 1539 materiam
809 1475 955 1553 eontinet3
979 1475 1035 1540 sli-

104 1577 151 1627 ter
172 1564 255 1627 enim
280 1562 476 1628 definitiones
499 1564 654 1629 naturales
671 1578 701 1628 et
718 1561 955 1629 mathematicae
972 1584 1035 1631 non

104 1652 272 1719 differrent.

169 1740 232 1806 Neu
243 1742 336 1805 etiam
353 1754 452 1825 potest
464 1740 523 1806 diei
540 1739 624 1825 quod
640 1738 777 1815 materie,
812 1738 842 1803 in
858 1739 1039 1806 delinitione

104 1830 295 1896 substantioe
318 1829 476 1908 naturalis,
490 1843 623 1916 ponatur
639 1830 716 1895 sicut
731 1828 871 1893 additum
885 1830 1037 1895 essentiae

105 1918 185 2004 ejus,
207 1919 256 1982 acl
279 1920 388 2004 (sieut)
411 1939 467 1984 ens
490 1933 574 1983 extra
598 1918 682 1984 illam
707 1919 909 1983 naturamve!
934 1939 1038 1984 essen-

103 2011 181 2074 tiam
205 2007 283 2093 ejus,
305 2009 378 2094 quia
402 2009 454 2073 liic
477 2009 589 2073 modus
607 2007 750 2095 proprius
766 2020 812 2072 est
829 2009 1038 2075 accidentibus

104 2118 188 2186 quae
211 2101 376 2162 essentiam
401 2097 535 2182 perfecte
558 2117 621 2161 non
646 2096 774 2174 liabent3
797 2097 881 2162 unde
916 2109 1040 2185 oportet

107 2186 193 2272 quod
216 2187 247 2250 in
271 2186 451 2251 delinitione
473 2209 528 2251 sua
563 2185 754 2250 substantiae
778 2185 825 2250 vel
863 2186 1038 2272 subjeetum

106 2276 307 2359 recipiantur,
330 2275 413 2360 quod
438 2293 483 2340 est
507 2289 590 2340 extra
616 2294 715 2358 genus
738 2295 859 2339 eorum.

179 2363 267 2428 Petet
290 2385 366 2448 ergo
390 2366 473 2448 quod
498 2363 634 2430 essentia
672 2362 909 2450 comprehendit
946 2377 1044 2430 mate·

109 2452 188 2517 riam
212 2469 243 2517 et
266 2453 410 2518 lormom.
958 2454 960 2466 '

178 2540 245 2606 Non
268 2543 361 2606 etiam
386 2555 485 2628 potest
508 2541 566 2607 dici
595 2540 680 2628 quod
719 2540 852 2606 essentia
891 2541 1045 2624 significet

109 2629 293 2695 relationem
318 2652 398 2716 quae
421 2645 467 2696 est
489 2631 570 2695 inter
592 2631 754 2694 materiam
779 2642 810 2693 et
837 2629 969 2694 formam
995 2629 1045 2694 vel

109 2719 227 2804 aliquid
251 2718 485 2811 superadditum
510 2719 580 2797 illis,
604 2719 676 2804 quia
701 2719 761 2784 lroc
785 2717 824 2782 de
864 2720 1047 2784 necessitate

108 2821 193 2873 esset
216 2810 359 2873 accidens
379 2823 563 2873 extraneum
588 2831 605 2873 u
630 2828 674 2887 re,
697 2827 755 2872 nco
795 2827 851 2893 per
889 2828 958 2872 eom
997 2828 1047 2873 res

108 2912 365 2982 cognosceretur:
389 2917 470 2982 quae
492 2897 597 2962 omnia
614 2896 766 2962 essentiae
778 2896 967 2962 corrueniunt
983 2898 1046 2984 (ll

109 2986 172 3051 Per
195 2986 328 3051 sormam
353 2988 447 3062 enim,
471 3007 552 3071 quae
575 2999 622 3050 ert
637 2999 722 3051 actus
746 2985 1047 3063 materine‚materia

109 3074 244 3140 efficitur
256 3097 311 3141 ens
324 3090 393 3140 actu
406 3089 436 3140 et
448 3076 507 3139 lroc
519 3075 645 3160 aliquid;
660 3074 742 3139 unde
754 3073 828 3138 illud
843 3072 925 3158 quod
938 3093 1049 3160 super-

108 3163 236 3230 advenit
259 3187 322 3232 non
346 3164 398 3230 dat
420 3185 489 3229 esse
512 3180 582 3228 actu
605 3163 787 3250 simpliciter
810 3163 970 3239 materiae,
993 3162 1049 3240 secl

108 3272 183 3327 esse
206 3267 276 3319 actu
301 3253 372 3331 tale,
394 3253 473 3318 sicut
496 3252 665 3318 accidentia
706 3249 831 3326 iaciunt3
870 3264 902 3314 ut
937 3251 1049 3318 albedo

167 3391 207 3460 (l)
228 3392 300 3461 Quae
318 3399 407 3446 omnio
424 3395 550 3446 essentiae
567 3393 733 3455 conueniunt,
762 3389 837 3444 idest:
862 3387 929 3445 Cum
960 3407 1051 3444 econ·

109 3465 200 3516 trario
217 3466 356 3519 conveniat
374 3467 503 3517 essentiae
522 3464 594 3534 quod
612 3464 678 3516 illud
697 3463 768 3532 quod
799 3463 928 3530 signilicat
947 3479 998 3518 non
1018 3465 1052 3518 sit

110 3542 271 3589 extraneum
290 3553 305 3590 a
324 3551 353 3590 re
371 3544 399 3589 ει
415 3536 487 3608 quod
505 3552 554 3608 par
571 3551 630 3589 eam
648 3551 691 3592 res
709 3542 911 3606 cognoscatur...
