2484 3975
216 200 281 267 550
579 216 769 264 ntsssnrarto

216 302 348 375 quatuor
370 284 464 351 libros
486 284 634 363 distinxit,
656 290 687 353 iu
712 309 774 355 111
787 301 889 353 tamen
902 285 1132 355 voluminedst

217 391 321 443 autem
345 395 422 462 opus
445 376 504 439 boc
527 375 605 461 stylo
629 376 789 455 disertum,
811 391 868 442 etc.
889 404 923 441 ι.
1241 446 1242 461 ἶ

280 464 536 531 Bartholomaeus
559 465 727 549 bogboteta
752 466 899 551 (Fragm.
939 465 1023 552 apud
1044 466 1134 532 Balu·

213 555 296 619 aium
308 555 331 654 )3
363 580 376 612 a
400 550 486 637 Opus
509 566 615 617 eontra
638 553 774 621 Gentiles
797 556 881 641 quod
903 554 1040 621 eontinet
1061 576 1137 641 qua·
1241 648 1242 657 ἵ

216 642 589 811 tuoquqqqqqffirivems
629 726 800 810 (Chronic.
835 730 875 796 ad
913 731 1136 811 1111111711

224 821 371 885 «Contra
397 816 532 882 Gentiles
560 820 596 887 tv
620 820 727 886 Libros
750 823 870 909 scripsit
891 849 922 885 a.

280 909 414 974 loannes
437 908 476 971 de
500 907 663 976 Columna:
692 938 707 970 ι
729 910 891 975 Summam
925 922 1031 974 contra
1055 906 1142 972 Gen·

217 998 285 1063 tiles
308 996 379 1062 lecit
400 1022 431 1060 ι.
456 1032 500 1045 -
524 996 610 1062 Ρ1111
636 1000 761 1064 demum
786 1012 855 1063 sunt
879 1018 960 1082 quae
976 997 1140 1083 perbibent
1240 1039 1241 1048 ,

216 1087 389 1152 testimonia
412 1084 650 1164 Valleoletanus,
680 1088 846 1173 Pignonus,
884 1088 914 1151 S.
957 1086 1139 1151 Antoninus.

283 1176 368 1241 llanc
391 1176 543 1261 inceptam
569 1175 813 1241 lucubrationem
836 1174 1086 1261 completamque
1099 1174 1139 1239 ab

216 1264 377 1350 Aquinate,
402 1264 558 1329 hortatore
581 1264 612 1329 S.
637 1264 810 1329 boimundo
832 1264 872 1329 de
895 1262 1073 1342 Pennalort,
1085 1264 1140 1350 qui

216 1365 297 1417 totus
320 1353 519 1417 incumbebat
557 1356 588 1417 iu
622 1354 858 1418 conversionem
894 1352 1073 1417 llaurorum
1109 1366 1141 1416 et

217 1440 401 1519 lnbdelium,
425 1441 595 1507 memoriae
634 1458 829 1528 posterorum
868 1440 991 1507 tradidit
1030 1441 1140 1506 Petrus

217 1530 377 1595 blarailius.
402 1531 630 1595 Tertiotlecimo
642 1532 765 1596 saeculo
782 1548 812 1596 et
827 1532 999 1617 insequenti
1014 1531 1141 1595 ineunte

217 1618 349 1684 florebat
372 1623 417 1685 vir
439 1621 574 1699 illustris,
598 1621 755 1685 catalenus
779 1623 913 1699 natione,
943 1620 1142 1684 1111111111-

218 1721 300 1773 strae
312 1708 730 1795 barcltinonensisprolessus
741 1707 867 1773 Ordinis
878 1707 1142 1783 Praedicatoruuu
1240 1709 1241 1712 ’

219 1798 323 1862 multis
347 1799 524 1863 nominibus
547 1798 706 1884 probitatis
734 1813 766 1863 et
804 1798 973 1863 litterarum
1012 1798 1143 1883 peritiae

216 1885 399 1971 spectabilis.
422 1888 687 1951 Commentarium
709 1887 831 1974 scripsit
870 1888 909 1951 de
948 1886 1051 1951 Gestis
1085 1886 1142 1950 du·

219 1972 286 2038 cobi
320 1974 346 2054 1,
382 1978 464 2062 repis
501 1976 689 2061 Aroqortum3
726 1997 789 2063 quo
811 1997 849 2042 ex
870 1995 976 2063 opere,
992 1979 1141 2042 tractenus
1240 1985 1241 1989 ’

219 2064 344 2144 inedito,
380 2064 530 2152 prolixum
570 2066 609 2128 de
647 2065 679 2130 S.
718 2065 894 2130 Raimundo
927 2065 1139 2131 testimonium

217 2151 415 2240 desumptum
440 2167 556 2239 prostat
589 2154 671 2240 apud
708 2154 905 2219 Franciscum
939 2153 1084 2236 Diagum,
1106 2155 1139 2218 in

219 2240 349 2306 Historia
374 2242 513 2327 ejusdem
537 2242 640 2306 Sancti
665 2243 822 2329 hispanice
844 2244 955 2328 scripta
989 2263 1026 2306 11
1060 2246 1141 2328 typis

218 2331 299 2395 edita
324 2353 405 2397 anuo
431 2332 526 2408 1601,
565 2347 595 2396 11
618 2332 700 2417 apud
733 2331 884 2395 loannem
923 2331 1060 2416 Tamnyo
1098 2334 1140 2395 de

218 2419 713 2506 8111111111.111111111111311
747 2420 907 2506 hispanici,
940 2441 977 2484 11
1010 2423 1140 2484 demum

219 2510 298 2574 inter
314 2509 502 2579 Testimouia
515 2509 637 2588 selecta,
653 2528 734 2596 quae
752 2509 897 2574 Summae
911 2509 1141 2575 Roimurtdt'rtoe

219 2599 386 2684 praemissa
411 2600 540 2684 legimus
564 2599 595 2661 in
609 2601 745 2662 editione
764 2598 803 2663 ab
815 2599 966 2662 bonorato
979 2596 1140 2663 Vincentio

219 2687 314 2774 baget
336 2706 490 2767 accurata,
512 2707 548 2752 ao
586 2686 737 2761 Veronae,
772 2704 854 2755 auno
890 2686 987 2763 1711,
1021 2705 1140 2752 recusa.

220 2776 320 2844 Verba
342 2794 423 2844 suat:
443 2805 467 2836 -‹
490 2776 731 2849 Conuersionem
754 2776 847 2840 etiam
880 2774 1053 2840 lnbdelium
1091 2797 1142 2840 ar·

213 2893 234 2924 11
265 2868 373 2933 denter
407 2866 596 2940 desiderans,
637 2864 756 2950 rogarit
792 2866 941 2930 eximium
975 2863 1144 2931 Doctorom

220 2983 234 3013 ι
265 2955 378 3021 Sacrae·
399 2957 544 3040 vaginae,
567 2953 746 3038 Magistrum
771 2954 802 3018 iu
825 2952 999 3036 Tbeologia
1010 2952 1045 3016 F.
1057 2951 1143 3018 Tbo·
1240 2966 1241 2969 ’

221 3072 235 3102 a
266 3064 349 3109 mam
373 3044 411 3108 de
434 3045 565 3129 Aquino,
589 3041 729 3128 ejusdem
764 3039 891 3106 Ordinis
893 3089 957 3106 ......
961 3090 969 3120 ,
1009 3055 1043 3106 11
1066 3061 1146 3130 opus

221 3160 235 3190 ι
266 3133 390 3220 aliquod
408 3132 520 3197 laceret
542 3145 649 3196 eontra
665 3130 838 3220 infidelium
855 3149 978 3196 errores
989 3150 1045 3217 per
1059 3131 1146 3216 quod

222 3249 236 3280 ι
267 3235 297 3288 11
321 3223 518 3289 tenebrarum
542 3219 701 3285 tolleretur
723 3220 822 3304 caligo
843 3233 874 3284 et
897 3220 962 3285 veri
992 3219 1065 3284 solis
1089 3220 1146 3285 do·

223 3337 237 3367 a
267 3311 362 3375 ctrina
386 3311 512 3376 credere
536 3307 711 3374 nolentibus
740 3309 936 3394 panderetur.
971 3308 1056 3374 Fecit
1081 3329 1148 3374 ma·

224 3427 237 3455 a
269 3399 362 3483 gister
385 3399 434 3463 ille
458 3397 541 3484 quod
563 3397 640 3462 tanti
679 3397 778 3462 Patris
811 3398 937 3463 ltumilis
971 3396 1148 3484 deprecatio

223 3513 238 3544 a
269 3488 508 3572 requirebatis
532 3485 693 3556 Summum
716 3505 797 3574 quae
818 3497 926 3553 contro
942 3485 1077 3554 Gentiles
1101 3489 1149 3557 iu-
