2484 3975
262 253 317 297 tto.
342 252 380 296 ιι.
404 250 468 297 (ιιι).
496 250 552 295 ret.
579 250 613 293 ur
639 248 707 294 retr.
886 227 951 291 557

102 322 156 386 Per
177 320 233 385 ltoc
278 336 379 385 autent
419 320 588 385 excluditur
622 339 709 383 error
742 318 951 403 quorumdam

84 430 227 489 cecorum,
251 412 302 495 qui
327 409 538 496 purgatorium
562 422 681 490 negant
704 420 735 472 et
758 407 863 471 dieunt
886 407 952 469 eni·

88 520 114 578 s,
134 513 200 563 ante
224 516 388 585 corporum
412 498 681 589 tqurrectionem,
709 514 811 579 neque
827 494 866 558 ad
881 513 952 558 cae·

84 609 98 653 o
122 588 283 653 ascendere
305 604 406 673 neque
430 586 460 651 in
485 585 642 650 infernum
664 585 817 669 demergi.

334 762 510 829 CAPUT
547 760 636 827 xctt.

87 902 172 984 Quod
193 904 316 967 ouimoe
333 902 517 968 Sanctorum
537 912 609 985 post
630 911 760 965 mortem
783 898 895 965 liabent

184 994 370 1057 voluntalem
390 990 614 1057 immutabilem
637 991 670 1055 in
694 989 780 1054 bono.

96 1114 135 1179 Ex
161 1115 206 1179 his
244 1129 346 1179 autern
385 1126 512 1200 apparet
545 1111 629 1197 quod
667 1112 800 1189 animae,
833 1110 939 1175 statim
1033 1180 1035 1183 ,

83 1224 96 1266 n
120 1224 135 1265 a
159 1222 287 1289 corpore
310 1202 423 1267 luerint
445 1216 614 1287 separatae,
638 1200 816 1265 immobiles
831 1218 945 1263 secun·

83 1314 99 1356 n
123 1291 309 1357 voluntatem
352 1291 532 1365 redduntur,
556 1304 590 1354 ut
611 1288 726 1354 scilicet
747 1289 875 1353 ulterius
898 1308 951 1351 to·

83 1396 125 1445 tas
148 1382 280 1444 hominis
304 1381 416 1445 rnuturi
441 1400 502 1445 non
527 1379 632 1465 possit,
662 1398 763 1464 neque
786 1378 825 1442 de
860 1377 945 1443 bono

83 1468 192 1533 malurn
216 1488 317 1555 neque
340 1468 379 1533 de
403 1468 485 1533 rnalo
507 1467 537 1530 in
563 1469 691 1531 bonurn.

89 1557 244 1639 Quamdiu
267 1562 350 1621 enirn
375 1559 476 1623 anima
500 1558 540 1620 de
563 1556 648 1620 bono
671 1557 702 1619 in
736 1554 860 1621 malurn
897 1555 947 1620 vet

85 1646 218 1711 maloin
245 1647 361 1710 bonurn
386 1646 497 1710 mutari
523 1658 701 1730 patescent
724 1645 754 1709 in
778 1658 860 1709 statu
885 1664 943 1727 pu·

84 1755 99 1799 e
123 1750 152 1799 et
177 1735 312 1813 militiam
335 1748 456 1820 oportet
478 1737 560 1797 enirn
586 1746 618 1797 nt
656 1732 786 1798 sollicite
819 1731 943 1797 resistat

84 1844 166 1888 one
190 1825 228 1889 ab
251 1826 318 1909 ipso
342 1824 490 1900 vincatur,
513 1822 561 1886 vel
587 1836 717 1886 conetur
756 1835 789 1886 ut
826 1821 864 1885 ab
903 1841 943 1897 eo

84 1927 177 1978 retur.
192 1912 253 1976 Sed
266 1912 365 1977 statim
380 1932 450 1976 corn
474 1913 576 1975 anime
596 1930 756 1997 aeorpore
771 1921 942 1996 separatur,

82 2015 152 2067 ‚est
176 2004 206 2068 in
231 2015 309 2066 stetu
335 2002 462 2066 militiae
486 2001 535 2065 vel
551 2019 686 2086 pugnae,
701 2002 755 2064 sed
768 2000 939 2084 reeipiendi

82 2093 192 2155 entium
217 2092 263 2154 vel
288 2110 420 2176 poenant
445 2109 502 2176 pro
533 2108 570 2153 eo
604 2089 688 2175 ttood
722 2089 859 2173 legitime
895 2090 943 2154 vel

82 2181 175 2260 ntimo
199 2181 336 2256 certonia
359 2192 516 2244 ostensum
541 2189 586 2240 est
609 2178 693 2243 enim
716 2184 757 2260 (c.
782 2178 840 2261 91)
859 2179 944 2261 qnod

84 2289 115 2332 rn
140 2269 187 2334 vel
214 2270 387 2353 praemium
413 2267 460 2332 uel
484 2286 616 2353 pourton]
640 2269 848 2352 consequitur.
873 2265 942 2331 Non

82 2377 106 2420 tr
131 2358 259 2421 ulterius
284 2359 385 2421 aninre
410 2356 582 2421 seeundum
607 2355 796 2420 voluntatem
821 2353 868 2418 vel
903 2356 944 2418 de

82 2446 142 2509 oin
161 2445 336 2510 malumvel
349 2445 388 2509 de
404 2444 486 2508 malo
503 2445 534 2507 in
549 2445 666 2526 bonum
701 2444 812 2508 mutari
830 2456 940 2529 potest.

81 2534 158 2598 ltern
184 2549 341 2599 ostensum
367 2548 412 2598 est
435 2531 479 2616 (l.
503 2532 534 2610 3,
571 2553 597 2598 c.
623 2535 660 2597 ot
688 2545 719 2596 et
751 2533 825 2613 62)
858 2532 942 2617 quod

84 2623 184 2700 itudo,
208 2641 288 2708 quoe
312 2625 342 2686 in
366 2622 423 2686 Dei
458 2622 575 2686 visione
608 2622 755 2697 consistit,
793 2634 941 2705 perpetua

89 2725 121 2774 et
144 2711 287 2776 similiter
310 2724 467 2776 ostensum
490 2724 536 2774 est
560 2711 595 2795 (l.
620 2711 651 2786 5,
673 2729 699 2773 c.
740 2709 818 2791 tlt)
855 2711 939 2792 qnotl

89 2814 220 2886 peccato
244 2801 366 2865 mortali
403 2799 533 2864 debetur
567 2819 667 2884 poena
701 2813 836 2862 aeterna.
876 2797 938 2862 Setl

82 2909 111 2951 tn
137 2889 228 2954 beata
254 2909 320 2952 esse
345 2907 406 2953 non
431 2901 541 2974 potest,
565 2890 589 2952 si
612 2887 752 2952 voluntas
775 2887 842 2972 ejus
855 2901 938 2951 recta
1019 2912 1021 2918 ⁸
1117 2971 1123 2980 ·

97 2976 202 3056 fuerit,
226 2977 338 3042 ‹lesinit
360 2978 444 3042 eninr
468 2997 535 3040 esse
560 2991 642 3040 reeta
665 2995 723 3061 per
757 2977 817 3040 lrou
850 2976 935 3060 qood

82 3087 112 3129 re
137 3068 455 3143 ave1·titnr,etrecto
480 3079 526 3128 est
561 3084 615 3149 per
653 3068 713 3128 hoc
748 3065 832 3149 quod
875 3067 937 3127 line

82 3175 131 3231 ur,
157 3175 221 3219 non
246 3168 473 3240 potestantem
497 3155 590 3217 simul
614 3154 787 3238 essequod
819 3173 835 3214 a
875 3153 937 3215 line
1033 3165 1036 3169 ’

81 3257 166 3308 tatur
179 3257 210 3308 et
224 3243 285 3307 line
302 3242 430 3308 lruatur.
448 3240 576 3328 Oportet
603 3243 696 3326 igitur
719 3241 935 3306 rectitudinem

82 3333 176 3398 ntatis
200 3333 232 3396 in
256 3333 359 3396 anitua
384 3334 471 3398 beata
496 3349 562 3395 esse
586 3342 779 3417 perpetuom,
804 3344 837 3393 ut
871 3348 939 3394 nou

82 3423 100 3485 it
126 3423 328 3486 transmutari
352 3420 497 3484 debono
521 3421 551 3483 in
576 3421 703 3483 molum.

82 3510 227 3596 implius,
250 3509 435 3576 Naturaliter
457 3523 596 3574 creatura
637 3507 794 3574 rationalis
819 3507 936 3592 oppetit
1010 3505 1021 3527 '

122 3601 180 3664 To.
209 3599 353 3664 Sutnrrtoe
378 3598 457 3662 l'ltt'l.
486 3599 516 3665 V.
545 3599 574 3663 5.
846 3599 888 3662 2⁹2
