2484 3975
235 207 282 274 98
491 233 546 278 ua.
570 231 607 277 lv.
632 232 695 278 car.
717 231 766 278 xx.
790 231 831 276 ur
849 230 908 276 ιιι.

234 295 389 364 Dominus
413 297 548 386 Spiritui
571 312 674 366 nutem
697 313 754 381 ert,
790 301 811 366 2
834 297 914 377 Cor,
937 299 968 378 5,
991 299 1044 378 ll,
1066 310 1098 364 at
1120 302 1153 366 io

211 369 375 472 'symbolo
399 390 470 456 lidei
493 390 615 456 dicitur:
641 390 740 456 Credo
776 390 811 455 iu
835 388 985 474 Spiritum
1004 387 1155 456 sancum

232 476 409 542 Dominum.

302 565 389 647 item,
406 567 471 635 Vita
485 568 618 634 maxime
631 566 661 632 io
675 581 762 634 motu
774 565 999 643 manifestatur,
1024 585 1153 631 moven-

233 653 273 718 tia
297 656 381 721 enim
404 658 503 742 seipsa
519 657 620 722 virere
632 655 774 730 dicimus,
785 670 817 721 et
828 656 1040 721 universaliter
1055 674 1153 740 quae·

232 761 368 830 cumque
391 747 537 831 aseipsis
561 759 694 830 aguntur
716 744 972 831 adoperandum.
996 743 1027 809 Si
1045 742 1154 826 igitur,

233 833 352 897 rationo
388 835 513 914 amoris,
546 833 672 920 Spiritui
696 833 808 899 Sancto
832 832 976 920 impulsio
999 846 1030 896 et
1053 833 1152 898 motio

232 920 390 1008 competit,
424 923 644 988 convenienter
682 924 776 987 etiam
799 921 856 987 sibi
880 921 1054 986 attribuitur
1079 920 1153 1001 vita3

232 1007 342 1073 dicitnr
365 1012 457 1076 anim:
481 1011 618 1096 Spiritus
630 1014 739 1097 estqui
761 1011 906 1097 vivificat,
927 1011 1029 1086 ioan,
1052 1008 1084 1088 6,
1096 1009 1153 1086 ou

120 1151 123 1157 s
152 1098 154 1104 ’
231 1109 271 1160 ut:
294 1097 385 1164 Dabo
409 1100 494 1165 uobis
515 1102 671 1184 spiritum,
694 1111 724 1164 et
747 1101 863 1178 niualis,
887 1100 1005 1177 Erash,
1030 1098 1154 1177 57‚1o;

232 1198 262 1248 et
284 1185 316 1250 in
338 1188 480 1274 symbolo
504 1190 574 1254 fidei
599 1210 656 1254 nos
680 1190 710 1253 in
733 1188 881 1276 Spiritum
904 1188 1050 1253 Sanctum
1072 1189 1155 1253 uiui·

230 1275 374 1361 fiooutem
398 1277 525 1361 credero
549 1278 740 1366 profitemur.
764 1277 857 1358 Quod
881 1278 1028 1343 etiamst
1052 1278 1155 1342 nomi·

232 1362 263 1427 ni
287 1365 418 1448 spiritus
440 1381 598 1440 oonsonau
624 1388 695 1432 nam
719 1369 813 1431 etiam
822 1365 997 1454 ‘corporalis
1009 1364 1069 1428 vita
1086 1367 1156 1430 aui-

231 1453 361 1518 mallum
386 1467 431 1520 ost
454 1476 509 1543 per
531 1456 673 1542 spiritum
696 1456 821 1521 vitalem
844 1476 862 1522 a
884 1455 1036 1544 principio
1068 1454 1154 1523 ritae

232 1539 263 1604 in
290 1556 410 1610 caetera
433 1545 574 1611 inumbra
597 1545 776 1611 diffusum..

444 1807 447 1809 ,
542 1720 713 1788 olrur
747 1720 827 1787 xxi.

274 1899 322 1966 Dr
344 1899 497 1989 affectibus
525 1898 684 1966 ottributr's
708 1899 839 1984 Spiritui
862 1897 984 1979 Sancto,
1010 1911 1156 1983 respectu

319 1992 484 2056 rationulis
507 2000 679 2069 creaturae,
701 2001 851 2075 quantum
862 1991 905 2070 ud
919 2010 959 2055 eo
971 2008 1050 2075 quoa
1065 1988 1156 2055 Dour

320 2080 409 2144 uobis
431 2080 592 2165 olorpitur.

297 2254 562 2324 Considerandum
586 2267 632 2323 est
654 2255 762 2336 otiam,
783 2268 934 2341 quantum
962 2251 1002 2318 ad
1025 2253 1157 2323 effectus

231 2362 308 2430 quos
333 2346 455 2434 proprie
478 2345 508 2409 in
532 2358 641 2409 natura
665 2346 806 2410 rationali
830 2344 911 2422 lacit,
933 2342 1017 2430 quod
1034 2364 1072 2409 ax
1087 2345 1156 2411 hoo

229 2431 634 2519 qnoddirinaeparleotioui
658 2446 826 2521 utcumque
848 2433 1065 2511 assimilamur,
1090 2435 1153 2499 hu-

229 2520 364 2607 jusmodi
388 2522 534 2611 persentio
557 2544 574 2587 a
597 2522 664 2587 Deo
690 2523 780 2587 uobis
814 2523 880 2588 dari
914 2522 1037 2600 diuitum
1068 2522 1155 2590 siout

229 2614 416 2699 sapientiaa
450 2612 517 2676 Deo
552 2611 641 2677 nobis
675 2610 822 2691 donatur,
854 2609 1027 2677 seeundum
1061 2612 1155 2697 quod

228 2697 349 2766 divinae
372 2701 539 2789 sapientiae
562 2712 731 2785 utrumque
754 2700 970 2765 assimilamur.
989 2698 1067 2764 Cum
1091 2701 1154 2785 igi-

229 2799 278 2853 tur
300 2789 429 2877 Spiritus
451 2788 581 2855 Sanetus
604 2788 750 2875 procedat
773 2809 829 2875 per
866 2787 996 2854 modum
1030 2790 1154 2855 amoris

229 2896 290 2961 quo
313 2878 395 2944 Dens
419 2879 554 2964 seipsum
578 2889 671 2955 amat,
694 2890 728 2941 nt
749 2891 908 2942 ostensum
941 2891 989 2941 est
1003 2878 1052 2963 lo.
1080 2877 1156 2964 lli),

228 2984 265 3029 ex
289 2968 348 3031 hoo
371 2968 454 3053 quod
477 2966 549 3031 huio
571 2968 669 3031 amori
692 2966 908 3044 assimilamur,
919 2965 1021 3031 Deum
1038 2986 1154 3032 amun-

228 3066 284 3134 tes,
307 3056 436 3142 Spiritus
472 3053 601 3121 Sanctus
638 3074 655 3119 a
694 3054 761 3119 Deo
796 3056 885 3120 uobis
919 3053 986 3119 dari
1024 3054 1155 3121 dicitur.

229 3142 321 3209 Unde·
338 3143 499 3231 Apostolus
522 3142 605 3209 dioit:
632 3144 777 3209 Chaucos
800 3144 859 3207 Dei
890 3141 1010 3227 diffuso
1045 3155 1094 3210 est
1114 3145 1155 3211 in

227 3232 372 3299 cordibus
393 3240 507 3298 uostris
526 3252 584 3317 per
607 3230 761 3317 Spiritum
786 3231 947 3311 Sanctum,
977 3232 1030 3317 qui
1051 3232 1155 3300 dotus

229 3333 275 3386 est
296 3321 394 3399 uobis,
417 3323 516 3401 Rom,
541 3321 572 3400 5,
595 3320 625 3385 5.

292 3409 458 3477 Sciendum
493 3420 596 3475 tamon
628 3422 676 3474 est
708 3408 790 3497 quod
828 3428 866 3475 oa
902 3429 982 3496 quae
1025 3430 1043 3475 a
1078 3408 1155 3477 Deo

223 3496 258 3561 in
295 3499 384 3565 nobis
424 3511 495 3566 sunt
535 3497 725 3565 reducuntur
766 3500 801 3567 iu
838 3498 946 3567 Deum
988 3496 1068 3567 siout
1111 3499 1154 3568 iu
