<?xml version="1.0" encoding="UTF-8"?>
<!DOCTYPE html PUBLIC "-//W3C//DTD XHTML 1.0 Transitional//EN"
    "http://www.w3.org/TR/xhtml1/DTD/xhtml1-transitional.dtd">
<html xmlns="http://www.w3.org/1999/xhtml" xml:lang="en" lang="en">
 <head>
  <title>
</title>
<meta http-equiv="Content-Type" content="text/html;charset=utf-8" />
  <meta name='ocr-system' content='tesseract 3.04.00' />
  <meta name='ocr-capabilities' content='ocr_page ocr_carea ocr_par ocr_line ocrx_word'/>
</head>
<body>
  <div class='ocr_page' id='page_1' title='image "./sanctithomaeaqu01thomgoog_0455.png"; bbox 0 0 2484 3975; ppageno 0'>
   <div class='ocr_carea' id='block_1_1' title="bbox 70 220 1013 2970">
    <p class='ocr_par' dir='ltr' id='par_1_1' title="bbox 83 220 1013 2152">
     <span class='ocr_line' id='line_1_1' title="bbox 340 220 1007 289; baseline 0.006 -5"><span class='ocrx_word' id='word_1_1' title='bbox 340 238 378 284; x_wconf 81' lang='lat' dir='ltr'><strong>ne</strong></span> <span class='ocrx_word' id='word_1_2' title='bbox 401 238 585 285; x_wconf 83' lang='lat' dir='ltr'><strong>sunsrutrrus</strong></span> <span class='ocrx_word' id='word_1_3' title='bbox 608 237 763 283; x_wconf 82' lang='lat' dir='ltr'><strong>snrunurrs</strong></span> <span class='ocrx_word' id='word_1_4' title='bbox 945 220 1007 289; x_wconf 72' lang='lat' dir='ltr'><strong>cut</strong></span> 
     </span>
     <span class='ocr_line' id='line_1_2' title="bbox 101 307 1013 409; baseline 0.001 -34"><span class='ocrx_word' id='word_1_5' title='bbox 101 329 162 375; x_wconf 86' lang='lat' dir='ltr'><strong>nem</strong></span> <span class='ocrx_word' id='word_1_6' title='bbox 183 328 359 393; x_wconf 79' lang='lat' dir='ltr'><strong>corporum,</strong></span> <span class='ocrx_word' id='word_1_7' title='bbox 384 310 423 372; x_wconf 83' lang='lat' dir='ltr'><strong>ita</strong></span> <span class='ocrx_word' id='word_1_8' title='bbox 448 322 550 373; x_wconf 81' lang='lat' dir='ltr'><strong>tumen</strong></span> <span class='ocrx_word' id='word_1_9' title='bbox 573 307 657 393; x_wconf 86' lang='lat' dir='ltr'><strong>quod</strong></span> <span class='ocrx_word' id='word_1_10' title='bbox 688 326 869 409; x_wconf 85' lang='lat' dir='ltr'><strong>supremum</strong></span> <span class='ocrx_word' id='word_1_11' title='bbox 904 327 1013 398; x_wconf 91' lang='lat' dir='ltr'><strong>corpo·</strong></span> 
     </span>
     <span class='ocr_line' id='line_1_3' title="bbox 100 396 1012 499; baseline 0.002 -35"><span class='ocrx_word' id='word_1_12' title='bbox 100 420 170 476; x_wconf 88' lang='lat' dir='ltr'><strong>rum,</strong></span> <span class='ocrx_word' id='word_1_13' title='bbox 190 398 306 463; x_wconf 90' lang='lat' dir='ltr'><strong>scilicet</strong></span> <span class='ocrx_word' id='word_1_14' title='bbox 329 397 464 499; x_wconf 85' lang='lat' dir='ltr'><strong>primunt</strong></span> <span class='ocrx_word' id='word_1_15' title='bbox 498 396 630 474; x_wconf 83' lang='lat' dir='ltr'><strong>coelum,</strong></span> <span class='ocrx_word' id='word_1_16' title='bbox 664 396 776 482; x_wconf 91' lang='lat' dir='ltr'><strong>quod</strong></span> <span class='ocrx_word' id='word_1_17' title='bbox 786 397 886 498; x_wconf 83' lang='lat' dir='ltr'><strong>primo</strong></span> <span class='ocrx_word' id='word_1_18' title='bbox 925 413 1012 466; x_wconf 89' lang='lat' dir='ltr'><strong>motu</strong></span> 
     </span>
     <span class='ocr_line' id='line_1_4' title="bbox 100 485 1011 572; baseline 0.001 -20"><span class='ocrx_word' id='word_1_19' title='bbox 100 501 239 565; x_wconf 85' lang='lat' dir='ltr'><strong>movetur</strong></span> <span class='ocrx_word' id='word_1_20' title='bbox 263 487 423 572; x_wconf 78' lang='lat' dir='ltr'><strong>participat</strong></span> <span class='ocrx_word' id='word_1_21' title='bbox 447 501 565 550; x_wconf 90' lang='lat' dir='ltr'><strong>motum</strong></span> <span class='ocrx_word' id='word_1_22' title='bbox 589 506 606 550; x_wconf 87' lang='lat' dir='ltr'><strong>n</strong></span> <span class='ocrx_word' id='word_1_23' title='bbox 630 506 774 570; x_wconf 82' lang='lat' dir='ltr'><strong>suprema</strong></span> <span class='ocrx_word' id='word_1_24' title='bbox 798 485 912 561; x_wconf 69' lang='lat' dir='ltr'><strong>animm</strong></span> <span class='ocrx_word' id='word_1_25' title='bbox 925 489 1011 555; x_wconf 90' lang='lat' dir='ltr'><strong>etsic</strong></span> 
     </span>
     <span class='ocr_line' id='line_1_5' title="bbox 99 574 1011 675; baseline 0.002 -34"><span class='ocrx_word' id='word_1_26' title='bbox 99 577 232 662; x_wconf 80' lang='lat' dir='ltr'>deinceps</span> <span class='ocrx_word' id='word_1_27' title='bbox 256 596 355 661; x_wconf 90' lang='lat' dir='ltr'><strong>usque</strong></span> <span class='ocrx_word' id='word_1_28' title='bbox 385 574 424 639; x_wconf 83' lang='lat' dir='ltr'><strong>otl</strong></span> <span class='ocrx_word' id='word_1_29' title='bbox 447 575 589 644; x_wconf 85' lang='lat' dir='ltr'><strong>infimum</strong></span> <span class='ocrx_word' id='word_1_30' title='bbox 623 574 800 639; x_wconf 80' lang='lat' dir='ltr'><strong>caelestium</strong></span> <span class='ocrx_word' id='word_1_31' title='bbox 834 578 1011 675; x_wconf 85' lang='lat' dir='ltr'><strong>corporum.</strong></span> 
     </span>
     <span class='ocr_line' id='line_1_6' title="bbox 99 663 1010 764; baseline 0.003 -35"><span class='ocrx_word' id='word_1_32' title='bbox 99 666 156 731; x_wconf 86' lang='lat' dir='ltr'><strong>Sub</strong></span> <span class='ocrx_word' id='word_1_33' title='bbox 173 666 218 729; x_wconf 92' lang='lat' dir='ltr'><strong>bis</strong></span> <span class='ocrx_word' id='word_1_34' title='bbox 241 678 344 729; x_wconf 84' lang='lat' dir='ltr'><strong>nutem</strong></span> <span class='ocrx_word' id='word_1_35' title='bbox 371 664 527 751; x_wconf 76' lang='lat' dir='ltr'><strong>ponebant</strong></span> <span class='ocrx_word' id='word_1_36' title='bbox 550 663 693 764; x_wconf 79' lang='lat' dir='ltr'><strong>platonici</strong></span> <span class='ocrx_word' id='word_1_37' title='bbox 718 670 752 726; x_wconf 90' lang='lat' dir='ltr'><strong>et</strong></span> <span class='ocrx_word' id='word_1_38' title='bbox 770 663 859 727; x_wconf 84' lang='lat' dir='ltr'><strong>alin</strong></span> <span class='ocrx_word' id='word_1_39' title='bbox 852 682 1010 733; x_wconf 82' lang='lat' dir='ltr'><strong>immortu-</strong></span> 
     </span>
     <span class='ocr_line' id='line_1_7' title="bbox 98 750 1010 840; baseline 0.001 -22"><span class='ocrx_word' id='word_1_40' title='bbox 98 754 289 840; x_wconf 69' lang='lat' dir='ltr'><strong>bicorpores,</strong></span> <span class='ocrx_word' id='word_1_41' title='bbox 311 774 391 839; x_wconf 80' lang='lat' dir='ltr'><strong>quun</strong></span> <span class='ocrx_word' id='word_1_42' title='bbox 415 766 563 838; x_wconf 89' lang='lat' dir='ltr'><strong>perpetuo</strong></span> <span class='ocrx_word' id='word_1_43' title='bbox 586 752 705 815; x_wconf 80' lang='lat' dir='ltr'><strong>animos</strong></span> <span class='ocrx_word' id='word_1_44' title='bbox 739 750 930 837; x_wconf 80' lang='lat' dir='ltr'><strong>participant,</strong></span> <span class='ocrx_word' id='word_1_45' title='bbox 952 755 1010 821; x_wconf 90' lang='lat' dir='ltr'><strong>sci·</strong></span> 
     </span>
     <span class='ocr_line' id='line_1_8' title="bbox 97 840 1012 925; baseline 0.001 -17"><span class='ocrx_word' id='word_1_46' title='bbox 97 843 160 908; x_wconf 88' lang='lat' dir='ltr'><strong>lieet</strong></span> <span class='ocrx_word' id='word_1_47' title='bbox 181 863 269 907; x_wconf 82' lang='lat' dir='ltr'><strong>neren</strong></span> <span class='ocrx_word' id='word_1_48' title='bbox 296 843 342 905; x_wconf 87' lang='lat' dir='ltr'><strong>vel</strong></span> <span class='ocrx_word' id='word_1_49' title='bbox 378 843 531 905; x_wconf 85' lang='lat' dir='ltr'><strong>netberen.</strong></span> <span class='ocrx_word' id='word_1_50' title='bbox 566 840 684 904; x_wconf 89' lang='lat' dir='ltr'><strong>llorum</strong></span> <span class='ocrx_word' id='word_1_51' title='bbox 722 853 824 905; x_wconf 79' lang='lat' dir='ltr'><strong>sutem</strong></span> <span class='ocrx_word' id='word_1_52' title='bbox 859 842 1012 925; x_wconf 76' lang='lat' dir='ltr'><strong>quaedum</strong></span> 
     </span>
     <span class='ocr_line' id='line_1_9' title="bbox 97 927 1012 1017; baseline 0.003 -22"><span class='ocrx_word' id='word_1_53' title='bbox 97 934 243 1017; x_wconf 82' lang='lat' dir='ltr'><strong>ponebant</strong></span> <span class='ocrx_word' id='word_1_54' title='bbox 266 952 284 995; x_wconf 83' lang='lat' dir='ltr'><strong>a</strong></span> <span class='ocrx_word' id='word_1_55' title='bbox 307 932 435 994; x_wconf 83' lang='lat' dir='ltr'><strong>terrenis</strong></span> <span class='ocrx_word' id='word_1_56' title='bbox 458 932 639 1016; x_wconf 80' lang='lat' dir='ltr'><strong>corporibus</strong></span> <span class='ocrx_word' id='word_1_57' title='bbox 662 948 729 993; x_wconf 88' lang='lat' dir='ltr'><strong>esse</strong></span> <span class='ocrx_word' id='word_1_58' title='bbox 764 927 886 1015; x_wconf 79' lang='lat' dir='ltr'><strong>penitus</strong></span> <span class='ocrx_word' id='word_1_59' title='bbox 921 930 1012 999; x_wconf 84' lang='lat' dir='ltr'><strong>ubso-</strong></span> 
     </span>
     <span class='ocr_line' id='line_1_10' title="bbox 95 1019 1010 1105; baseline 0.002 -21"><span class='ocrx_word' id='word_1_60' title='bbox 95 1020 163 1099; x_wconf 83' lang='lat' dir='ltr'><strong>luta,</strong></span> <span class='ocrx_word' id='word_1_61' title='bbox 183 1040 262 1105; x_wconf 85' lang='lat' dir='ltr'><strong>quoe</strong></span> <span class='ocrx_word' id='word_1_62' title='bbox 285 1019 428 1085; x_wconf 81' lang='lat' dir='ltr'><strong>dicebant</strong></span> <span class='ocrx_word' id='word_1_63' title='bbox 450 1038 518 1083; x_wconf 89' lang='lat' dir='ltr'><strong>esse</strong></span> <span class='ocrx_word' id='word_1_64' title='bbox 540 1038 670 1104; x_wconf 82' lang='lat' dir='ltr'><strong>corpora</strong></span> <span class='ocrx_word' id='word_1_65' title='bbox 694 1020 892 1094; x_wconf 73' lang='lat' dir='ltr'><strong>doemonium</strong></span> <span class='ocrx_word' id='word_1_66' title='bbox 915 1040 1010 1105; x_wconf 80' lang='lat' dir='ltr'><strong>quee-</strong></span> 
     </span>
     <span class='ocr_line' id='line_1_11' title="bbox 94 1106 1012 1195; baseline 0.002 -21"><span class='ocrx_word' id='word_1_67' title='bbox 94 1110 161 1174; x_wconf 82' lang='lat' dir='ltr'><strong>tlnm</strong></span> <span class='ocrx_word' id='word_1_68' title='bbox 184 1128 257 1173; x_wconf 86' lang='lat' dir='ltr'><strong>tero</strong></span> <span class='ocrx_word' id='word_1_69' title='bbox 281 1108 410 1171; x_wconf 86' lang='lat' dir='ltr'><strong>terrenis</strong></span> <span class='ocrx_word' id='word_1_70' title='bbox 432 1107 613 1190; x_wconf 75' lang='lat' dir='ltr'><strong>corporibus</strong></span> <span class='ocrx_word' id='word_1_71' title='bbox 637 1107 742 1184; x_wconf 82' lang='lat' dir='ltr'><strong>indito,</strong></span> <span class='ocrx_word' id='word_1_72' title='bbox 765 1106 849 1192; x_wconf 87' lang='lat' dir='ltr'><strong>quod</strong></span> <span class='ocrx_word' id='word_1_73' title='bbox 879 1112 1012 1195; x_wconf 76' lang='lat' dir='ltr'>pertinet</span> 
     </span>
     <span class='ocr_line' id='line_1_12' title="bbox 96 1195 1011 1281; baseline 0.003 -20"><span class='ocrx_word' id='word_1_74' title='bbox 96 1200 132 1262; x_wconf 80' lang='lat' dir='ltr'><strong>erl</strong></span> <span class='ocrx_word' id='word_1_75' title='bbox 152 1198 268 1261; x_wconf 80' lang='lat' dir='ltr'><strong>artimus</strong></span> <span class='ocrx_word' id='word_1_76' title='bbox 289 1197 464 1261; x_wconf 79' lang='lat' dir='ltr'><strong>bominum.</strong></span> <span class='ocrx_word' id='word_1_77' title='bbox 486 1195 554 1261; x_wconf 90' lang='lat' dir='ltr'><strong>Non</strong></span> <span class='ocrx_word' id='word_1_78' title='bbox 576 1196 661 1261; x_wconf 90' lang='lat' dir='ltr'><strong>enim</strong></span> <span class='ocrx_word' id='word_1_79' title='bbox 686 1197 841 1281; x_wconf 82' lang='lat' dir='ltr'><strong>ponebant</strong></span> <span class='ocrx_word' id='word_1_80' title='bbox 867 1198 927 1263; x_wconf 91' lang='lat' dir='ltr'><strong>hoc</strong></span> <span class='ocrx_word' id='word_1_81' title='bbox 942 1219 1011 1264; x_wconf 92' lang='lat' dir='ltr'><strong>cor·</strong></span> 
     </span>
     <span class='ocr_line' id='line_1_13' title="bbox 94 1284 1011 1373; baseline 0.002 -22"><span class='ocrx_word' id='word_1_82' title='bbox 94 1308 147 1373; x_wconf 91' lang='lat' dir='ltr'><strong>pus</strong></span> <span class='ocrx_word' id='word_1_83' title='bbox 167 1301 323 1351; x_wconf 83' lang='lat' dir='ltr'><strong>terrenum</strong></span> <span class='ocrx_word' id='word_1_84' title='bbox 346 1286 529 1362; x_wconf 81' lang='lat' dir='ltr'><strong>humanum,</strong></span> <span class='ocrx_word' id='word_1_85' title='bbox 543 1285 627 1371; x_wconf 89' lang='lat' dir='ltr'><strong>quod</strong></span> <span class='ocrx_word' id='word_1_86' title='bbox 640 1284 800 1371; x_wconf 77' lang='lat' dir='ltr'><strong>palpamus</strong></span> <span class='ocrx_word' id='word_1_87' title='bbox 813 1299 843 1349; x_wconf 88' lang='lat' dir='ltr'><strong>et</strong></span> <span class='ocrx_word' id='word_1_88' title='bbox 861 1287 1011 1364; x_wconf 85' lang='lat' dir='ltr'><strong>videmus,</strong></span> 
     </span>
     <span class='ocr_line' id='line_1_14' title="bbox 92 1374 1013 1460; baseline 0.004 -21"><span class='ocrx_word' id='word_1_89' title='bbox 92 1376 264 1441; x_wconf 77' lang='lat' dir='ltr'><strong>immediate</strong></span> <span class='ocrx_word' id='word_1_90' title='bbox 288 1375 470 1460; x_wconf 78' lang='lat' dir='ltr'><strong>participare</strong></span> <span class='ocrx_word' id='word_1_91' title='bbox 491 1377 639 1451; x_wconf 77' lang='lat' dir='ltr'><strong>animum,</strong></span> <span class='ocrx_word' id='word_1_92' title='bbox 662 1375 715 1437; x_wconf 78' lang='lat' dir='ltr'><strong>snt</strong></span> <span class='ocrx_word' id='word_1_93' title='bbox 739 1393 806 1439; x_wconf 86' lang='lat' dir='ltr'><strong>esse</strong></span> <span class='ocrx_word' id='word_1_94' title='bbox 829 1374 914 1440; x_wconf 81' lang='lat' dir='ltr'><strong>aliud</strong></span> <span class='ocrx_word' id='word_1_95' title='bbox 937 1377 1013 1443; x_wconf 87' lang='lat' dir='ltr'><strong>inte·</strong></span> 
     </span>
     <span class='ocr_line' id='line_1_15' title="bbox 90 1463 1012 1550; baseline 0.001 -21"><span class='ocrx_word' id='word_1_96' title='bbox 90 1466 150 1529; x_wconf 86' lang='lat' dir='ltr'><strong>tius</strong></span> <span class='ocrx_word' id='word_1_97' title='bbox 181 1484 294 1550; x_wconf 87' lang='lat' dir='ltr'><strong>corpus</strong></span> <span class='ocrx_word' id='word_1_98' title='bbox 328 1465 452 1527; x_wconf 77' lang='lat' dir='ltr'><strong>atrimae</strong></span> <span class='ocrx_word' id='word_1_99' title='bbox 486 1463 717 1547; x_wconf 77' lang='lat' dir='ltr'><strong>incorruptibile</strong></span> <span class='ocrx_word' id='word_1_100' title='bbox 753 1477 783 1526; x_wconf 93' lang='lat' dir='ltr'><strong>et</strong></span> <span class='ocrx_word' id='word_1_101' title='bbox 816 1478 1012 1550; x_wconf 89' lang='lat' dir='ltr'><strong>perpetuum,</strong></span> 
     </span>
     <span class='ocr_line' id='line_1_16' title="bbox 89 1551 1012 1638; baseline 0.002 -22"><span class='ocrx_word' id='word_1_102' title='bbox 89 1555 164 1618; x_wconf 87' lang='lat' dir='ltr'><strong>siout</strong></span> <span class='ocrx_word' id='word_1_103' title='bbox 186 1568 216 1618; x_wconf 90' lang='lat' dir='ltr'><strong>et</strong></span> <span class='ocrx_word' id='word_1_104' title='bbox 239 1558 303 1638; x_wconf 82' lang='lat' dir='ltr'><strong>ipsa</strong></span> <span class='ocrx_word' id='word_1_105' title='bbox 327 1551 566 1634; x_wconf 89' lang='lat' dir='ltr'><strong>incorruptibilis</strong></span> <span class='ocrx_word' id='word_1_106' title='bbox 589 1567 645 1627; x_wconf 87' lang='lat' dir='ltr'><strong>est;</strong></span> <span class='ocrx_word' id='word_1_107' title='bbox 669 1552 708 1615; x_wconf 84' lang='lat' dir='ltr'><strong>ita</strong></span> <span class='ocrx_word' id='word_1_108' title='bbox 722 1551 806 1636; x_wconf 87' lang='lat' dir='ltr'><strong>quod</strong></span> <span class='ocrx_word' id='word_1_109' title='bbox 822 1558 924 1617; x_wconf 81' lang='lat' dir='ltr'><strong>anima</strong></span> <span class='ocrx_word' id='word_1_110' title='bbox 940 1574 1012 1618; x_wconf 87' lang='lat' dir='ltr'><strong>oum</strong></span> 
     </span>
     <span class='ocr_line' id='line_1_17' title="bbox 88 1639 1011 1728; baseline 0.002 -22"><span class='ocrx_word' id='word_1_111' title='bbox 88 1662 144 1707; x_wconf 87' lang='lat' dir='ltr'><strong>suo</strong></span> <span class='ocrx_word' id='word_1_112' title='bbox 166 1657 316 1728; x_wconf 88' lang='lat' dir='ltr'><strong>perpetuo</strong></span> <span class='ocrx_word' id='word_1_113' title='bbox 338 1639 483 1704; x_wconf 86' lang='lat' dir='ltr'><strong>invisibili</strong></span> <span class='ocrx_word' id='word_1_114' title='bbox 506 1660 636 1723; x_wconf 85' lang='lat' dir='ltr'><strong>corpore</strong></span> <span class='ocrx_word' id='word_1_115' title='bbox 659 1653 705 1704; x_wconf 90' lang='lat' dir='ltr'><strong>est</strong></span> <span class='ocrx_word' id='word_1_116' title='bbox 727 1641 758 1703; x_wconf 93' lang='lat' dir='ltr'><strong>in</strong></span> <span class='ocrx_word' id='word_1_117' title='bbox 783 1640 842 1705; x_wconf 88' lang='lat' dir='ltr'><strong>boe</strong></span> <span class='ocrx_word' id='word_1_118' title='bbox 880 1664 1011 1728; x_wconf 87' lang='lat' dir='ltr'><strong>corpore</strong></span> 
     </span>
     <span class='ocr_line' id='line_1_18' title="bbox 88 1728 1012 1814; baseline 0.002 -19"><span class='ocrx_word' id='word_1_119' title='bbox 88 1733 242 1814; x_wconf 78' lang='lat' dir='ltr'><strong>grossiori,</strong></span> <span class='ocrx_word' id='word_1_120' title='bbox 265 1750 329 1794; x_wconf 92' lang='lat' dir='ltr'><strong>non</strong></span> <span class='ocrx_word' id='word_1_121' title='bbox 361 1731 440 1794; x_wconf 85' lang='lat' dir='ltr'><strong>siout</strong></span> <span class='ocrx_word' id='word_1_122' title='bbox 473 1728 571 1794; x_wconf 82' lang='lat' dir='ltr'><strong>lormu</strong></span> <span class='ocrx_word' id='word_1_123' title='bbox 606 1731 638 1792; x_wconf 89' lang='lat' dir='ltr'><strong>in</strong></span> <span class='ocrx_word' id='word_1_124' title='bbox 673 1729 811 1805; x_wconf 80' lang='lat' dir='ltr'><strong>materia,</strong></span> <span class='ocrx_word' id='word_1_125' title='bbox 844 1730 899 1795; x_wconf 90' lang='lat' dir='ltr'><strong>sed</strong></span> <span class='ocrx_word' id='word_1_126' title='bbox 932 1732 1012 1797; x_wconf 89' lang='lat' dir='ltr'><strong>sicut</strong></span> 
     </span>
     <span class='ocr_line' id='line_1_19' title="bbox 88 1817 1010 1903; baseline 0.004 -21"><span class='ocrx_word' id='word_1_127' title='bbox 88 1834 178 1884; x_wconf 80' lang='lat' dir='ltr'><strong>nauta</strong></span> <span class='ocrx_word' id='word_1_128' title='bbox 202 1820 233 1883; x_wconf 92' lang='lat' dir='ltr'><strong>in</strong></span> <span class='ocrx_word' id='word_1_129' title='bbox 258 1820 338 1895; x_wconf 83' lang='lat' dir='ltr'><strong>nnvi;</strong></span> <span class='ocrx_word' id='word_1_130' title='bbox 362 1833 392 1881; x_wconf 89' lang='lat' dir='ltr'><strong>et</strong></span> <span class='ocrx_word' id='word_1_131' title='bbox 414 1818 492 1881; x_wconf 89' lang='lat' dir='ltr'><strong>sicut</strong></span> <span class='ocrx_word' id='word_1_132' title='bbox 515 1817 678 1883; x_wconf 86' lang='lat' dir='ltr'><strong>bominum</strong></span> <span class='ocrx_word' id='word_1_133' title='bbox 701 1818 851 1903; x_wconf 76' lang='lat' dir='ltr'><strong>quosdam</strong></span> <span class='ocrx_word' id='word_1_134' title='bbox 864 1818 1010 1886; x_wconf 82' lang='lat' dir='ltr'><strong>dicebant</strong></span> 
     </span>
     <span class='ocr_line' id='line_1_20' title="bbox 86 1906 1008 1994; baseline 0.002 -22"><span class='ocrx_word' id='word_1_135' title='bbox 86 1928 154 1972; x_wconf 88' lang='lat' dir='ltr'><strong>esse</strong></span> <span class='ocrx_word' id='word_1_136' title='bbox 176 1908 287 1985; x_wconf 88' lang='lat' dir='ltr'><strong>bonos,</strong></span> <span class='ocrx_word' id='word_1_137' title='bbox 308 1906 461 1994; x_wconf 82' lang='lat' dir='ltr'><strong>quosdam</strong></span> <span class='ocrx_word' id='word_1_138' title='bbox 472 1920 574 1971; x_wconf 81' lang='lat' dir='ltr'><strong>auteur</strong></span> <span class='ocrx_word' id='word_1_139' title='bbox 588 1907 697 1981; x_wconf 84' lang='lat' dir='ltr'><strong>malos,</strong></span> <span class='ocrx_word' id='word_1_140' title='bbox 712 1921 743 1970; x_wconf 85' lang='lat' dir='ltr'><strong>et</strong></span> <span class='ocrx_word' id='word_1_141' title='bbox 754 1908 795 1971; x_wconf 84' lang='lat' dir='ltr'><strong>ita</strong></span> <span class='ocrx_word' id='word_1_142' title='bbox 808 1907 1008 1988; x_wconf 64' lang='lat' dir='ltr'><strong>daemonum</strong></span> 
     </span>
     <span class='ocr_line' id='line_1_21' title="bbox 85 1995 1009 2084; baseline 0.005 -24"><span class='ocrx_word' id='word_1_143' title='bbox 85 2001 205 2063; x_wconf 80' lang='lat' dir='ltr'><strong>unimus</strong></span> <span class='ocrx_word' id='word_1_144' title='bbox 228 2011 330 2062; x_wconf 85' lang='lat' dir='ltr'><strong>nutem</strong></span> <span class='ocrx_word' id='word_1_145' title='bbox 352 1995 500 2062; x_wconf 82' lang='lat' dir='ltr'><strong>caelestes</strong></span> <span class='ocrx_word' id='word_1_146' title='bbox 522 2009 553 2060; x_wconf 94' lang='lat' dir='ltr'><strong>et</strong></span> <span class='ocrx_word' id='word_1_147' title='bbox 575 1995 747 2065; x_wconf 84' lang='lat' dir='ltr'><strong>intellectus</strong></span> <span class='ocrx_word' id='word_1_148' title='bbox 785 2013 941 2084; x_wconf 81' lang='lat' dir='ltr'><strong>separatos</strong></span> <span class='ocrx_word' id='word_1_149' title='bbox 978 2013 1009 2065; x_wconf 89' lang='lat' dir='ltr'><strong>et</strong></span> 
     </span>
     <span class='ocr_line' id='line_1_22' title="bbox 83 2086 688 2152; baseline 0 -2"><span class='ocrx_word' id='word_1_150' title='bbox 83 2086 161 2152; x_wconf 90' lang='lat' dir='ltr'><strong>deos</strong></span> <span class='ocrx_word' id='word_1_151' title='bbox 184 2107 293 2152; x_wconf 89' lang='lat' dir='ltr'><strong>omnes</strong></span> <span class='ocrx_word' id='word_1_152' title='bbox 316 2086 460 2150; x_wconf 83' lang='lat' dir='ltr'><strong>dicebant</strong></span> <span class='ocrx_word' id='word_1_153' title='bbox 482 2105 551 2150; x_wconf 89' lang='lat' dir='ltr'><strong>esse</strong></span> <span class='ocrx_word' id='word_1_154' title='bbox 579 2086 688 2150; x_wconf 87' lang='lat' dir='ltr'><strong>bonos.</strong></span> 
     </span>
    </p>

    <p class='ocr_par' dir='ltr' id='par_1_2' title="bbox 70 2173 1011 2970">
     <span class='ocr_line' id='line_1_23' title="bbox 150 2173 1010 2261; baseline 0.002 -21"><span class='ocrx_word' id='word_1_155' title='bbox 150 2176 254 2240; x_wconf 88' lang='lat' dir='ltr'><strong>Sic</strong></span> <span class='ocrx_word' id='word_1_156' title='bbox 224 2177 316 2259; x_wconf 78' lang='lat' dir='ltr'><strong>igitur</strong></span> <span class='ocrx_word' id='word_1_157' title='bbox 338 2188 420 2261; x_wconf 80' lang='lat' dir='ltr'><strong>putet</strong></span> <span class='ocrx_word' id='word_1_158' title='bbox 457 2173 541 2260; x_wconf 87' lang='lat' dir='ltr'><strong>quod</strong></span> <span class='ocrx_word' id='word_1_159' title='bbox 576 2173 656 2238; x_wconf 89' lang='lat' dir='ltr'><strong>inter</strong></span> <span class='ocrx_word' id='word_1_160' title='bbox 693 2193 750 2238; x_wconf 91' lang='lat' dir='ltr'><strong>nos</strong></span> <span class='ocrx_word' id='word_1_161' title='bbox 784 2186 814 2240; x_wconf 87' lang='lat' dir='ltr'><strong>et</strong></span> <span class='ocrx_word' id='word_1_162' title='bbox 851 2195 1010 2242; x_wconf 87' lang='lat' dir='ltr'><strong>summum</strong></span> 
     </span>
     <span class='ocr_line' id='line_1_24' title="bbox 81 2261 1009 2351; baseline 0.002 -24"><span class='ocrx_word' id='word_1_163' title='bbox 81 2264 186 2329; x_wconf 88' lang='lat' dir='ltr'><strong>Deum</strong></span> <span class='ocrx_word' id='word_1_164' title='bbox 224 2277 355 2351; x_wconf 83' lang='lat' dir='ltr'><strong>quotuor</strong></span> <span class='ocrx_word' id='word_1_165' title='bbox 377 2263 502 2328; x_wconf 80' lang='lat' dir='ltr'><strong>orilincs</strong></span> <span class='ocrx_word' id='word_1_166' title='bbox 525 2263 692 2348; x_wconf 80' lang='lat' dir='ltr'><strong>ponebant,</strong></span> <span class='ocrx_word' id='word_1_167' title='bbox 726 2261 841 2331; x_wconf 88' lang='lat' dir='ltr'><strong>scilicet</strong></span> <span class='ocrx_word' id='word_1_168' title='bbox 878 2265 1009 2330; x_wconf 87' lang='lat' dir='ltr'><strong>deorum</strong></span> 
     </span>
     <span class='ocr_line' id='line_1_25' title="bbox 79 2352 1011 2436; baseline 0.001 -18"><span class='ocrx_word' id='word_1_169' title='bbox 79 2355 306 2432; x_wconf 86' lang='lat' dir='ltr'><strong>secundorum,</strong></span> <span class='ocrx_word' id='word_1_170' title='bbox 328 2352 538 2416; x_wconf 74' lang='lat' dir='ltr'><strong>intellectuum</strong></span> <span class='ocrx_word' id='word_1_171' title='bbox 578 2365 802 2436; x_wconf 83' lang='lat' dir='ltr'><strong>separatorum,</strong></span> <span class='ocrx_word' id='word_1_172' title='bbox 836 2355 1011 2420; x_wconf 80' lang='lat' dir='ltr'><strong>animorum</strong></span> 
     </span>
     <span class='ocr_line' id='line_1_26' title="bbox 78 2438 1011 2545; baseline 0.001 -38"><span class='ocrx_word' id='word_1_173' title='bbox 78 2444 275 2545; x_wconf 81' lang='lat' dir='ltr'><strong>caelestium,</strong></span> <span class='ocrx_word' id='word_1_174' title='bbox 298 2455 329 2506; x_wconf 88' lang='lat' dir='ltr'><strong>et</strong></span> <span class='ocrx_word' id='word_1_175' title='bbox 351 2440 540 2505; x_wconf 80' lang='lat' dir='ltr'><strong>doemonum</strong></span> <span class='ocrx_word' id='word_1_176' title='bbox 568 2438 723 2504; x_wconf 90' lang='lat' dir='ltr'><strong>bonorum</strong></span> <span class='ocrx_word' id='word_1_177' title='bbox 758 2460 813 2507; x_wconf 80' lang='lat' dir='ltr'><strong>seu</strong></span> <span class='ocrx_word' id='word_1_178' title='bbox 848 2442 1011 2511; x_wconf 80' lang='lat' dir='ltr'><strong>malorum.</strong></span> 
     </span>
     <span class='ocr_line' id='line_1_27' title="bbox 78 2528 1011 2614; baseline -0.002 -17"><span class='ocrx_word' id='word_1_179' title='bbox 78 2531 173 2613; x_wconf 79' lang='lat' dir='ltr'><strong>Quae</strong></span> <span class='ocrx_word' id='word_1_180' title='bbox 196 2534 221 2597; x_wconf 90' lang='lat' dir='ltr'><strong>si</strong></span> <span class='ocrx_word' id='word_1_181' title='bbox 244 2551 315 2598; x_wconf 81' lang='lat' dir='ltr'><strong>uera</strong></span> <span class='ocrx_word' id='word_1_182' title='bbox 339 2544 452 2604; x_wconf 85' lang='lat' dir='ltr'><strong>essent,</strong></span> <span class='ocrx_word' id='word_1_183' title='bbox 475 2547 584 2594; x_wconf 88' lang='lat' dir='ltr'><strong>ornnes</strong></span> <span class='ocrx_word' id='word_1_184' title='bbox 606 2528 785 2614; x_wconf 83' lang='lat' dir='ltr'><strong>hujusmodi</strong></span> <span class='ocrx_word' id='word_1_185' title='bbox 812 2531 907 2596; x_wconf 89' lang='lat' dir='ltr'><strong>medii</strong></span> <span class='ocrx_word' id='word_1_186' title='bbox 930 2530 1011 2596; x_wconf 89' lang='lat' dir='ltr'><strong>ordi·</strong></span> 
     </span>
     <span class='ocr_line' id='line_1_28' title="bbox 75 2617 1008 2707; baseline -0.001 -21"><span class='ocrx_word' id='word_1_187' title='bbox 75 2642 138 2686; x_wconf 90' lang='lat' dir='ltr'><strong>nes</strong></span> <span class='ocrx_word' id='word_1_188' title='bbox 162 2619 245 2707; x_wconf 81' lang='lat' dir='ltr'><strong>apud</strong></span> <span class='ocrx_word' id='word_1_189' title='bbox 269 2640 325 2684; x_wconf 88' lang='lat' dir='ltr'><strong>uos</strong></span> <span class='ocrx_word' id='word_1_190' title='bbox 348 2619 535 2702; x_wconf 78' lang='lat' dir='ltr'><strong>Angelorum</strong></span> <span class='ocrx_word' id='word_1_191' title='bbox 558 2617 680 2684; x_wconf 80' lang='lat' dir='ltr'><strong>animae</strong></span> <span class='ocrx_word' id='word_1_192' title='bbox 702 2633 913 2696; x_wconf 82' lang='lat' dir='ltr'><strong>censerentur3</strong></span> <span class='ocrx_word' id='word_1_193' title='bbox 937 2639 1008 2685; x_wconf 83' lang='lat' dir='ltr'><strong>nom</strong></span> 
     </span>
     <span class='ocr_line' id='line_1_29' title="bbox 73 2705 1008 2792; baseline -0.001 -19"><span class='ocrx_word' id='word_1_194' title='bbox 73 2723 110 2774; x_wconf 87' lang='lat' dir='ltr'><strong>et</strong></span> <span class='ocrx_word' id='word_1_195' title='bbox 134 2707 336 2774; x_wconf 75' lang='lat' dir='ltr'><strong>daemones</strong></span> <span class='ocrx_word' id='word_1_196' title='bbox 329 2728 360 2772; x_wconf 87' lang='lat' dir='ltr'><strong>tn</strong></span> <span class='ocrx_word' id='word_1_197' title='bbox 382 2726 468 2772; x_wconf 80' lang='lat' dir='ltr'><strong>sucta</strong></span> <span class='ocrx_word' id='word_1_198' title='bbox 491 2706 647 2792; x_wconf 76' lang='lat' dir='ltr'><strong>Scriptura</strong></span> <span class='ocrx_word' id='word_1_199' title='bbox 669 2705 776 2791; x_wconf 72' lang='lat' dir='ltr'><strong>ringeln</strong></span> <span class='ocrx_word' id='word_1_200' title='bbox 798 2709 1008 2787; x_wconf 66' lang='lat' dir='ltr'><strong>nominentun</strong></span> 
     </span>
     <span class='ocr_line' id='line_1_30' title="bbox 73 2795 1009 2900; baseline 0 -38"><span class='ocrx_word' id='word_1_201' title='bbox 73 2798 168 2900; x_wconf 82' lang='lat' dir='ltr'><strong>ipsae</strong></span> <span class='ocrx_word' id='word_1_202' title='bbox 192 2799 287 2863; x_wconf 86' lang='lat' dir='ltr'><strong>etium</strong></span> <span class='ocrx_word' id='word_1_203' title='bbox 308 2796 430 2862; x_wconf 80' lang='lat' dir='ltr'><strong>animae</strong></span> <span class='ocrx_word' id='word_1_204' title='bbox 452 2795 632 2861; x_wconf 82' lang='lat' dir='ltr'><strong>coelestium</strong></span> <span class='ocrx_word' id='word_1_205' title='bbox 656 2814 833 2881; x_wconf 87' lang='lat' dir='ltr'><strong>corporum,</strong></span> <span class='ocrx_word' id='word_1_206' title='bbox 855 2800 879 2862; x_wconf 90' lang='lat' dir='ltr'><strong>si</strong></span> <span class='ocrx_word' id='word_1_207' title='bbox 905 2810 1009 2864; x_wconf 80' lang='lat' dir='ltr'><strong>tamen</strong></span> 
     </span>
     <span class='ocr_line' id='line_1_31' title="bbox 70 2884 1010 2970; baseline -0.001 -18"><span class='ocrx_word' id='word_1_208' title='bbox 70 2891 141 2952; x_wconf 92' lang='lat' dir='ltr'><strong>sint</strong></span> <span class='ocrx_word' id='word_1_209' title='bbox 166 2888 312 2964; x_wconf 81' lang='lat' dir='ltr'><strong>animatu,</strong></span> <span class='ocrx_word' id='word_1_210' title='bbox 333 2886 413 2950; x_wconf 88' lang='lat' dir='ltr'><strong>inter</strong></span> <span class='ocrx_word' id='word_1_211' title='bbox 435 2884 566 2970; x_wconf 75' lang='lat' dir='ltr'><strong>Angelos</strong></span> <span class='ocrx_word' id='word_1_212' title='bbox 589 2895 661 2950; x_wconf 87' lang='lat' dir='ltr'><strong>suut</strong></span> <span class='ocrx_word' id='word_1_213' title='bbox 684 2884 966 2966; x_wconf 59' lang='lat' dir='ltr'><strong>connumerandum</strong></span> <span class='ocrx_word' id='word_1_214' title='bbox 977 2900 1010 2952; x_wconf 92' lang='lat' dir='ltr'><strong>ut</strong></span> 
     </span>
    </p>
   </div>
   <div class='ocr_carea' id='block_1_2' title="bbox 70 2974 499 3062">
    <p class='ocr_par' dir='ltr' id='par_1_3' title="bbox 70 2974 499 3062">
     <span class='ocr_line' id='line_1_32' title="bbox 70 2974 499 3062; baseline -0.002 -21"><span class='ocrx_word' id='word_1_215' title='bbox 70 2978 273 3062; x_wconf 78' lang='lat' dir='ltr'><strong>Augustinus</strong></span> <span class='ocrx_word' id='word_1_216' title='bbox 296 2974 406 3040; x_wconf 86' lang='lat' dir='ltr'><strong>delinit</strong></span> <span class='ocrx_word' id='word_1_217' title='bbox 436 2975 499 3062; x_wconf 84' lang='lat' dir='ltr'><strong>(l).</strong></span> 
     </span>
    </p>
   </div>
   <div class='ocr_carea' id='block_1_3' title="bbox 0 0 1246 3975">
    <p class='ocr_par' dir='ltr' id='par_1_4' title="bbox 0 0 1246 3975">
     <span class='ocr_line' id='line_1_33' title="bbox 0 0 1246 3975; baseline 0 10"><span class='ocrx_word' id='word_1_218' title='bbox 0 0 1246 3975; x_wconf 95' lang='lat' dir='ltr'><strong> </strong></span> 
     </span>
    </p>
   </div>
  </div>
 </body>
</html>
