2484 3975
223 297 226 300 .
449 244 505 310 iis.
529 266 568 311 rr.
599 265 660 310 cto.
687 266 732 311 aa.
965 247 1030 314 455
1092 270 1111 304 a·

100 333 340 400 satisfactionem
365 332 457 397 unios
496 355 552 422 pro
586 335 648 400 aiio
683 347 829 422 acceptat,
864 349 897 400 ut
934 338 1027 402 etiam

104 437 262 488 ostensum
287 436 333 486 est
357 420 391 502 (f.
416 422 446 497 3,
462 443 488 488 e.
514 424 603 508 fbd).

168 510 350 580 Satisfaeere
373 524 475 575 autem
500 534 556 598 pra
579 527 643 578 tato
667 512 804 577 humano
843 533 968 592 gauere,
993 527 1026 580 ut

101 601 194 665 etiam
217 621 309 686 supra
333 599 385 684 (e.
410 598 478 680 54)
501 616 659 666 ostensum
697 615 753 677 est,
788 601 892 665 nuilus
931 603 1027 668 bomo

99 695 195 776 purus'
219 702 348 773 poterat,
372 685 491 752 uec›«ad
516 691 575 754 boc
614 689 751 772 Angelus
788 689 972 766 sufficiebat,
995 705 1028 756 ut

99 778 249 862 vigesima
279 777 377 862 prima
415 779 492 841 ratio
529 778 728 864 procedebat.
764 779 898 862 Angelus
931 782 1027 858 enim,

98 865 172 931 ficet
195 881 351 950 quantum
369 863 408 928 ad
432 866 549 953 afiqoas
572 868 775 955 proprietates
811 868 967 933 naturales
988 869 1028 934 sit
1069 946 1074 957 1

101 954 229 1020 homine
253 955 362 1038 patior,
385 968 487 1018 tamen
511 955 716 1042 quantumed
741 955 936 1020 beatitudinis
959 975 1028 1043 par·

102 1043 322 1129 tieipationern,
345 1043 375 1105 iu
398 1063 492 1127 qoam
518 1066 575 1128 per
608 1043 847 1109 satisfactionem
870 1051 882 1126 (
902 1046 1028 1123 bomo)

99 1132 295 1197 reducendos
323 1145 398 1203 erat,
422 1146 468 1195 est
506 1135 532 1196 ei
559 1134 705 1217 aequalia.
748 1133 782 1196 Et
817 1133 926 1198 iterum
963 1155 1026 1199 nott

104 1220 195 1305 pleae
217 1220 477 1303 redintegraretur
501 1221 635 1286 bortrinis
671 1221 812 1306 dignitas,
848 1223 872 1285 si
908 1222 1026 1308 angeio

103 1328 161 1394 pro
186 1309 312 1373 bomine
334 1307 530 1374 satisfacienti
555 1309 712 1376 obnoxius
735 1310 925 1376 redderetur.

168 1396 333 1460 Sciendum
359 1412 462 1462 autem
487 1399 639 1484 estquod
666 1418 749 1463 mors
784 1396 893 1462 Cbristi
933 1399 1025 1465 virtu-

101 1497 162 1548 tem
198 1485 402 1550 satisfaciendi
438 1487 544 1552 babuit
579 1508 616 1551 ex
653 1487 801 1550 ebaritate
836 1487 930 1569 ipsius
963 1509 1023 1574 qut

100 1572 271 1638 voluntarie
295 1587 427 1638 mortem
452 1576 608 1652 sustinuit,
632 1596 694 1640 nou
720 1593 756 1640 ex
792 1577 949 1660 iniquitate
973 1599 1024 1642 oe-

97 1661 277 1740 cideotium,
300 1663 352 1746 qui
388 1684 460 1728 eum
499 1664 669 1729 occidendo
705 1680 918 1749 peceaverunt,
952 1665 1024 1750 quia

98 1765 258 1834 peceatum
282 1773 343 1814 nou
368 1751 499 1818 defetar
523 1767 666 1838 peceato,
685 1768 717 1817 ut
740 1754 1024 1836 vigesimasecunda
1056 1746 1059 1754 ’

97 1841 176 1904 ratio
200 1839 401 1926 proponebat.
772 1884 773 1894 ι

165 1927 480 2014 aquamanus
508 1928 619 1995 Christi
651 1951 707 2019 pro
746 1942 871 2017 peceato
905 1929 1023 1997 satisfa

96 2018 194 2081 otoria
219 2016 320 2092 faerit,
344 2039 405 2083 uon
430 2034 533 2084 tamen
558 2020 646 2084 toties
668 2040 740 2083 eum
776 2022 853 2084 mori
889 2022 1024 2104 oportuit

94 2108 217 2189 quoties
237 2107 380 2171 homiues
404 2121 539 2192 peceant,
552 2122 585 2172 ut
597 2109 831 2193 vigesimatertia
856 2114 934 2175 ratio
951 2128 1023 2174 eon-

94 2194 254 2263 eludebat:
278 2196 349 2281 qrtia
374 2216 457 2260 mors
491 2196 601 2261 Cbristi
640 2195 798 2262 sufficiens
836 2195 892 2262 fuit
927 2197 966 2261 ad
990 2219 1023 2262 o-

94 2283 218 2347 mniunt
257 2283 409 2370 expianda
451 2300 585 2369 peecata,
609 2298 674 2349 tum
711 2299 836 2371 propter
873 2287 1021 2351 eximiam

92 2372 277 2436 charitatem
301 2394 360 2457 qua
386 2390 519 2438 mortem
546 2371 700 2449 sustinuit,
725 2387 789 2439 tutu
830 2389 955 2459 propter
977 2375 1022 2438 di

90 2460 242 2543 gnitatem
268 2482 417 2546 personae
440 2460 662 2538 satisfacientis,
686 2481 765 2546 quae
790 2461 844 2526 fuit
884 2463 967 2527 Deus
990 2476 1022 2527 et

91 2549 200 2613 fremo.
223 2548 416 2614 Manifestum
440 2564 485 2615 est
513 2564 615 2613 eutem
640 2552 733 2613 etiam
770 2550 800 2614 iu
834 2552 926 2616 rebus
965 2552 1022 2615 bu-

90 2638 195 2702 mauis
210 2638 304 2722 quod,
321 2653 436 2723 quanto
459 2659 591 2725 persona
615 2651 660 2702 est
684 2639 783 2716 altior,
813 2652 896 2703 tanto
921 2660 1020 2724 poeria

90 2746 187 2810 quam
211 2729 341 2791 sustinet
364 2748 420 2811 pro
447 2725 556 2810 majori
580 2741 787 2811 computatur,
816 2729 879 2809 sire
902 2728 941 2793 ad
965 2729 1021 2792 bu

88 2814 253 2879 militatem
279 2829 310 2880 et
336 2816 516 2881 charitatem
543 2818 695 2903 patientis,
733 2816 798 2881 sire
835 2816 873 2880 ad
897 2817 1020 2904 eulpam

92 2901 264 2967 inferentis.

160 2990 205 3055 Ad
228 2991 476 3061 satisfaciendum
501 3004 606 3057 autem
631 3012 686 3079 pro
711 3007 836 3077 peecata
860 2994 1021 3059 totiusbu·

91 3081 177 3143 mani
202 3082 325 3162 generis
364 3102 447 3145 mors
483 3080 597 3146 Christi
637 3079 793 3145 sufficiens
834 3082 903 3158 totu
939 3084 1023 3168 quia,

92 3169 232 3253 quamvis
255 3169 426 3233 seeundum
450 3170 618 3234 humanam
643 3184 785 3233 naturam
813 3171 913 3236 solutu
937 3192 1020 3236 tuor.-

95 3271 165 3322 tuus
188 3254 290 3331 fuerit,
307 3272 339 3321 nt
363 3258 619 3344 vigesimaquarta
644 3259 722 3321 ratio
748 3262 949 3345 proponebat,
977 3274 1020 3324 ta·

93 3365 166 3407 meu
191 3366 228 3409 ert
253 3344 399 3429 dignitate
424 3367 574 3430 personae
599 3348 751 3431 patientis,
775 3368 854 3431 quae
888 3362 934 3412 est
950 3368 1018 3433 per-

92 3453 169 3498 sona
192 3433 246 3497 tifii
272 3435 341 3512 bei,
363 3454 447 3499 mors
470 3435 537 3520 ejus
560 3436 700 3501 redditur
723 3438 865 3521 pretioso3
889 3438 971 3522 quia,
985 3452 1018 3507 ut

93 3542 185 3610 supra
209 3523 393 3591 dictumest
424 3524 472 3612 (f.
506 3525 538 3604 5,
572 3545 599 3591 c.
637 3520 735 3605 144),
773 3526 852 3592 sieut
892 3527 1019 3615 niujoris
