2484 3975
210 213 276 279 238
523 234 578 278 tm.
603 234 643 279 tv.
666 234 729 280 mr.
753 235 829 278 uxtt.

208 300 261 367 diu
286 300 498 368 sacramentali
521 303 591 369 ciho
622 306 786 369 sustentari
821 322 919 390 posse.
954 301 1128 369 Mirandum

207 392 301 455 etiam
324 390 446 454 videtur
469 410 525 455 cur
548 406 664 476 negent
688 393 847 457 hominem
872 394 930 458 hoc
953 409 1130 458 sacramen·

207 479 260 544 tali
283 477 354 544 cibo
378 498 468 566 posse
493 481 614 558 nutriri,
631 479 819 566 refugientes
836 481 1129 547 hoesacramentum

206 568 238 632 in
262 587 389 632 carnem
413 580 445 631 et
467 569 651 652 sanguinem
680 589 769 656 posse
803 571 951 648 converti,
985 590 1056 634 cum
1089 571 1129 634 au

207 675 334 721 sensum
359 670 505 742 appareat
528 657 610 743 quod
636 678 691 744 per
713 655 966 745 putrefactionem
983 658 1030 723 vei
1046 677 1131 723 com-

208 744 385 809 bustionem
409 744 441 808 in
464 744 556 810 aliam
580 747 793 818 substantiam,
816 747 930 814 scilicet
952 747 1062 812 cineris
1099 760 1132 811 et

144 872 146 875 v
207 833 354 921 pulveris,
375 847 581 910 convertatur3
617 835 700 920 quod
731 836 856 920 quidem
882 833 1005 900 difficile
1028 851 1130 900 tameo

208 923 340 1000 ridetur,
363 943 402 986 eo
424 922 509 1007 quod
532 943 589 988 nec
612 923 753 989 videatur
796 923 940 1012 possibile
973 923 1056 1009 quod
1092 943 1131 989 ex
1240 973 1241 1000 p

212 1010 423 1076 accidentibus
450 1012 502 1075 fiat
525 1011 695 1077 substantia
733 1032 791 1078 nec
814 1011 898 1078 credi
921 1011 964 1076 fas
988 1013 1025 1076 sit
1048 1012 1132 1098 quod

208 1099 381 1165 substantia
405 1100 543 1185 corporis
563 1099 689 1178 Christi,
713 1121 792 1186 quae
816 1114 862 1166 est
878 1100 1083 1188 impassibilis,
1099 1101 1131 1166 iu

208 1188 301 1252 aliam
324 1186 527 1253 substantiam
549 1202 758 1254 concertatur.

275 1276 308 1340 Si
331 1277 401 1361 quis
424 1289 529 1341 autem
553 1277 659 1342 dicere
682 1278 754 1343 volit
776 1276 860 1364 quod
883 1277 961 1343 sicut
996 1279 1133 1344 miracu·

193 1365 275 1430 -fose
299 1367 386 1451 panis
409 1365 439 1428 in
464 1384 577 1452 corpus
601 1365 712 1431 Christi
736 1367 934 1447 corraertitur,
960 1368 999 1432 ita
1034 1371 1133 1432 mira-

209 1453 316 1518 culose
339 1453 506 1518 accidentia
529 1456 560 1520 in
583 1455 785 1520 substantiam
808 1470 1039 1534 convertuntur,
1064 1457 1132 1542 pri·

208 1561 297 1607 mum
322 1541 448 1628 quidem
473 1543 532 1608 hoc
555 1564 618 1607 non
643 1543 763 1609 videtur
790 1539 940 1608 miraculo
963 1565 1032 1610 esse
1058 1565 1135 1613 con·

211 1630 340 1695 veniens
363 1631 448 1715 quod
471 1629 531 1696 boo
553 1625 781 1698 sacramentum
805 1645 958 1719 putrescat
990 1633 1037 1698 vet
1077 1654 1135 1720 per

211 1719 459 1785 combustionem
483 1719 677 1802 dissolvatur3
701 1720 919 1805 deindeque
951 1722 1133 1808 putrefactio

211 1820 242 1872 ct
265 1806 450 1887 combustio,
471 1821 619 1873 consueto
644 1822 772 1874 naturae
795 1808 916 1885 ordine,
940 1811 1013 1876 huie
1028 1831 1130 1901 sacra·

210 1911 317 1961 merito
340 1896 480 1962 accidere
503 1897 711 1977 inveniuntur3
734 1897 818 1985 quod
843 1917 905 1962 nou
944 1900 1024 1966 solet
1061 1921 1131 1966 csse

213 1985 245 2051 in
269 1985 317 2051 bis
340 2006 420 2071 quae
442 1986 625 2052 miraculose
642 1985 727 2055 fiunt.

279 2074 324 2139 bd
349 2076 429 2140 hanc
451 2074 679 2141 dubitationem.
702 2075 868 2141 toffeudam
892 2077 1046 2163 quaedam
1084 2076 1134 2144 fa·

214 2182 301 2244 mosa
324 2164 434 2249 positio
456 2176 502 2227 est
524 2165 700 2240 adinventa,
722 2184 802 2251 quae
826 2185 843 2229 a
867 2166 971 2233 multis
998 2179 1132 2233 tenetur,

214 2250 329 2317 Dicunt
351 2252 434 2315 enirn
457 2252 552 2338 quod,
574 2273 645 2318 curn
669 2253 817 2337 contingit
833 2253 1134 2322 fmcsacramentum

213 2340 246 2408 in
258 2359 384 2405 caruem
407 2342 543 2406 converti
567 2355 620 2405 aut
634 2342 817 2427 sanguinem
830 2362 884 2428 per
898 2344 1135 2424 nutrimentum,

215 2427 268 2494 vel
285 2429 461 2514 inciperem
475 2450 530 2515 per
541 2430 788 2496 combustionem
800 2444 852 2494 aut
867 2430 1136 2517 putrefactionem,

99 2517 103 2529 “
166 2573 169 2578 ,
215 2536 280 2582 non
305 2531 526 2583 convertuntur
548 2519 716 2584 accidentia
741 2520 771 2583 in
794 2519 995 2587 substantiam
1029 2540 1135 2607 neque

215 2606 384 2673 substantia
406 2610 544 2693 corporis
567 2605 689 2687 Christi,
712 2606 766 2673 sed
790 2608 870 2672 redit
902 2607 1008 2675 diuino
1037 2611 1134 2675 mira-

180 2750 183 2765 ,
214 2694 287 2762 uuio
310 2694 480 2759 substantia
502 2696 589 2782 panis
611 2716 691 2783 quae
715 2695 800 2783 prius
820 2695 930 2775 fuerat,
953 2712 983 2763 et
1018 2718 1056 2763 ex
1093 2718 1133 2763 ea

214 2795 406 2870 generantur
427 2782 478 2847 ilfa
502 2788 532 2848 in
555 2803 634 2871 quae
659 2784 959 2851 hocsacramentum
992 2787 1133 2854 converti

216 2872 381 2940 invenitur.
403 2870 465 2936 Sed
489 2872 547 2937 hoc
558 2872 683 2960 quidem
700 2875 828 2939 omnino
843 2886 923 2940 stare
936 2895 996 2942 non
1022 2888 1134 2963 potest

165 2971 167 2996 ¹
236 2978 239 2991 ·
280 2957 446 3027 Ostensum
469 2975 515 3025 est
537 2961 620 3027 enim
642 2982 735 3047 supra
751 2962 834 3049 quod
858 2963 1026 3030 substantia
1043 2964 1135 3051 panis

215 3048 248 3112 in
271 3048 474 3115 substantiam
496 3052 634 3137 corporis
656 3050 765 3117 Christi
804 3052 1001 3119 convertitur.
1039 3052 1135 3136 Quod

239 3151 324 3203 utem
346 3139 379 3203 in
401 3137 517 3223 aliquid
539 3158 721 3205 conversum
745 3150 792 3205 est
813 3139 914 3206 redire
945 3162 1008 3207 uon
1031 3155 1136 3229 potest

219 3226 277 3291 nisi
301 3246 319 3292 e
341 3246 491 3293 converso
513 3226 589 3293 iliud
612 3236 841 3295 reconvertstur
878 3229 910 3293 in
949 3230 1061 3318 ipsum.
1099 3230 1135 3297 Si

220 3314 313 3398 igitur
334 3316 503 3381 substantia
527 3317 614 3402 panis
636 3318 723 3397 redit,
760 3319 899 3405 sequitur
933 3319 1020 3405 quod
1057 3319 1136 3386 sub·

219 3402 335 3466 stantia
353 3405 492 3487 corporis
507 3403 617 3471 Christi
630 3410 850 3475 reconvenitur
862 3406 892 3472 in
909 3426 1036 3495 panem,
1047 3408 1135 3495 quod

220 3502 267 3555 est
289 3489 469 3555 absurdum.

1080 3648 1130 3699 {⁴⁴³⁴
