2484 3975
220 217 264 284 Μ
528 237 584 282 uto.
606 235 645 282 rs.
668 235 732 282 etr.
754 232 835 279 unu.

220 304 312 381 niori,
335 302 441 372 disens
464 303 546 370 eliud
570 324 639 371 esse
660 304 801 391 spiritum
835 298 893 394 Dei
915 315 947 368 et
969 299 1053 368 eliud
1075 299 1149 390 Spi-

221 394 316 460 ritum
340 393 497 472 Sanetum3
521 415 592 460 nom
618 394 650 458 in
679 390 865 481 quibusdem
903 391 1150 476 praemissorum

222 482 437 548 auctoritatum
462 485 639 549 nominetur
662 484 787 570 spiritus
810 479 880 557 Dei,
902 480 934 545 in
958 479 1151 569 quibusdem

222 591 297 637 vero
319 570 450 656 Spiritus
473 570 613 637 Sanetus.

291 658 352 725 Sed
376 659 459 744 quod
472 659 554 724 idom
567 661 605 725 sit
616 659 739 746 spiritus
751 658 808 724 Dei
821 668 851 722 et
862 654 993 743 Spiritus
1007 654 1153 735 Sanetus,

223 746 388 815 manifeste
411 749 583 814 ostenditur
606 769 644 814 er
668 749 768 814 verbis
807 746 941 831 Apostoli
980 745 1012 810 in
1048 746 1155 832 prima

224 845 264 902 ed
287 835 473 914 Corinthios,
497 837 561 915 ubi,
585 857 657 901 oum
682 837 901 922 praemisisset:
936 833 1034 923 Nudi:
1064 853 1156 899 reue-

227 925 305 992 looit
327 925 410 989 Deus
432 945 490 1008 per
516 924 668 1009 Spiritum
693 925 851 1003 Sunotnm,
874 922 913 988 ed
952 922 1044 1009 liujus
1077 942 1156 988 eon·

225 1013 434 1081 firmationem
459 1012 585 1079 inducit:
613 1013 748 1094 Spiritus
760 1014 841 1079 enim
862 1013 968 1078 omnio
982 1021 1156 1090 instetur,

226 1105 321 1169 etium
340 1101 499 1185 profundo
522 1101 593 1181 Dei,
627 1105 659 1179 l,
695 1105 747 1182 103
780 1116 811 1170 et
843 1114 949 1188 posteo
983 1099 1154 1169 concludit:

227 1193 278 1256 lto
301 1201 330 1254 et
351 1211 430 1274 qttae
455 1191 513 1255 Dei
536 1205 607 1257 sunt
628 1213 717 1257 nerito
751 1193 889 1278 eopnoot't
923 1191 986 1256 nisi
1021 1189 1157 1272 spirinse

226 1279 298 1357 Dei,
322 1277 408 1354 lbid.‚
433 1279 483 1343 ll.
511 1279 551 1345 Et
564 1299 626 1366 quo
640 1280 802 1346 manileste
829 1292 957 1365 apparet
971 1276 1054 1366 quod
1065 1277 1156 1344 idem

229 1382 301 1438 sunt
323 1367 452 1454 Spiritus
475 1367 605 1435 Sanetus
628 1383 658 1434 et
681 1370 805 1455 spiritus
827 1368 901 1432 Dei.

297 1457 385 1536 ltem,
408 1457 540 1542 Apparet
563 1478 600 1522 ex
624 1459 683 1522 lios
706 1457 789 1542 quod
817 1455 970 1522 Dominus
986 1454 1069 1522 dicit:
1083 1453 1159 1522 ll'ort

234 1547 314 1612 enim
337 1565 391 1610 oos
413 1547 487 1610 estis
508 1547 560 1630 qui
584 1547 751 1631 loquimini,
787 1547 843 1611 sed
876 1543 1011 1628 Spiritus
1048 1545 1160 1612 Putris

232 1637 329 1702 uestri
350 1634 402 1718 qui
425 1635 559 1718 loquitur·
580 1636 613 1700 itt
637 1634 732 1711 voltis,
754 1635 869 1712 Mosen,
906 1633 956 1712 ll),
985 1634 1038 1700 20.
1073 1633 1160 1700 Loco
1219 1645 1221 1677 l

222 1729 338 1792 ,eutem
362 1723 490 1788 istorum
513 1725 691 1802 verborum,
713 1725 833 1790 lllurous
855 1722 937 1787 dicit:
966 1722 1036 1789 Non
1075 1722 1161 1788 enim

236 1813 319 1878 enirn
354 1832 409 1878 vos
432 1813 504 1876 estis
541 1814 706 1896 loquentes,
742 1813 798 1878 sed
837 1811 975 1896 Spiritus
1013 1810 1161 1888 Sanetus,

93 1946 100 1959 ·
237 1901 340 1978 llere,
365 1901 417 1978 13,
443 1901 491 1965 ll.
517 1901 711 1966 llanilestnm
736 1915 782 1966 est
804 1901 898 1986 igitur
913 1898 1162 1989 idemesseSpi·

235 1990 330 2057 ritum
356 1989 502 2055 Sanctum
528 2004 557 2055 et
578 1992 719 2076 spiritum
746 1990 813 2056 Dei.

247 2131 250 2135 .
303 2078 353 2144 Sio
376 2098 462 2162 ergo,
484 2100 556 2143 oum
579 2100 615 2143 ex
642 2080 818 2163 praemissis
834 2077 1162 2144 auetoritatibusmul·

1219 1620 1221 1639 l

236 2166 380 2254 tiplieiter
403 2181 547 2253 apparent
571 2167 717 2251 Spiritum
740 2167 887 2233 Sanctum
911 2187 974 2231 non
990 2186 1162 2233 esseoreu·
1219 2195 1220 2206 ¹

237 2270 350 2335 turem,
374 2255 428 2321 sed
453 2276 560 2321 uerum
586 2257 697 2334 Deum,
721 2255 917 2321 menifestum
930 2254 1071 2340 estquod
1094 2274 1162 2321 non

236 2347 376 2431 cogimur
389 2344 491 2409 dicere
508 2344 617 2409 eodem
628 2345 722 2409 modo
739 2365 806 2410 esse
823 2343 1056 2425 intelligendum
1071 2343 1162 2429 quod

237 2432 366 2522 Spiritus
389 2433 518 2498 Sanetus
541 2434 855 2499 mentesSunotorum
869 2431 1096 2517 implenteteos
1113 2434 1164 2498 ilr-
1219 2433 1221 2494 i

237 2523 354 2589 habitet
376 2524 453 2589 siout
476 2522 617 2587 diabolus
641 2523 759 2607 sliquos
781 2520 970 2607 implerevel
985 2520 1163 2588 inhabitare

237 2612 363 2687 dieitur:
387 2612 516 2678 liabetur
539 2612 621 2675 enim
645 2611 685 2677 de
707 2609 880 2696 Judaquod
903 2620 974 2691 post
989 2608 1164 2675 dussellum

237 2701 376 2767 introivit
398 2703 431 2766 in
453 2720 521 2764 euin
547 2699 697 2774 Solones,
716 2700 816 2777 loen.,
849 2698 901 2773 15,
934 2697 987 2763 27:
1020 2711 1053 2763 et
1085 2696 1165 2764 dieit

238 2788 358 2868 Petrus,
382 2804 415 2853 ut
438 2788 564 2874 quidam
589 2788 657 2853 libri
695 2788 820 2853 hebent:
854 2788 990 2866 Ananis,
1013 2807 1068 2853 our
1100 2788 1164 2851 int-

236 2878 335 2962 pleoit
359 2876 495 2945 Solonm
524 2896 577 2941 cor
608 2888 705 2951 tunm,
728 2870 842 2963 d'post.,
866 2875 898 2954 li,
921 2876 951 2941 5.
979 2874 1057 2941 Cum
1073 2875 1163 2943 enim

239 2966 379 3031 diabolus
402 2978 540 3030 ereetum
564 2966 612 3041 sit,
637 2978 670 3030 ut
698 2964 968 3052 exsuperioribus
1006 2965 1040 3050 (l.
1077 2965 1109 3041 5,
1131 2984 1164 3031 e.

242 3055 299 3137 to)
323 3068 368 3120 est
392 3053 601 3133 menifestum,
626 3075 687 3119 non
711 3053 819 3139 implet
840 3053 975 3138 :liquem
998 3053 1164 3138 perticipa-

239 3143 322 3209 tione
343 3145 403 3222 sui,
427 3163 527 3227 neque
552 3156 651 3228 potest
675 3156 811 3207 mentem
834 3140 1006 3205 inhabitare
1020 3162 1163 3226 suuper·

238 3232 413 3319 tioipetione
438 3233 484 3296 vel
509 3252 673 3316 persuum
707 3229 920 3305 substantiam,
955 3226 1011 3293 sed
1049 3229 1166 3296 dioiurr

182 3378 187 3386 .
239 3320 360 3407 sliquos
383 3322 513 3406 implere
538 3339 592 3405 per
614 3320 756 3384 eileetum
773 3338 848 3383 sune
864 3316 1007 3394 melitius:
1023 3316 1108 3383 unde
1130 3330 1167 3385 et

239 3408 356 3475 Paulus
379 3409 452 3473 dicit
477 3408 516 3473 nd
539 3407 718 3491 quemdem:
745 3408 773 3471 0
795 3408 885 3489 plene
920 3408 1004 3470 omni
1036 3407 1109 3471 dolo
1131 3419 1169 3472 et

240 3498 325 3565 omui
357 3496 498 3583 (attacta,
528 3497 574 3584 pu
607 3495 736 3576 toanis,
769 3494 834 3561 scs.
864 3496 983 3613 spese,
1016 3495 1069 3577 rs,
1108 3494 1166 3563 ro.
