2484 3975
201 225 208 237 r
233 194 299 261 238
544 215 600 260 tra.
625 215 662 258 rv.
688 215 750 262 aar.
775 214 830 258 tvr.

234 299 281 350 est
302 283 390 368 quasi
413 282 595 348 universalis
617 303 709 348 causa
749 283 904 348 humanae
937 282 1054 366 salatia,
1090 288 1162 355 uni·

233 372 382 438 versalem
407 388 509 435 autem
535 393 660 436 causam
684 385 805 458 oportet
821 372 967 458 applicari
980 373 1018 436 ad
1045 397 1161 442 unum-

231 481 388 546 quemque
410 461 566 535 el'lectum,
597 463 806 525 necessarium
845 460 901 525 luit
938 463 1074 528 celtiberi
1103 467 1160 530 ho-

231 549 367 614 minibus
389 549 543 632 quaedam
568 549 706 614 remedia
731 569 786 636 per
808 569 888 634 quac
904 550 948 613 eis
966 551 1158 618 benelicium

231 639 338 702 mortis
363 637 473 702 Christi
498 637 734 723 quodammodo
767 637 1018 722 conjungeretur.
1043 642 1160 727 liujus-

231 726 314 791 modi
338 740 442 790 autcm
472 747 539 790 esse
576 725 722 790 dicuntur
761 726 913 791 Ecclesiae
951 746 1158 796 sacramenta.

231 815 413 900 Huiusmodi
437 830 539 878 autem
564 815 702 879 remedia
726 817 861 901 oportuit
894 835 965 880 cum
1000 820 1158 904 aliquibus

231 904 401 976 visibilibus
425 904 519 986 signis
543 904 633 966 tradi.

299 992 403 1056 Primo
426 993 563 1077 quidem,
585 993 668 1076 quia,
707 991 784 1056 sieut
819 992 951 1056 'caeteris
988 995 1158 1074 rebus,.ita
1187 1037 1219 1060 ..

231 1083 324 1146 etium
350 1083 467 1145 bomini
492 1082 575 1144 Deus
599 1080 739 1166 providet
774 1080 944 1145 secundum
969 1082 1035 1168 ejus
1050 1087 1158 1152 condi

232 1173 358 1234 tionem.
384 1171 431 1233 Est
455 1184 557 1234 autem
583 1168 651 1233 talis
687 1169 821 1234 bominis
848 1169 984 1234 conditio
1007 1176 1093 1257 quod
1119 1175 1156 1240 ad

231 1259 399 1344 spiritualia
423 1272 453 1322 et
475 1258 676 1339 intelligibilia
711 1258 860 1344 capienda
896 1261 1076 1326 naturaliter
1102 1284 1158 1348 per

229 1347 384 1412 sensibilia
393 1347 572 1411 deducatur.
581 1344 725 1432 Oportuit
737 1347 1002 1432 igiturspiritualia
1016 1353 1157 1417 remedia

232 1436 411 1500 bominibus
434 1437 492 1500 sub
513 1437 609 1519 signis
633 1435 831 1500 sensibilibus
854 1435 929 1500 dari.

296 1525 450 1597 Secundo,
473 1525 544 1608 quia
569 1525 772 1588 instrumenta
797 1538 919 1611 oportet
945 1546 1013 1591 esse
1037 1531 1158 1614 prinrac

230 1633 343 1677 causae
367 1616 608 1700 proportionata.
633 1611 734 1676 Prima
761 1628 862 1678 autem
904 1627 934 1677 et
973 1619 1158 1682 universalis

233 1721 326 1766 causa
350 1702 505 1766 hnmanae
528 1701 635 1765 salutis
666 1715 712 1764 est
735 1700 872 1766 Verbum
896 1699 1101 1783 incarnatum,
1127 1720 1159 1770 ut

233 1811 270 1853 ex
294 1793 470 1876 praemissis
508 1803 645 1875 apparet.
682 1789 861 1875 Congruum
900 1794 993 1875 igitur
1031 1796 1087 1858 luit
1128 1811 1159 1859 ut

56 1945 62 1952 ,
147 1953 152 1967 Ι
232 1880 369 1943 remedia
393 1880 505 1965 quibus
529 1877 709 1942 universalis
744 1899 855 1944 causae
893 1884 987 1946 virtus
1011 1884 1159 1968 pertingit

232 1966 272 2032 ad
296 1968 438 2033 homiues
478 1966 558 2032 illius
579 1986 691 2031 causae
728 1968 960 2035 similitudinem
996 1974 1159 2053 baberent,

233 2071 268 2121 ut
291 2058 404 2123 scilieet
428 2059 457 2121 in
482 2058 526 2119 eis
562 2057 657 2120 virtus
694 2054 796 2121 diviua
831 2058 1022 2125 invisibiliter
1045 2081 1160 2149 opera-

232 2160 316 2211 retur
337 2149 396 2211 sub
420 2143 587 2209 visibilibus
608 2144 714 2227 signis.

297 2234 413 2310 Tertio,
436 2236 506 2319 quia
542 2235 637 2295 bomo
672 2233 702 2295 in
738 2248 899 2319 peceatum
937 2237 1039 2322 lapsus
1079 2254 1160 2317 erat,

233 2323 327 2389 rebus
363 2323 532 2388 visibilibus
567 2320 702 2385 indebite
740 2324 940 2390 inhaerendo.
976 2326 1020 2389 Ne
1060 2328 1158 2412 igitur

231 2412 408 2477 crederetur
422 2410 549 2476 visibilia
561 2429 598 2473 ea
615 2410 662 2473 sui
675 2424 785 2475 natura
803 2414 882 2477 mala
900 2434 967 2479 esse
982 2429 1012 2477 ct
1026 2430 1159 2503 propter

231 2501 292 2565 lanc
302 2502 331 2565 ei
343 2501 539 2565 inhaerentes
546 2499 830 2586 peccasse,peripsa
839 2501 964 2566 visibilia
977 2522 1158 2588 congruum

231 2587 288 2653 luit
312 2591 395 2676 quod
419 2590 596 2653 bominibus
619 2588 756 2651 remedia
792 2589 896 2655 salutis
920 2594 1160 2672 adhiberentur;

232 2692 265 2741 ut
287 2678 331 2743 sic
354 2689 514 2765 appareret
538 2677 602 2762 ipsa
628 2676 756 2741 visibilia
780 2697 817 2741 ex
851 2680 897 2743 sui
923 2696 1030 2745 natura
1072 2684 1158 2748 bona

230 2786 309 2842 esse,
334 2769 416 2832 velut
440 2788 456 2830 a
481 2767 547 2829 Deo
570 2778 683 2836 ereata,
707 2764 954 2833 sedbominibus
971 2769 1160 2851 nertstert,

231 2857 402 2920 seeundum
426 2856 509 2939 quod
534 2853 578 2917 eis
602 2852 776 2917 inordinate
803 2855 973 2936 inhaerent,
996 2858 1159 2925 salutifera

230 2964 315 3020 vero,
338 2946 509 3009 secundum
533 2942 617 3026 quod
640 2940 781 3005 ordinate
798 2944 841 3008 eis
868 2959 1004 3010 utuntur.

297 3033 338 3098 Ea
376 3036 435 3097 boc
469 3044 574 3095 autem
610 3029 784 3095 excluditur
820 3051 908 3097 error
943 3036 1159 3120 quorumdam

230 3121 456 3187 baereticorum
480 3119 533 3205 qui
556 3118 660 3182 omnia
677 3119 853 3203 hujusmodi
868 3124 995 3188 visibilia
1019 3146 1159 3191 esacra-

230 3211 343 3275 mentis
367 3210 517 3275 Ecclesiae
542 3207 649 3271 volunt
672 3227 739 3271 esse
777 3212 975 3275 removenda.
1012 3212 1076 3277 Nec
1100 3216 1162 3279 rni-

230 3318 311 3376 rum,
334 3301 404 3385 qiria
423 3298 478 3384 ipsi
495 3295 661 3383 opinantur
674 3297 777 3361 omnia
792 3299 919 3363 visibilia
936 3320 973 3363 ex
985 3304 1030 3365 sui
1046 3316 1161 3369 natura

231 3386 311 3452 mala
334 3408 401 3451 esse
425 3403 454 3448 et
477 3407 512 3449 ex
537 3384 619 3448 analo
644 3400 769 3449 auctore
804 3389 962 3471 producta,
1001 3392 1086 3475 quod
1125 3392 1161 3457 in

229 3474 366 3539 secundo
401 3475 479 3538 libro
496 3476 550 3558 (c.
572 3472 641 3570 δἐι
663 3479 774 3558 seqq.)
799 3477 1041 3562 reprobavimus.
