2484 3975
431 259 485 305 ata⁴
511 262 549 305 tv.
573 259 637 307 car.
662 261 719 308 nrv.
961 243 1027 309 ild

13 339 18 379 i
103 328 308 412 steatomata,
331 347 391 390 nou
413 346 492 410 quoe
515 351 609 414 super
633 341 760 404 terram,
785 329 902 396 Coloss.
917 331 947 409 3,
962 332 1030 398 1-9.

13 426 16 433 “
170 418 289 494 Adbuc,
313 416 392 497 Quia
416 415 574 483 beatitudo
597 418 732 504 perlecta
758 418 894 485 bominis
923 421 953 484 in
978 421 1030 486 tali

13 528 16 557 ²
104 508 281 591 cognitione
304 505 359 570 Dei
383 507 521 571 consistit
542 528 622 592 quaa
646 506 820 572 facultatem
859 509 965 588 omnis¹
983 509 1030 574 in-

104 596 242 661 tellectus
266 597 359 660 creati
383 595 513 672 excedit,
542 609 574 660 ut
603 610 761 661 ostensum
798 609 843 661 εει
867 599 879 672 (
893 597 912 661 l.
948 598 980 675 ὅ,
1003 617 1030 662 ε.

13 708 16 735 1
103 687 147 752 57
171 700 201 749 et
223 704 309 770 seqq.
324 684 349 768 l,
365 684 573 748 necessarium
586 683 644 749 luit
667 685 833 770 quamdam
848 685 1027 770 hujusmodi

13 785 16 824 ῐ
103 773 289 858 cognitionis
324 770 577 857 praelibationem
612 775 642 838 iu
679 775 807 838 bomine
844 793 921 851 esse,
953 794 1033 860 quae

104 862 291 946 dirigeretur
313 861 343 924 in
368 859 451 924 illam
466 861 690 946 plenitudinem
708 862 893 944 cognitionis
911 863 1031 940 beatae3

12 966 16 1004 t
105 951 190 1034 quod
206 949 333 1034 quidem
351 948 384 1012 lit
397 970 452 1035 per
475 949 582 1029 fidem,
606 965 638 1014 ut
662 965 820 1016 ostensum
834 965 879 1016 εει
894 952 908 1031 (
922 951 944 1016 l.
957 953 988 1029 5,
1006 973 1033 1016 c.

106 1040 186 1121 to).
210 1037 423 1121 Cognitionem
448 1052 552 1104 autem
587 1059 648 1124 qua
683 1039 778 1104 homo
818 1040 848 1105 in
886 1039 1032 1106 ultimum

107 1128 202 1194 linem
227 1125 368 1208 dirigitur
390 1140 512 1212 oportet
536 1148 604 1192 esse
628 1129 841 1205 certissimam,
876 1148 913 1193 eo
947 1129 1031 1215 quod

13 1234 14 1271 t
107 1229 153 1281 est
176 1215 358 1302 principium
382 1218 523 1280 omnium
548 1237 628 1303 quae
641 1217 824 1282 ordinantur
842 1219 872 1280 iu
886 1216 1030 1282 ultimum

13 1322 14 1343 ³
108 1305 212 1382 linem,
234 1305 311 1368 sicut
334 1318 364 1368 et
389 1305 535 1392 principia
560 1306 741 1371 naturaiiter
765 1319 836 1370 uota
859 1305 1030 1371 certissima

106 1408 186 1460 aunt.
210 1393 384 1458 Certissima
408 1407 510 1458 autem
534 1395 669 1478 cognitio
693 1393 823 1478 alicujus
861 1413 929 1458 essa
967 1415 1030 1460 non

106 1496 217 1568 potest,
238 1481 295 1545 nisi
319 1481 367 1544 vel
391 1480 466 1545 illud
490 1484 528 1547 sit
550 1503 607 1570 per
629 1503 662 1548 se
686 1498 805 1559 notum,
829 1483 907 1546 sicut
930 1483 1028 1568 prima

105 1570 561 1657 demonstrationisprincipia,
586 1571 634 1636 vel
671 1572 701 1636 in
726 1591 761 1634 ea
798 1591 878 1657 quae
918 1591 971 1657 per
993 1592 1030 1636 se

102 1672 175 1724 uota
199 1673 269 1723 sunt
293 1658 473 1737 resolvatur,
497 1661 629 1744 qualiter
664 1660 753 1724 trabis
789 1659 959 1725 certissima
984 1673 1029 1726 est

102 1747 376 1812 demonstrationis
398 1749 570 1813 conclusio.
593 1749 626 1813 ld
650 1763 755 1813 autem
781 1748 864 1834 quod
900 1747 939 1812 de
962 1748 1030 1813 Deo

102 1835 193 1901 uobis
216 1835 387 1922 perfidem
410 1835 580 1901 tenendum
613 1838 799 1924 proponitur
833 1857 895 1901 non
931 1849 1030 1921 potest

101 1945 171 1991 esse
195 1924 313 1989 bomini
337 1944 392 2010 per
417 1945 451 1990 se
473 1939 592 2004 notum,
616 1947 687 1992 cum
705 1925 882 1992 facultatem
901 1925 1028 1992 humaui

101 2014 276 2079 intellectus
300 2014 436 2078 excedat.
461 2011 605 2101 Oportuit
629 2016 722 2101 igitur
745 2016 804 2079 boc
822 2015 939 2079 bomini
965 2035 1029 2080 ma-

101 2101 239 2169 nilestari
264 2122 320 2188 per
341 2122 414 2165 cum
437 2104 486 2167 cui
510 2104 549 2167 sit
573 2124 627 2190 per
650 2124 683 2169 sc
708 2118 826 2169 notum.
864 2103 897 2169 Et
921 2124 1029 2189 quam-

103 2192 151 2256 vis
174 2191 320 2256 omnibus
342 2190 478 2255 divinam
502 2193 669 2257 essentiam
694 2192 871 2257 videntibus
893 2193 931 2257 sit
955 2214 1030 2279 quo·

100 2278 272 2345 dammodo
296 2300 406 2365 perse
430 2292 547 2357 notum,
571 2296 675 2346 tamen
700 2282 737 2345 ad
762 2282 963 2345 certissimam
978 2302 1029 2346 co-

99 2369 274 2454 gnitionem
299 2367 474 2433 habendam
500 2370 636 2455 oportuit
661 2370 871 2435 reductionem
905 2370 971 2433 fieri
997 2370 1028 2435 in

100 2458 238 2542 primum
263 2456 356 2541 lurjus
389 2459 572 2541 cognitionis
611 2460 808 2545 principium.
846 2458 964 2522 seilicet
998 2459 1028 2522 in

99 2547 216 2623 Deum,
241 2545 290 2609 cui
313 2557 360 2609 est
383 2546 564 2611 naturaliter
587 2567 643 2631 per
665 2568 698 2611 se
724 2562 831 2611 uotum
872 2560 901 2611 et
926 2568 941 2609 a
966 2566 1029 2631 quo

100 2634 249 2699 omnibus
271 2634 444 2710 ituroteseiu
467 2636 546 2699 sicut
569 2648 599 2698 ει
623 2635 776 2700 certitudo
800 2635 945 2700 scientiae
967 2654 1029 2700 nou

100 2722 236 2788 babetur
260 2722 316 2786 nisi
341 2742 396 2806 per
419 2721 638 2787 resolutionem
672 2724 701 2787 in
743 2725 840 2808 prima
880 2722 1029 2810 principia

100 2810 398 2875 indemonstrabilia.
422 2808 568 2897 Oportuit
591 2813 685 2895 igitur
709 2813 880 2887 bominem,
907 2812 945 2876 ad
960 2832 1029 2898 per-

100 2900 214 2964 lectam
239 2899 453 2963 certitudinem
477 2900 727 2986 cqnscquendam
753 2900 876 2965 detidei
892 2902 1030 2976 veritate,

100 2988 143 3053 ab
167 2988 233 3074 ipso
257 2987 324 3051 Deo
347 2988 454 3052 instrui
480 2989 606 3053 bomine
630 2987 723 3067 laeto,
747 3003 779 3052 ut
803 2990 897 3052 bomo
921 3008 1029 3053 secun·

100 3076 178 3141 dum
203 3076 330 3140 modurn
355 3076 527 3141 humanum
551 3078 687 3141 diuinam
702 3077 937 3141 instructionem
962 3096 1030 3163 per-

100 3166 229 3252 ciperet:
253 3179 283 3228 et
307 3164 366 3228 boc
388 3177 435 3229 est
457 3165 540 3250 quod
564 3164 684 3230 dicitur:
711 3166 808 3229 Deum
838 3184 927 3230 nemo
950 3166 1031 3231 uidit

101 3274 252 3337 unquam:
281 3252 459 3336 Unigenitns
483 3254 592 3329 Filius,
615 3255 669 3337 qui
691 3265 736 3317 est
758 3255 790 3316 in
815 3256 884 3319 sinn
908 3253 1024 3335 Patris,

100 3344 168 3425 ipsc
191 3342 360 3418 manauit,
381 3342 481 3414 locu„
507 3342 536 3419 l,
561 3342 613 3413 tta
636 3356 667 3407 et
690 3342 754 3428 ipse
778 3341 930 3406 Dominus
944 3342 1028 3407 dicit:

100 3429 165 3515 Epo
188 3432 221 3493 in
245 3430 301 3493 boc
321 3441 414 3495 nutus
436 3450 504 3493 sum
526 3442 557 3494 ct
578 3431 623 3495 od
644 3432 700 3495 boc
720 3432 790 3495 veni
813 3432 845 3495 in
868 3430 1027 3510 mundum,

102 3530 136 3585 ut
160 3520 366 3585 testimonium
386 3518 567 3605 perhibeant
588 3521 724 3599 ueritati,
757 3520 856 3600 loan,
878 3519 948 3601 ⁴18,
971 3519 1029 3599 5⁷3
