2484 3975
408 255 465 299 nra.
489 254 527 300 ιι.
551 254 614 299 car.
638 254 700 299 ιιιιι.
968 232 1012 298 ιδ

84 322 113 389 ei
136 320 250 399 dando,
273 319 328 387 sed
352 341 423 387 eum
448 323 565 388 mundo
605 322 843 399 manifestanda
880 340 954 409 pam
978 335 1011 386 et

83 418 149 497 ipse
172 412 288 478 ibidem
312 409 395 476 dioit:
419 412 620 497 Manifestum
642 431 753 476 nomen
778 424 864 477 tuum
879 412 1010 477 mmu-

87 500 151 580 lmt,
173 502 273 579 loen,
297 500 349 576 l7,
372 500 402 565 6.

151 588 219 654 Non
241 601 287 654 est
311 602 414 654 autem
438 588 630 655 eredendum
665 586 780 692 quod
772 609 804 653 ιιι
841 587 898 653 Dei
933 587 1011 652 Filio

84 678 123 743 sit
146 678 255 769 aliquis
279 679 437 763 potestatis
461 678 610 752 delectus,
634 698 705 743 eum
728 680 794 780 ipse
810 677 901 742 disat:
928 676 1013 741 Dnto

85 776 129 831 est
154 762 237 829 mihi
253 767 352 831 omnis
376 778 515 871 potestus
538 770 570 830 in
585 768 671 831 eaelo
687 778 718 831 et
738 768 771 831 in
785 778 879 844 terra,
894 764 1011 840 hanun,

84 854 140 933 08,
164 854 215 920 18.
239 854 326 919 Unde
349 856 465 939 quod
457 876 523 944 tpse
546 856 628 921 dicit:
655 854 767 920 Sedere
783 856 827 921 ud
848 856 1011 920 deuterum

83 964 186 1009 meum
207 944 258 1008 oei
280 944 441 1009 sinistram
463 965 523 1009 non
547 956 593 1009 est
615 964 718 1009 meum
740 946 819 1008 dure
841 943 1011 1022 noluissed

84 1032 195 1118 quihus
216 1044 364 1115 puratum
386 1044 433 1098 est
454 1054 475 1099 n
499 1032 593 1097 Putre
612 1054 688 1110 meo,
723 1034 840 1109 hlatth.,
877 1033 932 1107 00,
955 1032 1010 1110 05,

83 1142 147 1187 ιιοιι
161 1121 297 1187 ostendit
315 1121 398 1207 quod
417 1123 510 1187 Filius
528 1083 814 1187 distribuehdarum
830 1082 1009 1187 haelestium

83 1209 205 1275 sedium
230 1223 410 1296 potestatem
436 1232 498 1275 non
518 1210 646 1285 habeat,
665 1231 736 1275 eum
755 1231 810 1296 per
832 1209 1011 1295 hujusmodi

84 1300 254 1365 sessionem
292 1300 485 1386 participatio
509 1299 589 1365 vitae
629 1313 772 1366 aeternae
811 1298 1008 1385 intelligetur,

84 1386 174 1473 eujus
197 1388 394 1453 collationem
429 1388 525 1453 adse
559 1391 715 1473 pertinere
753 1388 896 1463 ostendit,
934 1408 1006 1453 eum

32 1474 36 1491 '
85 1477 170 1543 diuit:
197 1478 277 1542 Oves
314 1498 402 1541 meae
440 1498 544 1542 uocem
584 1498 687 1541 meum
713 1478 855 1552 nudiuuu
891 1488 920 1541 et
953 1497 1008 1561 opo

87 1586 236 1650 cognosco
258 1586 323 1644 eus,
341 1578 372 1631 et
392 1578 560 1651 sequuntur
586 1586 644 1630 me:
684 1578 714 1631 et
738 1586 790 1653 epo
827 1567 925 1631 uitam
958 1586 1009 1630 ue·

90 1666 212 1719 ternam
234 1655 274 1719 do
297 1656 351 1731 eis,
388 1657 489 1733 loon„
529 1654 581 1729 l8,
615 1655 730 1732 272&
767 1654 877 1719 dicitur
915 1655 1007 1719 etiam

88 1744 172 1827 quod
194 1744 319 1807 Pater...
336 1706 588 1828 omnejndieinm
614 1746 703 1810 dedit
738 1745 830 1822 Filio,
851 1745 952 1821 loen„
976 1743 1008 1820 tt,

89 1832 144 1907 au
168 1830 206 1895 ad
226 1831 378 1915 judicium
403 1848 504 1897 autem
530 1832 662 1915 pertinet
685 1847 718 1899 ut
742 1854 799 1919 pro
823 1832 938 1897 meritis
953 1832 1010 1896 all-

89 1920 196 2008 quiin
221 1920 342 1985 caelesti
367 1920 463 2006 gloria
487 1921 688 2001 collocentur;
728 1922 864 1988 undeet
898 1918 1008 1985 dieitur

88 2009 173 2095 quod
197 2010 290 2074 Filius
315 2011 449 2076 hominis
472 2023 585 2076 statuet
614 2034 685 2078 oues
718 2033 739 2077 a
776 2011 896 2076 deutris
933 2012 1009 2090 suis,

85 2099 202 2164 hoedos
224 2111 327 2164 nutem
350 2121 370 2164 a
392 2101 538 2173 sinistris,
562 2101 678 2181 Matth,
710 2101 765 2179 ab,
799 2101 853 2179 553
876 2101 1009 2186 pertinet

84 2206 161 2273 ergo
184 2187 222 2252 ad
246 2201 425 2291 potestatem
465 2190 533 2255 Filii
576 2204 709 2256 statuere
746 2150 880 2276 aliquem
917 2188 1006 2253 vela
1052 2197 1061 2213 ‘

85 2277 200 2341 dextris
224 2277 270 2341 vel
295 2299 310 2340 a
336 2278 475 2352 sinistris,
499 2278 563 2342 sive
589 2293 766 2380 uwtrumque
794 2277 945 2343 referatur
969 2277 1008 2341 ad

86 2363 280 2429 differentem
305 2366 421 2448 gloriae
446 2356 718 2451 participationem,
743 2367 807 2432 site
838 2385 935 2430 uuum
960 2385 1009 2428 re-

86 2454 203 2518 seratur
226 2453 264 2517 ad
275 2454 417 2554 gloriam
433 2467 463 2517 et
486 2454 618 2518 alterum
632 2455 783 2520 referatur
799 2455 838 2519 ad
863 2473 1005 2538 poenam

88 2540 248 2626 Oportet
241 2541 333 2625 igitur
357 2554 390 2606 ut
413 2541 497 2606 verbi
522 2545 671 2628 propositi
713 2564 822 2608 sensus
846 2563 883 2606 ex
921 2561 1011 2627 prae-

86 2631 189 2696 missis
211 2643 360 2695 sumatur.
385 2630 595 2696 Praemittitur
619 2652 764 2718 namque,
799 2630 915 2707 hairu,
954 2629 1008 2708 20,

87 2719 131 2785 00
155 2733 185 2784 et
207 2740 292 2804 seqq.
316 2719 400 2806 quod
424 2733 523 2784 mater
546 2718 681 2785 liliorum
716 2719 869 2785 Zebedaei
908 2739 1010 2783 aenes-

86 2822 167 2873 serat
190 2809 367 2885 adhesum,
391 2823 498 2893 petens
523 2820 556 2873 ut
580 2830 659 2874 unus
683 2808 817 2874 tiliorum
856 2806 924 2892 ejus
961 2828 1008 2871 se·

86 2895 173 2961 deret
195 2896 233 2961 ad
257 2896 418 2962 dexteram
443 2897 509 2981 ejus
534 2911 565 2961 et
587 2898 665 2963 alius
702 2897 740 2962 ad
774 2898 940 2970 sinistram
978 2910 1009 2961 et

84 2984 124 3048 ad
149 2985 209 3050 hoo
233 2984 402 3070 petendum
427 3000 513 3050 mota
538 2986 700 3052 videbatur
722 3006 759 3052 ex
797 2984 932 3072 quadam
972 2987 1008 3050 li·
1060 3034 1062 3039 -

83 3073 173 3138 duoia
197 3073 431 3158 propinquitatis
454 3074 589 3139 earnalis
613 3096 709 3159 quam
734 3075 866 3147 habehat
889 3074 928 3139 ad
953 3074 1010 3140 ho·

84 3161 204 3226 minem
227 3160 393 3227 Christum.
417 3163 570 3227 Dominus
599 3182 675 3247 ergo
713 3185 767 3228 sua
803 3163 1011 3248 responsione

86 3269 148 3314 nou
172 3249 246 3314 dixit
267 3249 351 3335 quod
376 3251 414 3314 ad
439 3250 505 3334 ejus
528 3264 713 3336 potestatem
745 3273 807 3316 non
843 3251 1010 3337 pertineret

86 3338 160 3403 dare
182 3337 266 3423 quod
291 3339 463 3425 petebatur,
487 3339 540 3404 sed
564 3341 648 3424 quod
673 3339 711 3404 ad
747 3359 819 3406 eum
853 3359 916 3404 nou
942 3359 1011 3426 per·

87 3426 202 3491 tinebat
227 3427 287 3492 illis
309 3427 383 3491 dare
406 3447 464 3512 pro
487 3427 597 3512 quibus
622 3428 798 3513 rogabatur.
830 3427 898 3493 Non
926 3431 1011 3497 enim

89 3515 173 3580 dixit:
196 3515 312 3582 Sedere
334 3515 373 3581 ad
397 3515 556 3582 dexteram
581 3537 684 3584 meam
708 3518 755 3583 vel
778 3518 931 3585 sinistram
947 3540 1010 3586 nou
