2484 3975
422 279 478 324 xrs.
502 280 540 327 xv.
564 280 630 326 etr.
653 280 713 325 anx.
991 262 1034 327 55

115 362 165 417 est
187 348 246 416 ulia
270 362 300 416 et
324 346 382 415 ulia
416 348 592 414 humanitas
625 369 768 428 numer03
803 361 832 415 et
869 349 1035 438 praecipue

117 460 190 505 cum
215 459 277 503 nun
301 441 339 503 sit
363 437 446 504 aliud
470 436 697 503 divinanarum
721 438 924 525 etaliudipse
940 439 1035 519 Deus,

117 543 265 615 utsupra
289 542 446 593 ostensum
470 540 526 603 est;
550 546 587 590 ex
610 547 672 612 quo
695 526 734 590 de
758 530 937 593 necessitate
958 549 1033 594 con·

116 618 255 704 sequitur
278 615 372 703 quod,
396 616 543 679 existente
557 636 617 679 una
632 628 739 679 natura
763 616 865 681 divina
888 617 920 681 in
944 616 1033 684 Patre

117 721 147 771 et
169 705 258 784 Filio,
281 707 341 771 sint
364 704 497 769 Pateret
520 703 613 768 Filius
637 724 717 768 unus
740 704 833 770 Deus.
858 705 942 770 Licet
957 725 1031 791 ergo

116 809 147 861 et
169 794 292 859 Patrem
315 792 518 858 confiteamur
540 792 643 857 Deum
666 807 697 857 et
719 793 830 858 Fidium
843 794 1032 872 Deuru,uun

117 898 220 949 tamen
245 883 417 948 recedimus
440 882 623 946 asententia
640 902 700 967 qua
718 884 840 968 ponitur
856 902 937 948 unus
949 884 1034 950 solus

116 972 211 1049 Deus,
236 992 330 1058 quarn
353 971 384 1034 in
408 970 509 1057 primo
533 970 611 1035 libro
635 986 666 1035 et
694 971 863 1037 rationibus
897 986 928 1038 et
962 994 1033 1038 auc-

118 1060 289 1126 toritatibus
312 1059 512 1135 firmavimus
549 1059 642 1137 unde,
675 1060 730 1124 etsi
764 1061 803 1126 sit
836 1081 916 1127 unus
948 1061 1033 1129 solus

117 1170 208 1215 verus
231 1149 326 1227 Deus,
349 1163 454 1213 tamen
478 1149 536 1213 hoc
559 1148 651 1213 etde
686 1148 774 1214 Patre
810 1163 841 1215 et
881 1151 921 1216 de
954 1151 1032 1221 Filio

119 1238 286 1325 praedicari
308 1237 502 1303 confitemur.

183 1326 260 1393 Cum
283 1347 358 1407 erpo
382 1327 545 1403 Dominus,
568 1324 607 1389 ad
630 1324 753 1390 Patrem
776 1326 916 1412 loquens,
950 1329 1033 1407 dicit,

124 1416 163 1481 dt
184 1427 367 1503 copnoscant
391 1426 429 1493 tc,
451 1414 551 1479 solum
575 1415 675 1480 Deum
696 1435 814 1491 emunt,
848 1416 947 1495 ioan,
982 1419 1035 1493 17,

118 1508 150 1580 5,
173 1526 236 1571 non
260 1508 303 1571 sic
326 1503 561 1588 intelligendum
585 1504 736 1590 estquod
760 1504 844 1569 solus
871 1505 963 1571 Pater
995 1509 1034 1572 sit

113 1614 205 1660 verus
228 1596 322 1670 Deus,
345 1594 431 1680 quusi
456 1592 550 1656 Fdins
573 1611 637 1657 non
660 1594 698 1657 sit
722 1613 812 1657 uerus
836 1594 931 1674 Deus,
947 1597 1031 1681 quod

114 1697 218 1749 tamen
244 1682 405 1748 manifeste
429 1681 603 1767 Scriptuxae
616 1682 792 1747 testimonio
805 1683 962 1770 probatum
976 1684 1032 1749 sed

114 1772 166 1837 itta
189 1792 268 1858 quae
291 1786 337 1837 est
360 1790 422 1835 una
445 1769 510 1835 sola
535 1791 605 1835 vera
631 1771 728 1835 deitas
752 1770 833 1836 Patri
857 1774 1029 1850 conveniat,

114 1861 154 1924 ita
178 1872 281 1924 tamen
305 1858 388 1944 quud
413 1879 475 1922 nou
498 1858 678 1924 excludatur
695 1860 767 1923 inde
779 1874 809 1924 et
823 1860 926 1925 Filius.
941 1860 1029 1927 Unde

112 1950 339 2033 signanternon
356 1947 429 2013 dixit
446 1947 608 2013 Dominus:
627 1948 665 2013 iit
677 1961 859 2034 eopnoscnnt
876 1952 1027 2030 incolunt

111 2038 213 2102 Deum
223 2057 339 2115 uerum,
353 2036 438 2123 quasi
447 2038 528 2103 solus
542 2037 606 2124 ipse
617 2037 656 2102 sit
668 2037 823 2114 Deus3sed
836 2040 919 2104 dixit:
932 2041 1027 2105 Utcu-

110 2139 260 2212 pnoacont
271 2139 309 2204 te,
320 2139 350 2195 et
365 2125 479 2191 addidit
492 2127 591 2190 solum
601 2127 699 2192 Deum
709 2148 827 2207 verum,
841 2143 872 2194 ut
885 2129 1028 2194 ostende·

113 2229 160 2281 ret
171 2215 292 2280 Patrem
308 2215 395 2300 cujus
410 2234 443 2278 se
460 2215 569 2280 Filium
587 2216 822 2301 protestabatur,
836 2238 904 2284 esse
917 2218 1028 2298 Deum,

113 2304 145 2368 in
162 2324 224 2390 quo
240 2305 392 2369 inuenitur
407 2302 457 2367 itta
480 2324 560 2390 quae
582 2304 647 2369 sola
671 2319 717 2370 est
740 2327 812 2371 vcra
826 2307 977 2372 diviuitas.
994 2307 1029 2372 Et

113 2393 185 2477 quia
200 2407 320 2480 oportet
333 2412 441 2457 uerum
458 2391 569 2457 Filium
582 2392 722 2477 ejusdem
739 2408 866 2460 naturae
877 2415 945 2460 esse
958 2416 1029 2461 curn

113 2479 214 2560 Patre,
238 2482 335 2564 magis
357 2478 496 2566 sequitur
517 2483 601 2565 quod
625 2480 675 2545 ida
698 2503 779 2567 quae
801 2484 866 2550 sola
889 2498 935 2548 est
959 2504 1030 2551 veru

114 2568 256 2636 divinitas
280 2569 356 2634 Filio
379 2569 541 2633 conveniat
564 2589 658 2655 quum
682 2574 721 2635 uu
745 2593 781 2636 ca
806 2572 899 2637 Filius
926 2573 1030 2638 exclu-

113 2659 214 2736 datur;
244 2657 328 2724 unde
350 2669 379 2722 et
401 2657 550 2736 loannes,
571 2657 660 2745 quasi
684 2659 761 2725 haec
785 2661 878 2726 verba
901 2659 1027 2727 Domini

112 2767 280 2835 exponens,
303 2761 469 2832 utrumque
507 2748 635 2812 istorum
669 2768 743 2814 vero
780 2748 857 2814 Filio
889 2750 1027 2817 attribuit

112 2857 192 2922 quae
215 2837 265 2902 hic
287 2835 438 2902 Dominus
461 2834 534 2900 dicit
557 2837 596 2901 de
618 2836 719 2912 Patre,
741 2836 857 2903 scilicet
880 2840 963 2925 quod
988 2843 1026 2907 sit

115 2943 202 2991 uerus
226 2925 309 2990 Deus
332 2938 362 2990 ct
384 2923 467 3010 quod
491 2924 521 2988 in
545 2945 584 2990 eo
607 2927 645 2991 sit
668 2926 727 2990 vita
750 2942 885 3005 aeterno,
908 2928 1024 2994 dicens:

117 3013 157 3078 Ut
178 3033 395 3100 copnoscumur
415 3033 523 3078 uerum
550 3015 661 3094 Deum,
693 3025 723 3079 et
755 3017 851 3081 aimus
889 3019 921 3082 in
952 3039 1025 3084 uero

112 3103 193 3168 Filio
217 3105 291 3187 cjun
330 3103 388 3167 Hic
409 3114 456 3167 eat
476 3123 568 3168 uuus
602 3105 686 3169 Deua
708 3115 738 3170 et
758 3106 824 3170 uita
845 3118 982 3186 auterno,
1008 3109 1022 3173 i

112 3191 213 3270 ioan,
237 3192 268 3271 tt,
290 3192 343 3258 DD.
366 3191 398 3256 Si
423 3205 528 3257 tamen
551 3191 710 3259 confessus
733 3208 815 3260 esset
836 3195 930 3260 Filius
945 3199 1029 3282 quod

114 3280 198 3346 solus
221 3280 312 3348 Pater
334 3293 414 3346 esset
434 3300 527 3345 ,verus
550 3281 645 3360 Deus,
668 3302 730 3347 non
755 3298 880 3370 propter
917 3286 977 3350 hoc
1012 3309 1029 3351 a

13 3389 16 3396 ·
115 3389 189 3435 veru
214 3369 372 3435 divinitate
403 3368 497 3434 Filius
532 3371 653 3436 excindi
689 3371 908 3458 intelligendus
940 3392 1030 3453 essee

116 3477 201 3536 natu,
223 3459 294 3546 quta
318 3459 408 3524 Pater
431 3457 577 3524 etFitius
599 3473 672 3526 sunt
695 3480 774 3526 unus
795 3462 891 3540 Deus,
913 3475 946 3527 ut
983 3484 1034 3530 os·

118 3558 242 3616 tensum
266 3561 322 3630 est,
344 3545 494 3636 quidquid
517 3549 637 3617 ratione
659 3549 825 3628 diuinitatis
862 3551 901 3618 de
940 3551 1033 3620 Putre
