2484 3975
229 217 295 281 kssi
603 235 774 281 onusnunuu

226 328 296 372 osse
319 317 450 392 ponatur
471 305 558 388 qnasi
581 326 649 369 esse
672 309 865 390 participans,
878 302 932 368 sed
948 304 1034 388 quasi
1048 303 1153 390 ipsum

227 414 295 460 tasse
317 396 457 459 existens.
481 393 560 474 Quia
583 413 657 458 rero
679 413 747 458 asse
770 393 936 458 subsistens
965 413 1028 457 non
1053 407 1156 480 potest

229 505 296 548 esse
319 484 377 547 nisi
400 501 507 560 unum,
529 481 607 546 sieut
629 503 721 568 supra
757 483 896 547 lubitum
935 497 990 559 est,
1025 502 1157 547 neeesse

228 585 275 638 est
297 575 400 638 omnia
424 572 482 636 alia
505 591 586 658 quae
606 571 666 635 snb
690 571 755 656 ipso
778 584 850 635 erint
876 572 919 635 sie
953 591 1032 648 esee,
1067 572 1157 658 quasi

230 681 300 727 ease
323 661 542 747 participantia.
566 657 696 744 Oportet
720 661 811 744 igitur
833 678 1031 724 communem
1046 680 1160 744 quam·

228 752 300 815 dam
313 749 531 815 resolutionem
545 752 576 815 in
587 750 732 812 omnibus
751 748 927 834 hujusmodi
943 748 1019 825 fieri,
1041 767 1157 812 recun-

230 839 307 904 dum
329 839 413 923 qood
424 835 670 925 unumquodque
691 857 799 901 eorum
823 836 976 902 intellectu
993 836 1159 902 resoluitur

230 931 263 992 in
286 927 317 991 id
339 927 423 1012 qood
447 943 491 992 est
515 945 545 992 et
584 929 615 990 iu
649 945 739 990 suum
776 945 853 991 ease.
888 923 1017 1012 Oportet
1050 927 1156 1010 igitur,

231 1037 324 1104 rupra
348 1017 476 1080 modum
499 1015 592 1080 fiendi
616 1035 678 1101 qno
701 1015 815 1100 aliquid
829 1016 871 1093 tit,
888 1014 985 1078 forma
1005 1017 1157 1091 materiae

232 1105 426 1182 adveniente,
449 1103 695 1190 praeintelligere
718 1105 809 1168 aliam
843 1121 949 1168 rerum
989 1106 1156 1188 originem,

231 1192 403 1258 seeundum
426 1193 509 1278 quod
532 1213 600 1258 erse
624 1195 798 1258 attribuitur
821 1194 874 1256 toti
894 1191 1085 1256 universitati
1107 1212 1158 1257 re

228 1301 304 1348 rum
327 1283 569 1366 reprimente,
593 1282 676 1367 quoti
699 1298 744 1346 eet
767 1301 858 1346 soum
881 1301 961 1345 ease.

299 1370 425 1447 Rursus,
447 1370 480 1434 ln
504 1373 589 1436 omni
612 1389 774 1435 causarum
798 1371 917 1448 ordine,
951 1388 1079 1435 neeesse
1112 1384 1159 1434 est

232 1457 433 1524 universalem
456 1479 581 1524 eausam
623 1460 796 1546 particulari
830 1460 1046 1545 praeexistere
1083 1479 1158 1522 nam

230 1562 343 1613 trausae
363 1549 560 1633 particulares
582 1568 645 1612 nou
668 1562 773 1632 agunt,
796 1549 853 1612 nisi
877 1548 907 1610 in
926 1547 1158 1620 uniuersalium,

231 1655 396 1702 *causarum
420 1643 539 1702 uirtute.
562 1637 755 1702 Manifestum
779 1650 939 1701 astantem
955 1637 1038 1722 quod
1054 1637 1159 1700 omnis

146 1787 156 1806 ,
233 1743 323 1790 nauta
346 1744 401 1812 per
424 1741 542 1790 motum
566 1727 679 1812 aliquid
703 1724 1029 1812 saoiens'partieularis
1062 1745 1156 1790 eausa
1230 1799 1231 1802 Ἴ

231 1829 289 1894 est,
311 1816 404 1878 habet
422 1818 509 1879 enim
547 1816 770 1901 particularem¹
799 1815 960 1890 effeetumr
986 1826 1032 1878 est
1069 1816 1157 1878 enim
1230 1827 1231 1830 ’

231 1905 333 1968 omnis
356 1917 458 1968 motus
479 1923 517 1967 ex
540 1907 600 1969 iroe
623 1904 827 1968 determinato
850 1904 890 1967 in·
906 1901 981 1967 illud
1007 1901 1156 1966 determi-

231 2006 348 2068 natum,
369 1994 534 2079 omnisque
557 1996 685 2058 mutatio
708 2007 809 2058 motus
831 1993 990 2079 cuiusdam
1004 1996 1157 2057 terminus

229 2094 286 2147 est.
309 2079 438 2167 Oportet
461 2085 564 2166 igitur,
586 2102 680 2168 supro
705 2084 831 2147 modum
850 2082 943 2147 fiendi
960 2082 1156 2167 quoaiiquid

229 2171 265 2234 fit
287 2190 343 2256 per
364 2173 567 2237 mutationem
591 2171 638 2236 rel
651 2186 861 2248 motunr‚esae
874 2172 1156 2257 aliquenrmodom

230 2260 324 2323 liendi
348 2280 402 2324 seo
425 2259 577 2345 originem
603 2280 707 2325 rerum
731 2267 848 2346 eosque
872 2262 955 2325 omni
983 2260 1158 2325 mutatione

229 2349 278 2414 vel
301 2364 386 2420 motu
404 2368 466 2433 per
487 2349 678 2430 influentiam
702 2351 834 2414 essendi.

296 2437 383 2515 item,
405 2437 536 2521 Neaerae
558 2451 604 2502 est
628 2439 709 2524 quod
734 2454 788 2525 per
811 2438 953 2503 accidens
982 2450 1028 2503 est
1067 2438 1100 2503 in
1124 2438 1157 2502 id

229 2525 335 2591 reduci
360 2526 443 2612 quod
467 2546 522 2613 per
544 2548 578 2591 se
600 2540 656 2591 est.
696 2526 728 2590 in
766 2529 850 2591 omni
882 2541 986 2591 autem
1020 2525 1157 2591 fautione

230 2634 311 2701 quae
334 2616 367 2680 iit
390 2631 584 2703 permotum
609 2616 657 2680 vel
680 2618 880 2680 mutationem
896 2616 929 2681 fit
942 2615 1066 2701 quidem
1094 2616 1156 2680 hoc

231 2704 280 2769 vei
304 2704 379 2769 tund
401 2725 457 2769 ens
479 2723 534 2790 per
554 2726 599 2780 se;
623 2722 678 2768 ens
701 2719 805 2769 autem
838 2705 1045 2769 communiter
1066 2722 1157 2787 sum·

228 2806 318 2898 ptum
342 2813 398 2879 per
419 2793 561 2859 aeeidens
584 2794 629 2871 iit3
650 2812 714 2857 non
738 2795 819 2857 enirn
840 2793 877 2860 ¹iit
900 2812 937 2857 ex
971 2812 1033 2858 non
1070 2806 1156 2871 ente,

231 2883 286 2945 eeu
309 2902 346 2946 ex
369 2900 431 2945 non
454 2896 525 2945 ente
549 2883 618 2946 hoe:
642 2895 685 2959 ut,
708 2883 743 2947 si'
757 2881 841 2945 oanis
864 2902 902 2945 ex
925 2902 1006 2967 equo
1027 2881 1079 2946 fiat
1103 2886 1154 2956 (ut

231 2971 400 3035 Aristotelis
420 2972 563 3055 exemplo
586 2975 734 3055 utamur),
757 2970 790 3035 ut
813 2972 937 3055 quidem
973 2972 1059 3035 oanis
1096 2990 1155 3055 per

229 3078 274 3134 ee,
296 3080 358 3123 non
382 3072 484 3123 autern
507 3064 541 3123 tit
564 3060 678 3123 animai
702 3058 897 3147 perterreri
920 3078 976 3145 per
998 3058 1152 3139 accidens,

164 3147 167 3151 ’
191 3155 197 3169 “
227 3151 299 3233 quio
313 3146 504 3213 animaierat
521 3150 614 3234 prino.
634 3145 760 3235 Oportet
772 3148 862 3233 igitur
873 3150 1025 3233 originem
1036 3168 1151 3233 quama

226 3237 299 3299 dam
321 3239 351 3301 in
375 3238 469 3302 rebus
491 3238 690 3315 considerari,
711 3237 883 3301 seeundum
915 3256 1010 3323 qnam
1045 3240 1150 3323 ipttttm

224 3344 301 3401 ease,
322 3325 530 3389 eommuniter
551 3338 720 3411 sumptum,
733 3345 788 3412 per
810 3346 843 3391 se
855 3327 1030 3391 attribuitur
1042 3326 1150 3407 rebus,

224 3412 307 3496 quot
329 3433 455 3477 omnem
478 3416 678 3478 mutationem
698 3428 732 3477 et
755 3427 873 3479 motum
896 3415 1099 3479 transcendat.
1142 3440 1146 3457 ·

289 3501 407 3579 Adhuc,
430 3502 461 3565 Si
485 3503 552 3585 quis
575 3501 715 3567 ordinem
739 3522 843 3576 rerum
867 3503 1040 3571 considerat
1062 3518 1149 3569 rem-
