2484 3975
339 213 377 258 nn
400 211 513 259 urruns
536 213 624 259 rnatu
648 211 840 258 rurntcacrus
985 190 1049 256 595

126 299 245 360 sensus,
268 301 331 348 non
354 283 476 348 ducitur
499 284 672 370 peripsam
708 282 739 345 iu
763 303 829 347 rcur
864 293 897 345 ut
935 295 981 344 εει
1016 285 1047 344 ιιι

125 370 174 434 sui
196 382 316 451 natura,
339 371 393 436 sed
417 383 450 437 ut
473 373 503 436 iu
525 392 559 438 se
582 385 636 449 εει,
660 370 732 455 quia
756 370 821 457 ipse
855 368 926 434 lacit
961 371 991 433 in
1014 389 1049 432 εε

126 455 283 543 objectum
307 460 390 546 quod
413 473 459 526 est
491 460 523 524 in
557 481 595 525 en
634 459 822 525 intellectum
862 456 1047 542 (objectum

125 559 229 612 autern
253 548 433 613 naturaliter
455 550 539 636 priua
563 562 609 614 εει
631 548 752 612 actione
789 547 943 634 potentiae
967 547 1047 612 circa

124 632 279 719 objectum
295 641 321 726 ),
344 636 414 703 iden
436 637 576 718 verbum,
599 635 683 725 quud
707 651 752 702 εει
774 636 854 701 intra
877 636 979 722 ipsum
1003 634 1048 698 in-

124 724 291 804 tellectum,
315 729 397 811 prius
420 739 466 791 est
488 726 555 814 ipso
578 725 751 810 intelligere
774 725 813 789 ad
848 725 948 811 ipsunt
988 737 1047 788 ter-

123 813 251 878 minato.
274 813 362 879 Aliud
386 815 469 879 enim
493 828 538 880 εει
562 815 621 880 Ιιοε
643 833 736 901 aquo
759 813 1047 899 accipiturspecies,

123 899 240 967 scilicet
263 923 312 968 res
335 904 410 992 ipsa,
433 917 462 968 et
485 904 569 970 aliud
592 904 631 969 ad
654 903 737 989 quod
762 904 943 967 terminatur
966 903 1046 966 autin

124 990 305 1070 intellectus,
330 991 443 1058 scilicet
465 994 634 1060 similitudo
658 993 701 1058 rei
730 990 860 1058 formata
888 989 927 1055 ab
955 991 1045 1055 intel·

122 1079 217 1144 lectu.

187 1167 231 1234 Ex
254 1167 341 1234 dictis
365 1168 559 1252 manifestum
598 1183 644 1236 εει
677 1167 837 1257 quomodo
876 1166 1044 1232 attenditur

122 1257 264 1340 prioritas
287 1259 378 1322 unius
401 1276 508 1324 eorum
533 1260 571 1324 ad
596 1260 736 1324 alterurn.
761 1256 848 1322 Prius
882 1257 965 1321 euim
990 1276 1044 1319 ua·

122 1359 188 1409 tura
212 1361 258 1411 εει
279 1346 449 1413 intellectus
473 1347 655 1414 informatus
678 1348 792 1433 specie,
806 1363 887 1432 quae
913 1358 959 1410 εει
982 1345 1043 1431 pri·

120 1453 208 1499 mum
231 1433 384 1500 sufficiens
406 1435 607 1521 intelligendi,
624 1455 718 1524 quam
742 1437 885 1520 gignatur
901 1432 1043 1512 rcrbuur3

120 1535 151 1586 et
174 1523 244 1587 iden
267 1524 436 1609 intelligere
459 1526 489 1590 iu
513 1526 615 1591 radice
640 1526 723 1613 prius
746 1539 793 1589 εει
805 1524 911 1599 verbo,
933 1535 963 1586 et
976 1541 1044 1586 ver·

120 1610 196 1676 bum
219 1625 264 1676 est
297 1615 446 1678 terminus
482 1615 610 1680 actionis
644 1613 828 1679 intellectus.
862 1611 934 1689 Sed,
969 1612 1040 1696 quia
1095 1665 1097 1669 .

119 1698 273 1784 objectum
298 1721 359 1766 nou
384 1702 514 1767 habetur
536 1703 593 1768 uisi
617 1703 648 1767 in
672 1701 778 1776 verbu,
803 1714 835 1767 ut
850 1700 966 1764 dictum
983 1715 1042 1778 εει,

119 1787 274 1875 objectum
298 1805 400 1860 autem
425 1792 508 1877 prius
532 1807 577 1856 est
599 1811 691 1878 quarn
715 1789 869 1876 quaelibet
898 1788 977 1853 actio
1000 1791 1038 1851 ad

118 1897 197 1942 euru-
215 1880 386 1956 terminata,
409 1880 479 1946 iden
502 1880 631 1945 verbum
655 1881 739 1966 prius
762 1892 808 1943 εει
830 1897 923 1964 quarn
951 1876 1040 1943 iutel-

117 1965 223 2051 ligere:
246 1982 275 2033 ct
299 1967 358 2034 unc
380 1982 480 2034 tntum
502 1969 572 2035 ideo
595 1969 744 2054 contingit
773 1968 843 2055 quia
880 1985 945 2031 nun
980 1979 1038 2031 ter-

117 2058 252 2121 minatur
275 2058 353 2122 actio
376 2058 547 2124 intellectus
570 2058 608 2123 ad
632 2079 698 2124 reru
722 2074 857 2133 extrue
895 2076 955 2142 qua
989 2076 1039 2119 ac-

117 2146 209 2230 quirit
232 2147 366 2231 speciem
390 2149 476 2211 utin
499 2168 532 2213 ee
556 2148 660 2225 est;si
699 2150 782 2211 cuitu
815 2145 934 2233 species
967 2160 1037 2208 nata

116 2247 198 2299 essct
221 2234 333 2299 ducere
357 2236 543 2301 intellectum
568 2237 607 2300 ad
630 2258 695 2299 reru
720 2249 754 2301 ut
791 2231 820 2299 iu
843 2254 878 2299 ac
913 2246 971 2310 cst,
1006 2248 1038 2297 ιιι

49 2381 51 2389 .
115 2323 233 2407 species
256 2322 367 2389 coloris
391 2325 473 2389 ducit
499 2324 531 2389 in
568 2324 716 2401 colorent,
754 2323 899 2388 omuibus
937 2321 1036 2385 uacdia

116 2415 314 2497 praecederet
339 2412 508 2497 intelligere
539 2413 678 2478 terbum.
716 2412 802 2477 Unde
839 2410 1035 2475 manifestum

116 2502 268 2586 estquod
292 2502 420 2567 uerbum
445 2522 505 2566 nou
529 2517 573 2567 εει
597 2501 680 2589 quod
695 2504 834 2588 sequitur
846 2498 1034 2565 intellectum

116 2591 385 2677 immediatepust
407 2591 557 2655 rationem
581 2590 765 2669 intellectus,
787 2586 831 2654 sic
852 2590 935 2653 eniur
958 2589 1035 2652 siur-

115 2676 233 2763 pliciter
255 2680 452 2764 praecederet
476 2680 604 2745 verbum
639 2693 740 2743 actum
775 2677 958 2749 intellectus,
981 2681 1033 2763 qui

114 2778 159 2831 εει
181 2768 366 2852 iutelligerc3
391 2769 445 2833 sed
468 2768 598 2833 verbum
624 2771 764 2853 sequitur
787 2768 964 2833 immediate
987 2788 1033 2829 ru·

113 2854 267 2921 tellectum
291 2878 321 2920 ur
346 2871 414 2923 actu
439 2876 494 2944 per
516 2860 661 2942 speciem,
685 2879 702 2921 a
725 2876 785 2943 qua
811 2854 949 2943 procedit
965 2874 1032 2918 ver-

112 2944 187 3009 bum
211 2960 242 3009 ut
270 2962 356 3011 actus
380 2966 416 3011 ex
440 2960 508 3010 actu
532 2958 563 3009 ει
587 2966 648 3011 ιιοιι
673 2961 705 3010 ut
728 2962 862 3010 actusex
886 2945 1031 3029 petentia,

111 3034 194 3097 unde
218 3036 344 3099 terbum
369 3036 520 3121 posterius
543 3050 589 3099 est
611 3048 681 3099 actu
704 3034 895 3117 intelligenda
912 3052 929 3095 a
946 3049 1031 3117 parte

111 3122 292 3201 iutellectus3
315 3127 411 3190 etsie
448 3126 576 3189 terbum
611 3124 751 3209 sequitur
785 3125 824 3187 ad
860 3121 1030 3204 intelligere
1122 3151 1129 3164 ·

111 3230 172 3275 nnn
198 3213 228 3277 iu
252 3232 295 3291 sc,
318 3213 372 3277 sed
396 3215 426 3277 in
450 3234 504 3278 sua
529 3212 641 3290 radice,
665 3228 697 3277 ut
713 3211 897 3277 dictumest.
912 3209 944 3272 si
958 3230 1028 3276 reru

109 3300 281 3367 iutellectus
304 3321 321 3365 a
345 3303 441 3367 verbo
464 3303 615 3385 acciperet
638 3302 773 3387 speciem
812 3301 895 3386 priua
933 3317 1027 3382 quarn

109 3389 291 3474 intelligeret
314 3392 413 3477 ipsum
438 3390 566 3455 terbum
590 3404 620 3454 et
643 3410 708 3454 rern
733 3391 764 3454 iu
787 3388 893 3468 uerbo,
915 3388 1028 3472 impus-

109 3477 197 3543 sibilc
219 3478 298 3544 lorct
321 3498 376 3565 per
397 3478 473 3544 illud
496 3478 667 3563 intelligere
684 3478 730 3546 tel
747 3478 876 3547 terbum
891 3477 1027 3544 lnrurarc

154 3566 184 3633 S.
214 3566 267 3635 tu.
292 3566 438 3637 Summae
461 3568 542 3635 Phil.
565 3568 599 3637 ll.
624 3569 654 3635 5.
937 3566 979 3632 59
1039 3627 1042 3631 Δ
