2484 3975
414 249 698 297 mmmm
957 231 1016 298 W

13 348 18 389 r
99 318 189 385 Unde
211 318 421 385 necessarium
445 321 501 386 fuit
540 322 671 400 homini,
705 319 743 386 ed
783 320 843 386 hoc
885 322 968 407 quod
993 325 1023 388 in

14 444 17 483 ι
100 411 211 474 virtute
234 408 420 489 firmaretur,
442 409 526 496 quod
551 409 651 474 oDeo
668 411 837 475 humaneto
850 410 1021 476 doctrinam

13 533 16 561 ι
99 513 130 562 et
150 497 292 584 exemplu
316 499 436 562 virtutis
474 498 639 585 reciperen
675 514 801 584 propter
835 501 917 586 quod
957 500 1022 585 ipsc

64 597 67 603 '
97 587 251 651 Dominus
270 585 353 650 dicit:
376 585 561 670 Exemplum
583 589 657 651 dedi
678 587 775 665 uobis,
805 599 838 652 ut
876 589 1022 673 quemod-

14 716 15 753 3
97 677 285 761 modumepo
294 675 353 758 [eei
364 675 460 752 uobis,
471 678 516 738 ito
529 688 560 741 et
571 696 624 740 uos
638 676 773 760 (edatis,
788 676 889 755 donn,
903 678 955 752 id,
970 677 1020 742 tt.

14 822 15 841 ξ
164 765 251 842 item,
275 765 360 830 Sicut
397 764 560 830 virtutibus
594 766 689 830 homo
725 766 763 829 od
799 766 1021 830 beatitudinem

96 852 281 939 disponitur,
303 853 344 916 ite
366 867 397 916 et
420 855 553 940 peccetis
576 854 753 939 impeditur.
777 854 940 920 Peccatum
964 876 1022 930 nu:

98 956 173 1020 tem,
197 942 298 1006 virtuti
321 945 522 1020 contrarium,
545 942 800 1028 impedimentum
836 943 924 1008 oiiert
947 943 1020 1008 beu·¹

97 1031 231 1108 titudini‚
254 1050 317 1094 non
340 1031 440 1095 soium
465 1031 725 1096 inordinationem
764 1031 930 1118 quemdum
955 1032 1021 1096 eni·

98 1139 169 1183 mee
203 1119 360 1194 inducens,
397 1118 570 1185 secundum
606 1121 689 1206 quod
725 1141 794 1184 enm
834 1121 872 1184 eb
911 1119 1020 1186 ordine

99 1206 193 1272 debiti
217 1209 285 1272 tinis
307 1208 445 1286 obducit,
464 1207 520 1272 sed
551 1210 644 1276 etiarn
683 1210 783 1274 Deum
819 1209 978 1274 offendens
1002 1232 1020 1275 o

97 1313 161 1381 quo
183 1297 379 1361 beatitudinis
408 1298 582 1384 proemium
623 1312 810 1384 expectetur,
847 1299 1018 1362 seeundum

96 1385 179 1470 quod
203 1384 286 1450 Deus
309 1387 516 1450 humanorum
539 1399 664 1450 actuum
704 1407 809 1452 eurem
849 1387 953 1457 trebes
988 1399 1018 1451 et

94 1487 256 1560 peecatum
279 1475 467 1540 contrarium
484 1487 530 1539 est
542 1475 683 1540 charitati
697 1474 828 1553 divinoe,
846 1491 879 1539 ut
898 1474 1019 1562 plenius

94 1577 253 1627 ostensum
277 1576 325 1628 est
359 1564 404 1646 (i.
429 1564 460 1642 3,
482 1583 509 1628 c.
542 1564 643 1649 idd);
682 1577 711 1628 et
751 1566 884 1650 insuper,
926 1563 1018 1648 hujus

94 1651 230 1716 offensae
253 1651 349 1716 homo
371 1653 592 1716 conscientiam
618 1652 748 1732 itabens,
778 1673 833 1739 per
853 1667 1016 1738 peccatum

93 1739 239 1804 fiduciam
264 1737 429 1804 accedendi
453 1742 493 1804 od
516 1740 617 1806 Deum
643 1743 762 1817 emittit,
798 1762 877 1826 quoe
912 1760 1018 1806 neees-

93 1831 175 1892 sarie
199 1842 246 1894 est
268 1829 307 1893 od
331 1829 555 1894 beatitudinem
577 1831 840 1916 consequendum.
871 1829 1017 1894 Necesse-

92 1917 176 1982 rium
200 1931 246 1981 est
268 1916 361 2003 igitur
383 1919 522 1984 irumouo
551 1921 670 2004 genteri,
709 1921 792 2006 qnod
832 1920 963 2005 peccetis
986 1939 1018 1982 a·

92 2006 223 2085 nuntiet,
247 2022 279 2071 ut
301 2010 328 2072 ei
353 2009 528 2072 remedium
550 2009 676 2095 aliquod
705 2010 887 2075 adhibentur
910 2023 1015 2073 contre

91 2108 229 2181 peccato.
252 2096 317 2161 Hoc
339 2112 442 2161 autern
467 2099 641 2161 remedium
666 2098 805 2163 adhiberi
831 2117 892 2161 non
918 2110 1017 2182 potest

89 2185 152 2248 nisi
175 2205 231 2270 per
253 2184 366 2262 Deum,
389 2187 441 2271 qui
465 2199 495 2249 et
518 2186 707 2253 roiuutntem
742 2188 876 2251 hominis
890 2205 1016 2250 movere

88 2286 193 2359 potest
218 2276 248 2338 in
273 2274 388 2338 tonum
414 2290 446 2338 ut
468 2294 539 2339 enm
563 2275 602 2338 ad
641 2276 779 2343 debitum
804 2274 943 2340 ordinem
969 2294 1014 2337 re·

89 2362 195 2442 ducet,
217 2376 247 2427 et
270 2362 416 2427 offensam
434 2364 465 2426 in
477 2384 512 2428 se
523 2365 722 2429 commissam
735 2377 835 2452 potest
849 2365 1016 2439 remitterer

90 2450 303 2516 offensoenitu
325 2470 389 2515 nou
413 2454 580 2517 remittitur
604 2454 660 2517 nisi
683 2468 741 2539 'per
770 2473 841 2516 eum
866 2453 896 2515 in
921 2470 1017 2536 quem·

89 2538 208 2604 offensu
221 2541 430 2605 committitur.
445 2540 490 2604 to
507 2540 566 2605 iton
578 2555 681 2605 notem
701 2544 784 2627 qunti
798 2542 892 2605 horno
910 2564 927 2603 e
942 2560 1014 2603 eon·
1038 2595 1041 2605 ,

89 2627 357 2693 scientinoiiensoe
375 2630 557 2714 prseteritos
568 2627 724 2708 liberetur,
736 2643 856 2716 oportet
865 2627 947 2712 quod
955 2628 1014 2692 sibi

88 2716 131 2781 de
143 2718 324 2787 remissione
345 2719 481 2782 oiieusse
503 2738 558 2804 per
570 2717 673 2781 iteum
689 2731 817 2783 constet.
830 2716 897 2781 Nou
910 2730 1013 2781 eutem

90 2825 149 2891 per
170 2806 385 2871 certitudinem
409 2807 438 2869 ei
463 2820 603 2871 constare
627 2820 737 2893 potest,
760 2806 817 2871 nisi
842 2826 858 2870 n
882 2803 951 2869 Deo
974 2806 1015 2870 de

86 2893 150 2958 hoo
171 2895 364 2959 certificetur.
388 2895 580 2959 Conveniens
604 2896 696 2979 igitur
718 2894 775 2959 init
811 2906 841 2957 et
876 2894 1014 2959 humano

87 2985 195 3065 generi
220 2984 259 3048 ed
298 2983 520 3049 beatitudinem
558 2982 809 3069 consequendam
846 2984 1013 3067 expediens

87 3072 171 3156 quod
195 3072 281 3137 Deus
304 3074 391 3137 tieret
413 3072 520 3150 homo,
540 3086 574 3137 ut
596 3072 641 3136 sio
657 3086 689 3137 et
709 3070 923 3137 remissionem
941 3090 1012 3156 pec·

86 3173 227 3226 catorum
251 3174 492 3246 consequeretur
516 3181 571 3246 per
596 3160 700 3225 Deum
723 3174 753 3225 et
787 3160 880 3243 irujus
903 3160 1012 3223 rentiu-

86 3250 182 3315 sionis
205 3249 420 3316 certitudinem
444 3247 573 3314 heberet
607 3268 662 3335 per
701 3248 860 3314 hominem
899 3246 1011 3313 Deum.

86 3334 175 3404 Unde
198 3355 226 3404 et
252 3340 317 3426 ipse
340 3337 493 3402 Dominus
516 3336 598 3401 dicit:
628 3338 667 3401 tte
688 3350 791 3403 nutem
815 3336 922 3399 scintis
938 3338 1013 3419 quio
1069 3372 1073 3378 ·

85 3424 186 3493 Filius
208 3428 340 3493 hominis
362 3424 454 3491 dubet
472 3438 656 3509 potestatem
678 3427 710 3490 in
736 3438 820 3491 terro
832 3425 1009 3488 dimittendi

79 3527 211 3597 prorata
233 3529 289 3584 cte.
313 3516 430 3596 Mettis„
452 3514 484 3596 9,
508 3515 539 3595 6;
562 3531 592 3582 et
615 3516 778 3605 Apostolus
817 3514 889 3579 dicit
924 3515 1008 3600 quod
