2484 3975
424 237 480 283 nra.
505 236 543 285 tv.
566 237 631 287 cer.
650 232 767 281 csrxru.
991 218 1054 283 'o'li

137 302 341 383 necationem,
364 323 436 373 cum
460 306 601 373 homines
635 302 907 390 incorruptibiliter
928 303 989 371 sint
1013 309 1059 373 vi-

137 392 227 459 cturi.
251 392 395 479 Sequitur
418 394 509 477 igitur
530 394 614 479 quod
638 391 765 456 intentio
800 406 928 466 naturae
961 412 1057 478 gene·
1106 440 1120 461 ,

137 482 234 547 rantis
256 481 295 547 sit
317 481 355 548 sd
379 481 542 560 inlinitums
555 481 697 569 quodest
712 480 912 566 impossibile.
937 480 967 547 Si
981 503 1057 551 vero

137 591 202 635 riou
214 589 337 657 semper
354 571 557 655 generabunt,
567 570 668 639 sedad
680 568 804 655 aliquod
817 569 1057 643 determinatum

135 672 270 744 ternpus,
293 674 361 745 post
387 658 461 725 illud
485 660 576 743 igitur
600 674 720 745 tompus
757 678 822 726 non
853 659 1061 743 generabunt}

134 760 325 832 querceta
350 747 500 835 principie
517 748 575 814 boc
598 750 643 814 eis
680 746 909 817 attribuendum
942 762 989 817 est
1023 764 1057 817 ut

133 836 274 901 venereis
298 856 360 901 neu
386 850 510 904 utantur
532 857 590 907 nec
614 847 775 923 generent.
946 834 949 842 '
1053 879 1056 884 <

203 924 234 989 Si
257 925 324 1009 quis
355 938 457 994 autem
481 924 561 991 dicat
584 924 668 1011 quod
691 925 721 987 in
745 924 975 1007 resurgentibus
998 928 1057 1000 erit

134 1030 209 1083 utus
232 1013 371 1081 ciborum
394 1027 425 1079 et
449 1032 664 1091 venerearum,
687 1032 750 1080 non
774 1027 898 1098 propter
932 1034 1056 1084 conser-

135 1106 291 1170 vationem
316 1100 362 1167 vel
386 1116 589 1187 augmentum
604 1102 757 1186 eorporis,
778 1120 879 1186 neque
895 1120 1057 1170 conserva-

135 1190 253 1257 tiouem
277 1191 389 1276 speciei
413 1190 460 1255 vel
485 1190 770 1277 multiplicationem
793 1189 967 1269 homiuum,
999 1193 1057 1262 sed

134 1293 263 1365 propter
285 1279 382 1348 solem
412 1279 647 1349 delectationem
685 1297 763 1364 quae
787 1277 818 1341 in
856 1278 903 1348 itis
938 1281 1057 1350 actibus

132 1368 245 1446 existit,
270 1389 309 1432 nc
347 1370 459 1455 aliqua¹
482 1368 645 1436 delectatio
669 1365 845 1437 hominibus
881 1369 912 1437 in
948 1368 1056 1438 ultima

132 1456 391 1525 remuneratione
407 1456 495 1528 desit.
519 1471 599 1545 patet
612 1455 737 1543 quidem
756 1454 963 1541 multipliciter
979 1458 1056 1527 bace

133 1545 388 1614 inconvenienter
413 1544 488 1613 dici:
1025 1587 1029 1597 ι

200 1634 304 1701 Primo
328 1634 463 1720 quidem,
486 1634 557 1719 quia
583 1634 642 1700 vita
684 1632 911 1715 resurgentium
933 1633 1056 1706 ordine-

133 1722 195 1789 tior
209 1722 267 1789 erit
288 1743 382 1808 quem
406 1724 465 1787 vita
489 1736 603 1797 nostra,
629 1735 661 1787 ut
684 1720 916 1805 supradictum
940 1738 996 1790 est.
1019 1723 1053 1789 lo

133 1811 195 1877 heu
217 1824 319 1880 cutem
345 1811 415 1888 vitu,
439 1810 648 1881 inordinatum
673 1823 702 1880 et
716 1809 860 1877 vitiosum
876 1824 923 1876 est
945 1811 1057 1897 siquis

130 1898 211 1966 cibis
233 1912 263 1966 et
287 1900 424 1971 venereis
437 1912 539 1966 rttstur
552 1912 677 1985 prepter
694 1897 791 1963 solam
808 1896 1056 1976 delectationem,

131 2001 165 2056 et
188 2009 249 2053 uon
278 2003 404 2076 propter
440 1990 653 2058 necessitatem
687 1986 880 2056 sustentandi
917 1991 1055 2076 corporis

132 2076 183 2142 vel
207 2077 301 2163 prolis
323 2077 513 2146 educandae.
543 2077 578 2143 Et
615 2077 676 2144 hoc
712 2075 944 2156 rationabiliter;
981 2099 1055 2150 neni

130 2165 351 2236 delectationes
388 2186 467 2252 quac
500 2179 571 2232 sunt
606 2165 636 2230 in
672 2165 847 2251 praemissis
881 2166 1055 2236 sationibus

133 2273 198 2320 nou
222 2268 294 2322 suut
316 2255 395 2326 fines
417 2255 584 2330 actionum,
616 2255 671 2322 sed
711 2254 807 2337 tnagis
841 2273 858 2319 e
891 2275 1058 2333 converso;

133 2357 245 2409 nutura
269 2345 362 2414 euimv
377 2344 415 2410 ad
440 2345 499 2411 hoe
522 2343 673 2412 ordinavit
689 2340 907 2412 delectationes
937 2345 967 2408 in
990 2343 1056 2413 istis

133 2431 254 2496 actibus
278 2453 317 2498 ue
340 2431 482 2513 animalia
507 2446 632 2518 propter
654 2431 792 2496 laborem
817 2431 856 2502 ab
894 2431 957 2500 istis
980 2433 1057 2502 ecti-

136 2520 197 2586 bus
220 2521 401 2588 neeessariis
424 2535 551 2589 naturae
590 2519 781 2594 desisteretis
817 2518 900 2602 quod
935 2522 1055 2589 coutin-

133 2621 222 2692 geret
246 2610 304 2677 nisi
328 2610 530 2677 delectatione
554 2621 802 2694 provocarentur.
818 2607 868 2674 Est
890 2627 964 2692 ergo
977 2610 1055 2676 ordo

88 2707 90 2712 '
132 2712 352 2784 praeposterus
375 2712 406 2762 et
428 2698 573 2766 indecens
586 2696 610 2762 si
629 2697 822 2780 operationes
838 2698 1056 2781 proptersolas

132 2784 354 2858 delectationes
370 2801 578 2858 exerceantur.
596 2785 687 2852 Nullo
711 2785 802 2868 igitur
825 2784 918 2854 metio
942 2786 1001 2856 boc
1023 2787 1072 2854 in·

131 2877 365 2957 resurgentibus
379 2877 591 2962 erit‚.quorum
608 2874 667 2940 vita
680 2872 902 2941 ordinatissime
920 2874 1060 2960 punitum

201 2963 324 3044 Adime,-
341 2963 408 3031 Vita
431 2963 658 3048 resurgentium
672 2962 709 3026 ad
723 2960 973 3044 consequendam
987 2984 1055 3048 per-

132 3049 245 3116 lectam
270 3053 489 3120 beatitudinem
512 3051 681 3117 ordinatur.
706 3047 1055 3139 Persectaautembea·

131 3139 232 3206 titudo
255 3153 285 3206 et
307 3140 433 3210 felicitas
468 3141 601 3207 bominis
624 3159 687 3205 non
710 3135 846 3203 consistit
868 3135 899 3204 in
923 3137 1056 3205 delecta-

130 3227 267 3293 tionibus
291 3228 512 3316 corporalibus,
535 3247 614 3313 quae
637 3240 708 3295 sunt
731 3223 950 3292 delectationes
972 3228 1055 3295 cibo

115 3335 208 3400 ruta
227 3331 258 3384 et
281 3337 495 3392 venereorum‚
519 3331 551 3381 ut
574 3327 733 3385 ostensum
757 3327 802 3381 est
818 3315 831 3395 l
845 3313 866 3379 l.
888 3315 919 3392 5,
932 3335 958 3380 e.
972 3316 1014 3383 tt
1032 3322 1055 3400 ).

132 3401 202 3469 Nou
226 3405 319 3488 igitur
341 3417 462 3492 oportet
484 3423 600 3492 ponere
624 3405 655 3468 in
680 3403 739 3468 vite
755 3404 982 3488 resurgentium
998 3405 1059 3472 hu·

128 3491 269 3579 jusmodi
292 3494 510 3561 delectationes
535 3511 611 3560 esse.
