2484 3975
220 231 287 300 486
594 255 764 300 oruscununt
1225 1 1231 314 1

219 325 266 388 nis
290 321 336 388 rel
360 335 471 389 motus.
495 322 528 388 ln
565 323 613 390 bis
651 338 753 390 autem
792 342 872 407 quae
908 321 985 388 liunt
1023 321 1149 408 absque

219 412 389 479 mutatione
411 412 459 477 vel
482 424 567 478 motu
607 433 662 499 per
699 411 869 499 simplicem
910 413 1147 476 emanationem

218 520 274 567 seu
297 501 460 579 indultum,
482 514 582 588 potest
604 499 732 586 intelligi
769 499 884 587 sliquitl
922 521 989 565 esse
1026 499 1145 564 lactum

219 587 342 674 praeter
364 590 529 675 hocquod
567 591 756 678 quandoque
787 609 851 654 non
886 587 987 664 lucris
1021 588 1145 653 sublata

218 677 302 742 eninr
325 679 495 743 mutatione
519 679 566 743 uel
590 692 688 758 motu,
712 699 776 744 nou
797 677 950 744 inuenitur
974 677 1146 741 inustione

218 765 374 832 induentis
397 766 537 852 principii
559 768 670 854 prioris
698 781 728 833 et
765 766 945 851 posterioris
977 765 1145 832 successio.

111 860 114 869 “
219 853 307 919 Unde
329 875 455 920 necesse
477 869 524 920 est
546 868 579 920 ut
602 855 647 921 sic
669 875 702 922 se
724 856 837 920 babeat
872 855 995 920 effectus
1017 874 1074 940 per
1096 855 1146 918 in-

220 943 337 1009 lluxum
359 957 500 1009 causatus
523 944 562 1008 ad
599 965 725 1010 causum
763 944 956 1020 influente-m,
992 941 1146 1030 quamdiu

220 1032 292 1116 agit,
314 1031 392 1098 sicut
425 1033 456 1097 in
480 1032 573 1098 rebus
595 1054 677 1120 quae
699 1052 755 1119 per
777 1048 896 1100 motum
920 1031 996 1097 fiunt
1030 1051 1064 1096 re
1088 1031 1144 1096 bo-

220 1120 272 1186 bet
294 1121 419 1186 effectus
441 1121 479 1186 ad
501 1141 626 1187 causam
644 1134 797 1208 agentem,
811 1121 987 1188 intermino
1013 1120 1146 1186 sotionis

218 1229 290 1274 cum
312 1224 398 1274 motu
422 1211 585 1287 existentis
610 1224 683 1277 tunc
705 1224 809 1276 autem
840 1211 964 1277 elluatus
994 1208 1058 1293 jum
1084 1221 1143 1274 est.

217 1297 349 1362 Necesse
371 1312 416 1362 est
451 1299 544 1384 igitur
580 1302 668 1365 utin
707 1299 754 1363 bis
788 1320 868 1386 quae
902 1299 1019 1384 absque
1053 1310 1143 1362 motu

216 1385 295 1451 liunt
328 1387 420 1452 simul
443 1408 513 1452 cum
544 1389 662 1473 agentis
696 1387 813 1454 inlluxu
851 1388 888 1454 sit
913 1389 976 1474 ipse
1014 1386 1145 1452 effectus

215 1474 391 1562 productus.
416 1475 448 1540 Si
470 1490 572 1541 autem
597 1478 676 1542 actio
699 1475 854 1541 influentis
876 1478 942 1540 sine
960 1487 1052 1564 motu
1089 1494 1143 1540 ex·

216 1564 319 1642 titerit,
343 1585 405 1628 non
428 1565 545 1630 accedit
567 1567 670 1650 agenti
694 1565 856 1652 dispositio
878 1578 910 1630 ut
941 1562 1144 1647 postmodum

217 1654 313 1740 possit
335 1673 437 1738 agere,
459 1656 626 1740 eumprius
642 1675 704 1719 non
727 1655 871 1740 potuerit,
893 1655 963 1737 quia
983 1653 1048 1738 jam
1064 1651 1146 1718 baec

218 1741 345 1806 mutatio
368 1741 518 1829 quaedam
542 1755 630 1809 esset.
655 1743 757 1808 Potuit
779 1743 870 1828 igitur
891 1761 1014 1824 semper
1045 1759 1144 1823 agere

216 1830 385 1907 inlluend03
409 1830 492 1895 unde
514 1844 544 1895 et
566 1831 691 1897 ellectus
715 1832 880 1916 productus
893 1829 1020 1914 intelligi
1038 1843 1142 1914 potest

216 1938 340 2005 semper
362 1919 465 1984 luisse.
489 1920 523 1984 tu
547 1920 607 1984 boc
644 1921 769 2007 quidem
808 1919 979 2006 aliqualiter
1011 1930 1143 2005 apparet

216 2010 247 2073 in
271 2009 481 2094 corporalibus
503 2009 607 2085 rebus
630 2010 668 2075 ad
692 2011 894 2097 praesentiam
917 2009 1001 2071 enim
1024 2026 1139 2093 corpo-

216 2098 257 2161 ris
279 2096 481 2163 illuminantis
514 2098 694 2183 producitur
715 2098 820 2163 lumen
859 2099 889 2162 in
914 2116 986 2161 aere
1021 2095 1142 2183 absque

173 2238 176 2242 .
216 2186 317 2272 aliqua
344 2187 423 2251 aseris
459 2189 711 2253 transmutatione
746 2182 958 2273 praecedente
997 2184 1091 2260 unde,
1114 2186 1141 2250 si

215 2296 326 2363 corpus
349 2275 526 2341 illuminans
549 2276 612 2341 acri
625 2296 770 2363 praesens
791 2295 913 2358 semper
929 2272 1046 2350 luisset,
1056 2292 1142 2339 sem-

215 2384 272 2450 per
294 2364 333 2430 ab
356 2360 422 2449 ipso
446 2363 626 2429 aer'lumen
653 2366 788 2429 baberet.
813 2364 874 2427 Sed
891 2363 1066 2447 expressive
1078 2363 1141 2426 boe

213 2454 335 2518 uidetur
358 2456 387 2517 in
411 2453 667 2518 intellectualibus
692 2454 794 2528 rebus,
830 2472 910 2537 quae
943 2466 1014 2515 sunt
1039 2452 1141 2534 magis

214 2556 351 2607 remotae
374 2563 391 2605 a
414 2555 510 2606 motu:
523 2554 568 2605 ert
579 2544 662 2606 enim
677 2542 899 2629 principiorum
916 2539 1027 2605 veritas
1044 2560 1139 2603 causa

214 2632 348 2696 ueritatis
371 2634 403 2694 in
425 2630 676 2695 conclusionibus
699 2651 823 2716 semper
846 2629 935 2694 teris:
958 2640 1029 2693 sunt
1052 2628 1139 2691 enim

212 2719 364 2807 quaedam
388 2716 557 2783 necessaria
581 2740 660 2805 quae
683 2740 807 2785 causum
834 2738 909 2782 suae
947 2715 1139 2781 necessitatis

212 2808 338 2882 habent,
361 2820 392 2871 ut
415 2806 507 2872 etiam
547 2808 719 2873 Aristoteles
754 2808 826 2873 dicit
859 2805 1080 2893 (Metapbys.‚
1105 2805 1140 2879 b,

211 2913 241 2964 et
265 2896 396 2981 Physic,
419 2897 474 2981 i).

277 2985 344 3050 Non
367 3005 441 3068 ergo
464 2984 690 3049 aestimandum
713 2984 866 3069 estquod
896 2982 983 3047 Plato
1015 2998 1045 3047 et
1069 2981 1140 3047 bri·

209 3076 344 3149 stoteles,
368 3087 494 3159 propter
526 3073 584 3138 boc
621 3073 707 3158 quod
745 3086 912 3159 posueruut
950 3071 1140 3137 substantias

211 3163 383 3231 materiales
405 3182 460 3227 seu
483 3164 576 3225 etiam
593 3162 732 3227 caelestia
750 3182 878 3246 corpora
896 3177 1019 3245 semper
1030 3158 1139 3235 luisse,

209 3256 255 3319 eis
276 3252 484 3317 subtraxerint
507 3270 630 3315 causam
655 3251 787 3317 essendi.
814 3250 880 3315 Non
905 3252 988 3315 enim
1020 3248 1051 3312 in
1075 3248 1140 3313 boc

211 3364 228 3405 a
251 3344 401 3406 sententie
425 3338 599 3404 catholicae
619 3338 689 3403 fidei
714 3340 845 3413 deviant.
860 3339 943 3423 quod
957 3336 1139 3422 hujusmodi

211 3443 380 3515 posuerunt
402 3442 535 3504 causata,
557 3428 610 3490 sed
635 3428 706 3511 quia
746 3442 914 3512 posueruut
936 3448 971 3493 ea
1010 3445 1140 3509 semper

211 3517 315 3593 luisse;
338 3516 425 3600 cujus
449 3515 637 3580 contrarium
662 3515 737 3581 fides
761 3516 909 3581 catholica
948 3525 1042 3582 tonet.
1066 3512 1138 3579 llou
