2484 3975
198 198 264 263 444
577 216 749 263 onuseuuuu

196 286 298 373 quoad
325 285 401 352 iliud
424 288 455 353 in
479 308 541 374 quo
564 287 700 352 salvatur
722 284 800 352 ratio
838 285 928 371 primi
953 286 984 351 in
1009 308 1127 373 genere

196 376 396 452 substantiam
430 376 514 463 quod
549 390 654 441 tamen
693 374 882 461 impossibiie
916 389 962 440 εει
996 378 1129 463 reperiri

197 467 264 532 siue
286 485 416 551 corpore
440 480 471 531 et
493 466 672 551 quantitate.
696 464 732 528 Et
753 463 824 529 ideo
848 466 1001 551 quantitas
1024 468 1126 532 deter-
1231 538 1233 553 1

197 556 312 620 minata
336 555 448 620 dieitur
471 555 657 641 principium
680 552 941 632 individuationis;
965 577 1026 621 non
1040 554 1127 641 quod

197 643 301 728 aliquo
324 643 418 709 modo
441 658 545 709 oauset
567 642 741 727 subjectum
765 662 856 707 suum
868 642 952 727 quod
967 659 1014 710 est
1027 646 1127 731 prima

197 732 377 809 substantia,
400 732 453 797 sed
478 732 703 798 concomitatur
726 751 796 795 ram
828 731 1071 817 inseparabiliter
1094 746 1127 796 et

197 821 381 889 determinat
405 842 473 887 earn
497 821 536 886 ad
561 821 611 885 hio
636 834 666 885 et
690 840 781 885 nune.
816 819 894 884 iilud
929 840 1004 906 ergo
1039 820 1125 910 quod

198 910 280 976 eadit
301 910 358 975 sub
382 910 501 975 ratione
542 908 717 995 porticuiqri
742 921 787 973 est
823 908 881 973 hoe
920 910 1033 998 aliquid
1069 930 1127 999 per

200 1012 340 1089 naturam
376 1000 533 1075 materiam
568 998 651 1083 quod
686 1012 790 1062 autem
825 997 906 1062 eadit
939 1001 997 1066 sub
1031 1020 1126 1066 sensu

198 1089 353 1163 exteriori,
376 1102 422 1152 est
446 1108 501 1173 per
524 1088 735 1171 quantitatem.

265 1177 326 1242 Sed
352 1176 424 1241 inuio
438 1175 532 1260 objici
556 1189 656 1261 potest
679 1175 762 1260 quod
786 1175 912 1240 materia
936 1177 975 1243 de
998 1181 1045 1245 sui
1069 1200 1125 1243 na·

197 1280 266 1330 tura
288 1265 462 1329 eommunis
485 1277 541 1340 est,
563 1266 642 1329 sieut
664 1277 694 1327 et
717 1262 827 1336 forma,
850 1286 921 1331 oum
946 1268 1039 1351 possit
1063 1289 1127 1334 una

197 1356 257 1420 tub
280 1354 419 1441 pluribus
443 1352 553 1419 formis
575 1374 654 1429 εεεε;
693 1352 776 1417 unde
811 1353 888 1418 haee
921 1357 1130 1422 communitas

196 1465 252 1508 sua
276 1456 375 1529 potest
397 1442 548 1527 impedire
571 1442 669 1527 ipsam
694 1462 733 1505 ue
768 1439 806 1505 sit
841 1442 1024 1530 principium
1063 1448 1127 1531 pri·

199 1553 285 1597 mum
303 1530 564 1596 individuationis.
588 1530 651 1595 Sed
674 1528 836 1594 sciendum
860 1545 907 1596 est
943 1534 1028 1619 quod
1068 1535 1129 1599 im·

199 1620 346 1707 possibile
369 1634 414 1685 εει
437 1619 570 1685 sormam
594 1618 675 1684 uniri
700 1619 848 1683 materiae
882 1622 955 1705 quin
979 1624 1017 1687 sit
1055 1644 1129 1709 par·

198 1709 344 1784 tiouiarie,
367 1723 398 1775 et
420 1708 503 1795 quod
528 1728 596 1773 eam
619 1720 767 1793 sequatur
804 1710 957 1793 quantitas
979 1711 1128 1779 determi-

199 1811 280 1879 nata3
304 1819 476 1885 perquem
500 1798 629 1862 modum
654 1818 717 1861 uon
741 1809 785 1861 est
810 1797 887 1862 uitta
915 1802 1127 1866 eommunice-

198 1887 268 1953 biiis
290 1888 417 1952 materia
441 1887 530 1951 alicui
554 1886 642 1951 alteri
665 1884 794 1962 formae,
833 1887 904 1971 quia
929 1888 1005 1953 haee
1028 1910 1127 1975 quen·

199 1976 269 2041 titas
291 1998 362 2042 oum
387 1976 445 2041 aiia
469 1974 568 2040 forma
593 1974 721 2061 reperiri
749 1995 811 2040 non
847 1990 945 2061 potest
978 2000 1049 2042 eum
1073 1999 1128 2045 ea-

197 2065 269 2131 dem
293 2065 561 2141 determinatione;
584 2079 614 2130 ει
639 2064 709 2128 ideo
734 2064 860 2128 materia
886 2087 948 2131 nou
972 2081 1018 2131 εει
1040 2089 1127 2133 eom-

199 2154 395 2220 munieabiiit
418 2154 603 2219 seeundum
643 2151 785 2218 eamdem
825 2152 1128 2237 determinationem,

200 2245 280 2308 siout
302 2243 402 2308 iorma
441 2256 498 2319 εει,
521 2257 553 2307 ut
577 2242 693 2307 dietum
717 2255 773 2306 εει.
798 2240 885 2307 Ratio
921 2245 1004 2309 enim
1029 2260 1128 2310 mate-

196 2333 261 2396 riae
284 2332 342 2397 sub
366 2331 464 2397 forma
488 2332 589 2417 aliqua
614 2345 661 2396 εει
685 2330 742 2395 aiia
778 2351 794 2394 a
835 2333 953 2398 ratione
987 2354 1042 2398 sua
1066 2336 1127 2402 sub

196 2421 255 2486 aiia
280 2420 390 2497 forma,
413 2423 483 2508 quia
508 2419 694 2486 certificatur
717 2420 794 2483 ratio
823 2440 877 2485 sua
902 2442 957 2508 per
979 2422 1128 2488 deterrui·
1231 2501 1232 2504 Ἴ

197 2512 352 2576 nationem
377 2510 564 2595 quantitatis,
589 2509 726 2594 quaein
765 2507 887 2574 diversa
927 2513 1129 2598 proportione
1231 2513 1232 2522 ’

195 2614 226 2662 ει
249 2599 447 2664 dimensione
471 2598 640 2680 requiritur
666 2597 705 2662 ad
740 2596 878 2664 diversas
913 2598 1039 2666 fortnas.
1073 2601 1128 2666 Es-

197 2689 294 2753 sentia
318 2689 401 2753 enim
427 2686 575 2751 materiae
598 2707 661 2750 non
686 2685 908 2752 diversificatur
944 2689 1002 2753 sub
1025 2689 1129 2756 diver-

196 2778 238 2842 sis
262 2775 368 2841 iormis
392 2776 471 2840 siout
493 2775 571 2839 rutio
593 2795 660 2848 suan
685 2775 762 2840 ratio
786 2775 868 2840 enim
893 2778 1040 2842 materiae
1063 2798 1128 2844 non

193 2858 244 2929 ἐει
268 2886 327 2929 una
351 2876 382 2929 et
405 2864 592 2939 eommunis,
626 2863 704 2928 sieut
726 2884 781 2927 sua
805 2866 937 2930 essentia
961 2878 1016 2931 εει.
1042 2866 1132 2933 Ratio

198 2955 281 3018 enim
307 2953 426 3017 formae
450 2954 482 3017 in
505 2952 635 3016 dirersis
660 2953 796 3016 materiis
819 2965 866 3018 εει
891 2975 962 3031 una,
986 2954 1057 3020 lieet
1080 2977 1132 3021 se·

197 3042 334 3106 eundum
358 3061 427 3105 esse
449 3043 488 3106 sit
525 3041 658 3119 diversa;
682 3055 713 3118 et
748 3041 818 3106 ideo
853 3044 1060 3109 communiter
1083 3065 1135 3110 se·

198 3131 337 3196 eundum
362 3131 528 3195 essentiam
545 3144 676 3208 tanturn,
699 3149 779 3215 quae
802 3144 849 3196 est
860 3132 955 3218 ipsius
972 3133 1134 3214 materiae,

195 3232 227 3282 et
248 3240 314 3284 tion
339 3220 512 3285 seeundum
536 3220 686 3284 eamdem
716 3219 879 3296 rationem,
913 3241 975 3286 non
1000 3222 1131 3306 impedit

198 3307 361 3370 materiam
389 3327 457 3372 esse
481 3307 616 3391 primum
642 3308 828 3394 principium
867 3308 1130 3378 individuationis.

199 3392 263 3459 Sed
287 3395 514 3459 advertendum
537 3409 584 3459 est
606 3395 691 3481 quod
730 3396 899 3462 accidentia
923 3419 985 3464 non
1019 3398 1132 3464 indivi-

197 3479 331 3545 duaatur
354 3499 411 3567 per
435 3485 595 3548 materiam
619 3483 766 3571 primam;
793 3485 847 3552 sed
872 3505 928 3575 per
951 3484 1130 3573 subjeetum
