2484 3975
224 217 294 289 500
531 239 587 285 ara.
612 238 650 283 ιν.
674 236 738 284 aar.
763 238 859 283 aarxr.

230 318 263 371 ut
286 317 444 371 ostensum
468 318 514 373 est
535 308 584 394 (l.
608 308 640 387 9,
662 328 690 371 a.
716 306 794 393 58).
817 308 865 373 De
881 303 1072 370 humanitate
1082 323 1158 370 aera

230 414 294 461 aua
319 408 364 461 est
388 395 623 481 intelligendum
647 396 731 483 quad
755 399 792 462 sit
807 393 1159 483 quaedamlormaeun-

230 503 360 568 turgens
384 504 421 549 ex
444 485 662 569 conjunctione
687 483 806 551 formae
829 482 1159 569 ad.materiam‚qua'si

223 574 356 639 realiter
379 574 416 637 sit
441 573 498 637 alia
523 574 562 639 ab
587 589 730 660 utroque;
753 575 930 661 quianam
954 593 1009 659 per
1025 572 1161 638 sormam

232 662 359 725 materia
385 661 437 727 liat
461 663 521 729 lraa
544 663 659 750 aliquid
685 678 765 742 actu,
789 678 824 730 ut
845 662 957 728 dieitur
971 663 1003 726 in
1019 660 1160 727 seeundo

222 749 271 815 tle
294 750 403 815 Anima
427 752 524 833 (text.
549 772 663 817 eornm.
686 754 744 836 8),
768 753 819 819 illa
842 753 939 824 tertia
962 748 1061 815 farma
1084 770 1162 815 aon·

231 859 365 924 sequeus
389 860 450 905 nnn
488 854 569 905 esset
604 841 824 922 substantialis,
856 839 913 906 sed
951 839 1161 905 accidentalis.

230 926 345 993 Dicunt
367 943 470 993 autem
494 930 620 1015 quidam
645 932 729 1015 quad
753 929 852 997 farma
877 930 972 1016 partis
988 929 1101 994 eadem
1114 941 1162 994 est

230 1029 262 1080 et
285 1016 385 1081 farma
410 1020 510 1096 tatius,
534 1018 587 1083 sed
603 1017 713 1084 dieitur
735 1020 834 1086 lorma
858 1018 952 1103 partis
984 1017 1161 1084 seeundum

231 1106 314 1191 quad
339 1104 411 1171 facit
435 1108 595 1173 materiam
621 1128 690 1173 esse
712 1109 744 1174 ia
767 1107 959 1187 aetn‚lurma
976 1127 1050 1171 vera
1067 1106 1162 1173 tutius

231 1195 343 1259 dieitur
365 1196 535 1261 seeundum
559 1196 644 1282 quad
678 1198 814 1286 complet
847 1198 959 1284 speciei
995 1200 1160 1275 rationem;

231 1297 263 1349 et
286 1285 457 1349 secuudum
483 1286 542 1349 lroe
566 1286 741 1352 humanitas
765 1308 828 1352 nnn
852 1299 899 1351 est
922 1284 1005 1350 aliutl
1037 1286 1162 1352 realiter

231 1392 325 1457 quam
351 1374 453 1440 aaima
478 1374 646 1452 rationalis
670 1378 753 1441 ande
780 1389 863 1464 patet
895 1375 990 1462 quad,
1012 1389 1162 1460 corrupta

231 1482 372 1548 corpore,
396 1484 457 1527 aaa
482 1462 563 1528 aedil
589 1464 619 1529 in
645 1465 790 1531 nihilum.
807 1464 880 1542 Sed,
893 1466 966 1550 quia
983 1464 1162 1529 humanitas

231 1564 277 1615 est
301 1552 433 1617 essentia
458 1552 602 1631 bortrinis,
627 1554 759 1618 essentia
785 1568 888 1619 autem
913 1553 957 1619 rei
982 1567 1027 1617 est
1065 1574 1162 1638 quam

232 1641 333 1724 signat
356 1640 505 1717 delinitio,
531 1640 671 1708 delinitio
695 1657 798 1709 autem
834 1642 878 1707 rei
913 1641 1062 1707 naturalis
1099 1662 1163 1707 nun

232 1730 332 1813 signat
356 1745 476 1795 tantum
500 1729 646 1809 sormam,
668 1731 724 1797 sed
747 1732 881 1798 formam
919 1744 950 1794 et
988 1731 1165 1809 materiam,

233 1820 442 1885 necessarium
467 1820 619 1904 estquod
644 1821 820 1886 humanitas
859 1819 972 1906 aliquid
1007 1819 1164 1902 signifieat

232 1910 436 1994 compositam
460 1927 498 1972 ea
524 1911 652 1974 materia
675 1910 839 1986 etfama,
877 1910 955 1974 sieut
989 1921 1020 1972 et
1054 1908 1164 1985 homo,

233 1997 411 2063 differenter
434 2013 548 2063 tamen.
572 1999 650 2064 Nam
681 2001 858 2064 humanitas
891 1996 1044 2082 signifieat
1080 1998 1165 2084 prin-

231 2086 311 2172 cipia
336 2089 508 2152 essentialia
533 2091 658 2173 speciei,
682 2102 744 2154 tam
768 2088 910 2154 larmalia
933 2107 1026 2173 qaam
1062 2100 1165 2151 mate·

233 2174 330 2253 rialia,
353 2196 423 2240 eam
450 2177 640 2262 praecisione
665 2178 889 2265 principiorum
914 2175 1163 2252 individualiuna

233 2265 452 2330 diciturenim
477 2267 652 2332 humanitas
676 2266 849 2332 seeundum
873 2287 966 2352 qaam
990 2265 1165 2351 aliquisest

234 2355 459 2419 lramu:.hnnra
483 2369 586 2420 autem
611 2377 673 2420 non
697 2370 743 2421 est
767 2356 876 2440 aliquis
906 2374 944 2418 en
979 2354 1039 2418 hoe
1075 2354 1162 2440 qaod

234 2443 327 2508 habet
351 2444 501 2530 principia
525 2443 734 2522 individuale,
757 2445 813 2508 sed
836 2463 872 2508 ex
890 2442 1062 2507 laureolum
1076 2443 1162 2528 qaod

233 2531 327 2596 habet
352 2533 499 2618 principia
523 2533 695 2598 essentialia
721 2532 844 2620 speciei.
869 2531 1051 2596 Humanitas
1067 2533 1163 2615 igitur

232 2620 384 2705 significat
424 2623 488 2687 sola
525 2623 674 2710 principia
708 2623 823 2708 speciei
857 2620 1040 2696 essentialia
1075 2619 1163 2685 untle

233 2711 425 2794 significatur
449 2731 504 2800 per
527 2711 655 2776 madum
680 2712 784 2796 partis.
808 2709 907 2774 llomo
938 2724 1042 2773 autem
1064 2709 1162 2792 signi·

233 2797 303 2864 licat
327 2799 479 2885 quaedam
508 2801 657 2886 principia
680 2799 854 2863 essentialia
878 2797 1003 2884 speciei,
1024 2798 1079 2862 sed
1097 2819 1162 2863 ann

234 2888 383 2953 excludit
392 2889 539 2976 principia
565 2887 790 2952 individuantia
814 2909 830 2951 a
854 2888 901 2952 sui
925 2886 1164 2970 significationes

233 2997 307 3041 nam
332 2978 427 3042 homa
452 2978 562 3043 dieitur
586 2977 638 3063 qui
663 2976 756 3041 habet
780 2976 1015 3052 humanitatem,
1038 2996 1076 3040 ex
1099 2995 1165 3060 quo

233 3085 296 3130 non
321 3067 493 3132 excluditur
516 3066 590 3152 quia
617 3065 675 3129 alia
700 3066 816 3131 babere
840 3065 945 3151 possin
982 3078 1013 3128 et
1037 3077 1167 3150 propter

233 3154 292 3220 lroa
317 3156 410 3220 hamo
439 3155 592 3240 signifieat
614 3175 672 3240 per
709 3154 839 3220 mudum
873 3154 977 3228 totius3
1010 3151 1167 3237 signifieat

237 3245 321 3308 enim
337 3245 484 3331 principia
509 3244 621 3332 speciei
636 3243 808 3308 essentialia
825 3243 856 3306 in
872 3256 952 3321 actu,
967 3240 1165 3306 individuan·

234 3332 274 3395 tia
301 3353 373 3397 aero
398 3334 429 3398 in
460 3330 773 3418 putentiaaSosrater
794 3351 868 3397 reru
905 3330 1056 3416 signifieat
1079 3344 1165 3396 utra·

232 3439 294 3505 que
321 3423 350 3484 in
376 3437 455 3498 aeta,
478 3423 556 3487 sicut
579 3436 609 3485 at
632 3421 836 3487 differentiam
859 3440 958 3506 genus
993 3419 1087 3485 habet
1110 3439 1168 3504 pa·

232 3521 349 3589 testate,
372 3511 499 3599 speeies
524 3529 596 3577 vero
620 3525 702 3578 antu.
726 3508 815 3578 Unde
845 3522 928 3600 patet
961 3508 1046 3599 quod
1068 3508 1167 3575 humo
