2484 3975
432 234 488 279 xm.
511 233 549 278 tv.
573 232 637 282 cte.
661 231 738 282 tun.
975 212 1038 278 tat

115 315 253 389 postasea
277 303 328 370 vei
352 321 514 389 personae,
530 323 591 366 una
614 299 706 368 Verbi
730 311 759 364 et
800 297 857 364 alia
892 299 1037 379 hominisr

112 407 143 459 et
164 393 208 460 sic
231 413 294 458 non
310 404 391 458 esset
414 389 491 456 iacta
515 391 589 458 unio
604 391 635 455 in
662 388 817 476 hypostasi
835 388 881 454 vei
896 409 1040 476 persona,

112 482 197 568 quud
220 495 268 547 est
290 495 396 546 contra
420 480 602 546 sententiam
630 477 711 544 [idei.
736 475 767 543 Si
781 496 852 542 vero
866 479 1038 564 hypostasis

111 571 162 636 uei
184 591 316 656 persona
341 569 391 634 ttta
413 587 477 633 non
507 581 683 633 remaneret
720 567 750 632 in
787 585 823 630 ea
858 580 967 632 nutura
1006 569 1037 634 in

111 681 173 742 qua
196 657 384 725 assumenda
417 677 435 722 a
470 657 572 723 Verbo
607 655 841 743 praeextitisset,
877 655 938 722 hoc
971 655 1039 722 sine

112 749 312 833 corruptione
335 746 476 812 accidere
500 767 562 811 non
603 744 763 831 potuisset;
799 743 919 810 nulium
953 745 1038 811 enim

108 836 267 919 singulare
290 835 402 900 desinit
424 853 495 900 ease
518 835 577 900 hoc
600 831 684 919 quod
709 833 835 911 connisi
861 853 915 918 per
931 853 1039 900 corru-

112 924 264 1011 ptionem,
284 925 328 998 sic
350 923 443 1005 igitur
464 922 649 1009 oportuisset
671 920 757 986 iilum
783 921 942 990 hominem
967 943 1037 988 cor-

113 1013 218 1098 rumpi
235 1011 286 1097 qui
311 1011 417 1077 unioni
444 1011 676 1097 praeextitissct,
698 1023 729 1076 et
754 1030 809 1094 per
846 1030 1038 1096 consequens

114 1101 286 1166 humanam
309 1114 450 1166 naturam
474 1103 505 1165 in
543 1120 583 1166 eo
617 1102 808 1164 existentem.
848 1098 1038 1184 impossibile

114 1189 208 1274 igitur
230 1188 285 1254 fuit
323 1188 405 1274 quod
445 1189 581 1254 Verbum
616 1200 787 1252 assumeret
821 1187 852 1252 in
889 1189 1037 1256 unitatem

114 1299 264 1365 personae
287 1277 422 1362 aliquem
445 1279 604 1344 hominem
634 1275 901 1363 praeexistentem.

180 1366 403 1432 simulantem
428 1378 459 1431 ct
481 1368 683 1449 derogaretur
721 1364 901 1451 perfectioni
935 1365 1036 1432 incur-

112 1456 246 1520 nationis
268 1456 325 1519 Dei
348 1454 452 1529 Verbi,
475 1459 499 1522 si
522 1453 637 1542 ahquid
661 1474 769 1519 eorum
793 1474 872 1539 quac
886 1456 1035 1521 naturalia

113 1560 188 1609 suut
211 1544 330 1610 homini
353 1546 392 1610 ei.
419 1544 469 1610 Est
492 1559 595 1612 autem
620 1543 739 1608 deesset
756 1543 894 1608 naturale
918 1543 1037 1610 homini

113 1646 149 1697 ut
171 1645 315 1697 nascatur
336 1634 493 1701 nativitate
516 1635 661 1699 humana.
687 1630 751 1696 Hoc
774 1646 876 1697 autem
900 1631 1035 1698 Verbum

114 1721 173 1787 Dei
197 1742 259 1786 uon
284 1722 410 1788 haberet
436 1723 460 1788 si
500 1722 660 1790 bominem
699 1721 957 1805 praeexistentem
990 1743 1038 1790 aa·

114 1809 305 1895 sumpsisseq
329 1832 401 1876 nam
425 1811 476 1878 ilie
499 1814 594 1877 homo
617 1810 648 1874 in
673 1829 729 1873 sna
763 1809 917 1874 nativitate
940 1832 1036 1897 purus

116 1899 220 1964 bomo·
244 1900 407 1980 extitisset;
438 1901 521 1967 unde
555 1899 623 1986 ejus
658 1897 799 1963 nativitas
833 1898 934 1965 Verbo
973 1919 1035 1966 non

115 2003 219 2075 posset
241 1990 376 2069 attribui,
398 2010 455 2059 nec
478 1992 566 2057 beata
600 1988 694 2072 Virgo
724 2002 825 2054 mater
848 1988 940 2055 Verbi
978 1990 1037 2056 dici

117 2091 231 2161 posset.
255 2078 347 2144 Fides
367 2095 472 2147 antem
497 2102 553 2168 per
575 2078 680 2144 omnia
704 2077 771 2143 sine
806 2094 931 2162 peccato
954 2080 1038 2145 sitni-

117 2165 181 2230 iem
214 2184 287 2232 eum
323 2169 412 2233 nobis
433 2170 463 2234 io
497 2166 687 2235 naturalibus
719 2166 893 2247 confltetur,
932 2166 1038 2235 dicens

116 2253 229 2319 Filium
242 2255 309 2335 Dei,
332 2258 502 2323 secundum
515 2255 706 2346 Apostolum,
726 2254 839 2321 iactum
857 2277 894 2321 ex
908 2258 1037 2323 muliero

117 2356 149 2406 et
173 2359 291 2421 natum,
322 2358 352 2409 et
391 2346 547 2431 Virginem
582 2358 713 2410 matrem
747 2342 815 2409 Dei.
845 2344 912 2411 Non
949 2345 1042 2431 igitur

118 2431 180 2496 hoc
202 2432 303 2497 decuit
327 2448 360 2498 ut
375 2437 630 2522 praeexistentem
655 2432 813 2498 hominem
839 2449 1018 2501 assumeret.

117 2592 121 2599 ,
184 2520 260 2586 Hine
282 2522 375 2589 etiam
399 2537 526 2612 apparet
547 2522 632 2608 qood
656 2522 694 2587 ab
730 2521 796 2607 ipso
832 2524 1044 2610 conceptionis

116 2608 269 2695 principio
293 2624 435 2677 naturam
459 2614 629 2678 humanam
653 2610 709 2677 sihi
734 2610 840 2675 univit.

183 2696 273 2779 Quia,
295 2700 372 2765 sicut
396 2701 576 2767 humanatio
599 2701 657 2765 Dei
688 2698 779 2765 Verbi
804 2698 933 2785 requirit
957 2698 1041 2786 quod

114 2783 252 2851 Verbum
277 2787 333 2853 Dei
357 2789 525 2855 situatum
549 2791 706 2855 nativitate
745 2787 881 2853 humana
904 2788 943 2855 ad
982 2789 1042 2855 hoc

115 2874 202 2960 qnod
225 2877 263 2940 sit
286 2895 376 2943 verus
400 2879 496 2943 homo
520 2893 551 2944 et
584 2877 745 2951 naturalis,
775 2895 830 2963 per
867 2878 972 2944 omnia
1010 2877 1041 2943 in

115 2963 310 3029 naturalibus
326 2965 415 3031 nohis
437 2966 616 3045 conformis,
650 2969 688 3031 ita
712 2966 840 3049 requirit
878 2968 961 3052 quod
984 2966 1041 3032 Dei

115 3050 254 3117 Verbum
279 3054 317 3119 sit
340 3071 524 3143 conceptum
559 3054 761 3141 conceptione
797 3055 944 3133 humanm
976 3074 1042 3121 nou

115 3146 213 3215 enim,
236 3142 408 3207 secundum
432 3157 562 3210 naturae
596 3143 751 3229 ordinem,
777 3143 874 3209 homo
906 3144 1043 3210 nascitur

117 3229 176 3294 nisi
204 3230 289 3316 prius
320 3232 520 3320 concipiatur.
555 3233 587 3297 Si
623 3243 726 3297 autem
763 3247 870 3297 natura
905 3233 1043 3298 humana

115 3319 305 3384 assumenda
329 3322 413 3406 prius
437 3321 468 3385 in
495 3322 714 3406 quaiicumque
737 3332 816 3385 statu
830 3319 1041 3406 fuissetquam

115 3406 220 3474 Verbo
242 3409 393 3488 uniretur,
419 3410 471 3475 itta
494 3412 654 3498 conceptio
692 3408 795 3477 Verbo
829 3409 886 3475 het
920 3410 1043 3475 attribui

115 3511 182 3563 uon
220 3513 325 3585 posset
365 3512 399 3566 ut
433 3499 588 3568 diceretur
619 3512 807 3587 conceptum
841 3498 1044 3586 conceptione
1077 3568 1087 3593 x
