2484 3975
214 195 281 261 rto
531 217 585 262 tta.
611 216 649 264 tr.
674 216 727 262 cac
751 217 819 262 titt.-

280 283 453 365 Praeterea,
476 284 642 350 Peccatum
665 307 727 351 non
752 286 889 372 capiatur
921 298 1058 371 peccato,
1082 285 1144 353 seo

215 374 313 456 ntagis
335 389 475 459 augetur.
499 375 532 440 Si
556 376 648 458 igitur
672 395 726 460 per
739 389 870 442 mortem
888 373 997 442 Christi
1010 376 1146 462 (homo)

214 460 389 526 satisfacere
412 463 530 542 debuit,
552 464 621 528 talis
645 463 753 528 debuit
777 463 844 548 ejus
882 485 965 528 mors
1004 484 1074 532 csse
1111 465 1145 529 iu

214 571 273 636 qua
298 550 401 619 nullus
424 566 574 638 peccaret,
599 565 632 616 ut
655 551 772 618 scilicet
796 574 858 618 uon
883 552 1013 620 violenta
1039 565 1146 618 morte

214 640 269 706 setl
292 641 472 706 naturaliter
495 655 679 706 moreretur.

282 729 401 807 Adhuc,
423 730 455 794 Si
480 749 536 814 pro
560 728 869 815 peccatisltonriounr
887 728 1042 796 Christum
1058 730 1148 796 mori

214 817 361 904 oportuit,
384 839 454 884 cum
479 816 658 902 frequenter
696 817 838 884 homiues
877 833 1012 904 peccent,
1047 839 1145 906 opor·

215 908 321 973 ruisset
344 927 416 972 eum
439 905 616 992 frequenter
637 921 768 972 mortem
791 908 906 974 subire.

285 994 316 1061 Si
341 997 410 1081 quis
432 995 535 1060 autem
561 995 641 1060 dicut
677 995 771 1082 quoti,
807 995 979 1082 specialiter
1011 1009 1144 1082 propter

216 1100 375 1171 peccaturo
400 1083 559 1167 originale,
585 1085 792 1152 necessarium
816 1085 873 1150 luit
885 1085 1039 1151 Christum
1053 1085 1141 1150 nasci

216 1188 245 1238 et
269 1174 331 1259 pati
357 1172 454 1258 (quod
472 1172 598 1258 quidem
624 1186 718 1238 totaru
743 1189 883 1261 naturam
898 1173 1067 1242 humanam
1093 1173 1144 1238 iu·

217 1261 341 1416 legerat,
364 1262 490 1328 homine
515 1263 616 1349 primo
651 1263 823 1348 peccante),
856 1262 915 1328 hoe
949 1261 1144 1348 impossibile

215 1372 242 1416 n
267 1365 345 1417 etur.

282 1439 313 1504 Si
337 1438 420 1506 enirn
455 1437 505 1503 alii
542 1437 685 1504 homines
722 1438 761 1505 ad
795 1437 1044 1506 satisfaciendum
1080 1459 1142 1524 pro

215 1542 340 1616 peccato
363 1527 504 1613 originali
528 1525 714 1592 sufficientes
737 1549 798 1592 uon
837 1541 919 1606 sunt,
957 1548 1014 1594 nec
1051 1548 1142 1594 mors

214 1617 327 1685 Christi
351 1638 408 1703 pro
442 1617 574 1702 peccatis
609 1617 738 1682 humani
772 1617 895 1701 generis
933 1615 1141 1683 satisfactoria

215 1705 308 1772 luisse
331 1706 462 1783 uidetur,
482 1705 554 1790 quia
592 1718 623 1770 et
658 1705 726 1792 ipse
755 1705 928 1772 secundum
965 1705 1142 1772 humanam

215 1810 356 1862 naturum
382 1808 522 1860 ruortuus
544 1808 602 1870 est,
624 1815 686 1859 non
710 1793 881 1860 secundum
899 1794 1045 1860 divinato.

283 1884 456 1956 Praeterea,
480 1882 513 1948 Si
536 1881 674 1949 Christus
698 1903 753 1970 pro
777 1885 907 1969 peccatis
932 1882 1059 1948 humaui
1083 1903 1142 1967 ge-

215 1974 301 2041 ncris
322 1971 507 2039 sullicieutcr
530 1970 686 2051 satisfecit,
709 1971 856 2057 injustum
873 1971 993 2040 videtur
1009 1969 1142 2058 quidem

215 2063 389 2149 essequod
414 2061 680 2127 hominesatlhuo
715 2081 831 2147 poenas
864 2061 1028 2148 patiantur,
1060 2081 1143 2145 quas

215 2172 271 2241 pro
295 2164 420 2237 peccato
444 2149 546 2215 divina
569 2148 724 2236 Scriptura
748 2151 886 2217 intinctas
909 2171 976 2217 esse
998 2170 1144 2217 comme·

216 2254 330 2309 morat.
1081 2294 1082 2299 ,

280 2330 398 2407 Adhuc,
421 2325 452 2391 Si
477 2327 616 2393 Christus
639 2325 826 2393 sufficienter
849 2349 904 2413 pro
926 2318 1064 2414 'peccatis
1081 2326 1142 2393 hu·

215 2420 300 2486 mani
324 2418 447 2503 generis
470 2416 626 2492 sattslecit,
648 2435 712 2480 nou
748 2429 850 2481 esseut
882 2416 961 2482 oltra
998 2415 1143 2482 remedia

215 2531 271 2596 pro
295 2506 488 2573 absolutione
512 2518 706 2590 peccatorum
731 2505 918 2589 quaerenda.
936 2504 1143 2587 Quaeruutur

215 2614 317 2664 autern
340 2596 380 2661 ah
403 2594 548 2659 omnihus
571 2594 623 2679 qui
647 2612 721 2656 suae
744 2592 850 2657 salutis
879 2614 985 2660 curant
1010 2593 1142 2659 hahent.

215 2688 282 2752 Non
317 2684 409 2770 igitur
442 2683 562 2749 ridetur
598 2678 785 2766 sufficienter
819 2681 973 2749 Christum
1012 2694 1143 2769 paccata

215 2776 378 2842 hominurn
400 2771 572 2839 abstulisse.

281 2864 363 2928 llaec
386 2863 478 2945 igitur
508 2874 579 2925 suut
612 2870 643 2923 et
677 2856 788 2923 similia
826 2878 863 2924 cx
897 2860 1010 2945 quibus
1047 2856 1145 2925 alicui

215 2954 312 3017 rideri
337 2964 437 3036 potest
459 2972 495 3014 ca
517 2969 596 3027 quac
620 2947 660 3013 dc
685 2946 895 3013 incarnatione
919 2947 994 3013 litles
1032 2944 1145 3013 catho-

215 3043 272 3108 lica
298 3039 453 3128 praedicat
476 3037 598 3103 divinae
620 3036 772 3122 majestati
797 3049 826 3103 et
859 3036 1028 3126 sapientiae
1064 3056 1144 3101 con·

215 3131 367 3199 uenientia
392 3149 455 3195 uon
479 3126 582 3194 luisse.
