2484 3975
391 222 428 267 ns
451 222 604 269 nntnotnns
629 223 761 269 nasonis
972 206 1030 273 ddi

106 290 201 360 modo
223 290 387 369 dividatur,
421 290 533 358 dieitur
570 293 772 370 elementum,
810 293 889 360 siout
916 293 1035 361 litterae

106 396 177 449 sunt
200 381 352 447 elementa
375 380 555 447 dictionum.

171 470 258 535 Patet
298 488 377 553 ergo
399 485 437 533 ex
460 469 551 536 dietis
588 468 673 556 quod
710 470 895 557 principium
931 470 1035 558 aliquo

107 559 201 625 modo
216 572 263 624 est
287 556 354 644 plus
378 576 471 643 quam
495 579 598 636 oaosa,
637 573 667 624 ει
705 578 797 624 cansa
835 558 904 645 plus
939 579 1034 645 quam

105 650 305 716 elententum.
329 645 364 711 tn
387 646 447 712 boo
484 661 531 713 εει
568 648 652 735 quod
691 647 763 713 dioit
801 647 1034 716 commentator

108 742 121 825 l
136 737 317 824 lletspbys„
341 736 398 816 b).

172 825 244 892 Viso
263 838 382 890 *sotem
408 824 491 911 quod
514 837 585 889 sunt
608 840 741 909 quatum
777 844 890 911 genera
928 846 1035 893 oausa-

102 932 187 993 aum,
210 915 370 981 sciendum
399 914 552 1000 estquod
587 932 650 978 noa
685 927 734 999 εει,
769 914 917 1001 punibile
948 917 1032 1001 quod

102 1003 187 1068 idem
212 1004 323 1069 babeat
342 1003 446 1088 plures
468 1016 647 1090 naason-‘at
670 1002 799 1076 idolum,
828 1003 918 1089 enjus
940 1024 1030 1071 causa

105 1106 293 1178 estooprum
316 1103 347 1156 et
369 1090 487 1167 artifex,
513 1090 620 1156 artilex
659 1106 692 1156 ut
718 1090 863 1169 efficians,
900 1112 1031 1179 cuprum

107 1194 211 1245 autem
235 1194 268 1245 ut
291 1182 429 1246 materia.
453 1179 515 1245 Neo
537 1194 583 1245 εει
606 1179 798 1266 impossibile
830 1195 864 1245 ut
887 1180 969 1247 idem
992 1184 1032 1248 sit

105 1288 198 1335 eausa
220 1271 456 1345 saltuariorum,
479 1270 556 1335 siout
579 1268 768 1354 guberuator
798 1284 844 1335 est
867 1290 957 1335 causa
980 1290 1030 1336 sa-

104 1357 176 1423 lutis
200 1360 285 1423 natis
308 1370 339 1422 ει
361 1358 594 1434 submersionis,
629 1357 684 1422 sed
725 1357 815 1444 bajus
853 1379 909 1447 per
940 1374 1029 1425 suam

62 1442 66 1449 ’
105 1448 287 1525 absentiam,
311 1446 394 1512 illios
418 1467 473 1531 per
514 1466 602 1511 suam
638 1450 855 1534 praesentiam,
893 1462 926 1512 ιιι
958 1448 1032 1515 dioit

105 1532 311 1623 Philosophus
335 1533 490 1620 (physio,
512 1536 573 1620 ἢ).

174 1624 342 1691 Sciendum
366 1637 414 1689 εει
435 1625 528 1688 etiam
551 1623 635 1709 quod
673 1644 735 1689 non
759 1637 805 1689 est
842 1625 1030 1710 impossibiie

106 1728 139 1778 ut
162 1713 277 1801 aliquid
302 1713 383 1777 idom
407 1712 446 1778 sit
467 1728 601 1778 oausaet
624 1726 794 1792 causatum,
816 1732 878 1777 non
903 1713 1027 1798 quidem

105 1816 248 1890 respectu
286 1800 437 1887 ejusdem,
459 1801 514 1867 sed
552 1802 770 1878 diversimodo
804 1814 838 1865 ot
861 1802 1029 1868 ambulatio

103 1906 153 1956 est
173 1892 340 1978 aliquando
362 1910 454 1956 causa
477 1891 614 1955 sanitatis
644 1906 677 1957 ut
710 1890 860 1967 alliciens,
893 1891 947 1955 sed
981 1912 1030 1956 sa·

105 1981 186 2047 nitas
208 1998 253 2048 est
275 2000 368 2046 eausa
391 1978 649 2046 deambulationis
672 1994 705 2046 ut
728 1978 807 2058 linis3
821 1978 1030 2048 deambulatio

106 2072 190 2136 enim
214 2084 260 2135 εει
282 2069 450 2156 aliquando
472 2089 564 2135 oausa
587 2070 724 2134 sanitatis
747 2081 777 2134 et
800 2083 925 2156 propter
947 2070 1028 2136 sani·

35 2242 38 2250 Ι
104 2171 209 2224 tatem:
232 2171 263 2223 ει
283 2160 376 2224 etiam
398 2176 511 2246 corpus
533 2170 579 2223 est
603 2159 730 2224 materia
774 2159 905 2238 animae,
928 2161 1030 2225 anima

104 2268 179 2313 voro
195 2248 294 2313 souma
317 2248 466 2335 eorporis.
502 2245 642 2312 Efficiam
676 2266 750 2312 veno
790 2246 902 2312 dieitur
938 2267 1030 2313 causa

103 2350 247 2423 respectu
268 2337 348 2412 finis,
370 2357 442 2402 oum
468 2335 538 2401 finis
560 2353 624 2400 non
648 2336 686 2400 sit
715 2336 747 2400 in
785 2349 854 2400 aatu
878 2336 935 2402 nisi
975 2357 1032 2424 ρει·

105 2424 318 2512 operationem
344 2425 473 2512 agentia
495 2422 632 2490 seddnis
655 2423 766 2490 dieitur
789 2443 881 2490 eausa
897 2422 1031 2490 efficien-

104 2516 154 2592 tis,
176 2515 253 2579 cam'
269 2514 404 2581 efficiens
428 2533 490 2578 non
513 2527 661 2599 operetur
684 2514 742 2578 nisi
759 2532 813 2600 par
828 2513 1031 2579 intentionem

104 2603 186 2680 bnis3
209 2604 291 2668 unde
314 2602 450 2670 efficiens
471 2615 518 2667 est
539 2621 633 2666 eausa
658 2600 738 2667 illius
772 2601 856 2688 quod
881 2615 927 2667 est
950 2602 1032 2681 linis,

76 2767 78 2770 Α
105 2705 213 2778 utputa
237 2691 454 2769 deambulatio,
479 2702 512 2754 ut
533 2690 573 2755 sit
595 2691 718 2756 sanitas:
743 2711 805 2755 non
836 2704 939 2756 tamen
963 2690 1035 2757 laait

97 2782 202 2846 linem
224 2799 292 2848 esse
314 2781 420 2857 linem,
442 2794 473 2845 et
496 2779 567 2844 ideo
589 2799 651 2844 non
676 2793 722 2845 est
744 2795 836 2844 causa
849 2781 1033 2846 causalitatis

107 2869 188 2948 finis
213 2871 292 2936 idest
313 2891 376 2934 non
398 2868 469 2934 lacit
493 2867 590 2934 linem
629 2887 699 2933 esse
735 2887 860 2934 oausam
897 2869 1034 2949 finalem,
1074 2871 1078 2878 '

105 2960 186 3025 siout
208 2959 347 3025 medious
368 2957 441 3023 lauit
462 2957 625 3024 sanitatem
649 2975 718 3022 esse
741 2957 772 3020 in
796 2970 876 3036 actu,
899 2977 961 3022 non
987 2971 1032 3023 ta·

105 3067 179 3113 mon
202 3048 274 3114 lacit
294 3047 378 3134 quod
401 3047 515 3112 sanitas
537 3047 577 3111 sit
599 3045 679 3112 linis.
718 3045 802 3110 Finis
840 3045 935 3112 etiam
969 3067 1033 3112 non

105 3149 154 3202 est
176 3157 267 3205 eausa
290 3137 371 3202 illius
394 3136 476 3222 quod
500 3148 547 3200 est
567 3132 715 3212 efficiens,
736 3136 792 3200 sed
815 3146 861 3199 est
883 3154 974 3200 nausa
1000 3149 1033 3201 ut

105 3224 243 3292 efficiens
265 3227 304 3293 sit
326 3223 472 3300 abinaam
486 3224 699 3288 sanitssenim
717 3241 779 3289 aton
795 3221 867 3288 lacit
878 3221 1033 3288 medinam

106 3333 177 3380 esse
199 3317 365 3388 medicum,
390 3311 554 3378 otdioode
576 3311 705 3377 sanitate
727 3330 807 3398 quae
823 3311 867 3389 lat,
882 3327 1033 3398 operante

106 3405 239 3484 mediam
262 3405 317 3470 sed
340 3401 412 3470 lacit
433 3398 517 3488 quod
548 3399 686 3473 medieas
701 3400 747 3466 sit
769 3398 915 3481 efficiens
949 3399 1033 3466 unde

105 3494 180 3560 linis
202 3509 248 3567 est
269 3514 362 3562 eausa
385 3489 569 3558 causalitatis
591 3487 761 3584 effitientia,
781 3490 854 3579 quia
876 3488 957 3558 laeit'
970 3489 1032 3557 effi.-
