<?xml version="1.0" encoding="UTF-8"?>
<!DOCTYPE html PUBLIC "-//W3C//DTD XHTML 1.0 Transitional//EN"
    "http://www.w3.org/TR/xhtml1/DTD/xhtml1-transitional.dtd">
<html xmlns="http://www.w3.org/1999/xhtml" xml:lang="en" lang="en">
 <head>
  <title>
</title>
<meta http-equiv="Content-Type" content="text/html;charset=utf-8" />
  <meta name='ocr-system' content='tesseract 3.04.00' />
  <meta name='ocr-capabilities' content='ocr_page ocr_carea ocr_par ocr_line ocrx_word'/>
</head>
<body>
  <div class='ocr_page' id='page_1' title='image "./sanctithomaeaqu01thomgoog_0280.png"; bbox 0 0 2484 3975; ppageno 0'>
   <div class='ocr_carea' id='block_1_1' title="bbox 198 223 1130 2091">
    <p class='ocr_par' dir='ltr' id='par_1_1' title="bbox 198 223 837 291">
     <span class='ocr_line' id='line_1_1' title="bbox 198 223 837 291; baseline -0.008 -2"><span class='ocrx_word' id='word_1_1' title='bbox 198 223 263 291; x_wconf 77' lang='lat' dir='ltr'><strong>ato</strong></span> <span class='ocrx_word' id='word_1_2' title='bbox 508 242 563 287; x_wconf 83' lang='lat' dir='ltr'><strong>cm.</strong></span> <span class='ocrx_word' id='word_1_3' title='bbox 588 244 626 287; x_wconf 87' lang='lat' dir='ltr'><strong>rr.</strong></span> <span class='ocrx_word' id='word_1_4' title='bbox 651 242 714 287; x_wconf 75' lang='lat' dir='ltr'><strong>cnr.</strong></span> <span class='ocrx_word' id='word_1_5' title='bbox 738 242 837 288; x_wconf 81' lang='lat' dir='ltr'><strong>urxtu.</strong></span> 
     </span>
    </p>

    <p class='ocr_par' dir='ltr' id='par_1_2' title="bbox 199 306 1130 2091">
     <span class='ocr_line' id='line_1_2' title="bbox 200 306 1125 397; baseline -0.003 -20"><span class='ocrx_word' id='word_1_6' title='bbox 200 315 283 393; x_wconf 81' lang='lat' dir='ltr'><strong>tritor</strong></span> <span class='ocrx_word' id='word_1_7' title='bbox 306 308 477 375; x_wconf 86' lang='lat' dir='ltr'><strong>secundum</strong></span> <span class='ocrx_word' id='word_1_8' title='bbox 500 312 584 397; x_wconf 93' lang='lat' dir='ltr'><strong>quod</strong></span> <span class='ocrx_word' id='word_1_9' title='bbox 623 316 765 396; x_wconf 75' lang='lat' dir='ltr'><strong>congruit</strong></span> <span class='ocrx_word' id='word_1_10' title='bbox 798 309 930 373; x_wconf 89' lang='lat' dir='ltr'><strong>animae.</strong></span> <span class='ocrx_word' id='word_1_11' title='bbox 955 306 997 373; x_wconf 73' lang='lat' dir='ltr'><strong>ox</strong></span> <span class='ocrx_word' id='word_1_12' title='bbox 1036 307 1125 374; x_wconf 85' lang='lat' dir='ltr'><strong>inlir·</strong></span> 
     </span>
     <span class='ocr_line' id='line_1_3' title="bbox 199 396 1124 489; baseline 0 -24"><span class='ocrx_word' id='word_1_13' title='bbox 199 403 304 465; x_wconf 82' lang='lat' dir='ltr'><strong>mirate</strong></span> <span class='ocrx_word' id='word_1_14' title='bbox 327 400 419 484; x_wconf 82' lang='lat' dir='ltr'><strong>igitur</strong></span> <span class='ocrx_word' id='word_1_15' title='bbox 441 400 573 479; x_wconf 86' lang='lat' dir='ltr'><strong>animae,</strong></span> <span class='ocrx_word' id='word_1_16' title='bbox 597 416 745 487; x_wconf 83' lang='lat' dir='ltr'><strong>quaeest</strong></span> <span class='ocrx_word' id='word_1_17' title='bbox 769 412 940 489; x_wconf 86' lang='lat' dir='ltr'><strong>peccatum,</strong></span> <span class='ocrx_word' id='word_1_18' title='bbox 964 396 1124 465; x_wconf 88' lang='lat' dir='ltr'><strong>interdum</strong></span> 
     </span>
     <span class='ocr_line' id='line_1_4' title="bbox 199 486 1127 575; baseline -0.003 -20"><span class='ocrx_word' id='word_1_19' title='bbox 199 489 362 556; x_wconf 86' lang='lat' dir='ltr'><strong>iulirmitas</strong></span> <span class='ocrx_word' id='word_1_20' title='bbox 385 488 541 555; x_wconf 81' lang='lat' dir='ltr'><strong>derivatur</strong></span> <span class='ocrx_word' id='word_1_21' title='bbox 565 492 603 554; x_wconf 92' lang='lat' dir='ltr'><strong>ad</strong></span> <span class='ocrx_word' id='word_1_22' title='bbox 627 509 751 575; x_wconf 85' lang='lat' dir='ltr'><strong>corpus,</strong></span> <span class='ocrx_word' id='word_1_23' title='bbox 777 495 836 556; x_wconf 83' lang='lat' dir='ltr'><strong>lroc</strong></span> <span class='ocrx_word' id='word_1_24' title='bbox 865 486 969 551; x_wconf 82' lang='lat' dir='ltr'><strong>diuino</strong></span> <span class='ocrx_word' id='word_1_25' title='bbox 1003 488 1127 571; x_wconf 85' lang='lat' dir='ltr'><strong>judicio</strong></span> 
     </span>
     <span class='ocr_line' id='line_1_5' title="bbox 201 575 1128 667; baseline -0.005 -23"><span class='ocrx_word' id='word_1_26' title='bbox 201 579 409 665; x_wconf 64' lang='lat' dir='ltr'><strong>dispensante</strong></span> <span class='ocrx_word' id='word_1_27' title='bbox 432 598 512 663; x_wconf 90' lang='lat' dir='ltr'><strong>quac</strong></span> <span class='ocrx_word' id='word_1_28' title='bbox 539 578 667 663; x_wconf 89' lang='lat' dir='ltr'><strong>quidem</strong></span> <span class='ocrx_word' id='word_1_29' title='bbox 690 577 858 667; x_wconf 87' lang='lat' dir='ltr'><strong>corporalis</strong></span> <span class='ocrx_word' id='word_1_30' title='bbox 882 575 1051 641; x_wconf 76' lang='lat' dir='ltr'><strong>infirmitas</strong></span> <span class='ocrx_word' id='word_1_31' title='bbox 1078 577 1128 640; x_wconf 91' lang='lat' dir='ltr'><strong>in·</strong></span> 
     </span>
     <span class='ocr_line' id='line_1_6' title="bbox 200 666 1127 750; baseline -0.006 -15"><span class='ocrx_word' id='word_1_32' title='bbox 200 668 322 735; x_wconf 86' lang='lat' dir='ltr'><strong>tetdum</strong></span> <span class='ocrx_word' id='word_1_33' title='bbox 347 666 429 732; x_wconf 86' lang='lat' dir='ltr'><strong>utilis</strong></span> <span class='ocrx_word' id='word_1_34' title='bbox 452 679 497 731; x_wconf 85' lang='lat' dir='ltr'><strong>est</strong></span> <span class='ocrx_word' id='word_1_35' title='bbox 520 667 558 733; x_wconf 87' lang='lat' dir='ltr'><strong>ad</strong></span> <span class='ocrx_word' id='word_1_36' title='bbox 583 668 706 733; x_wconf 87' lang='lat' dir='ltr'><strong>animae</strong></span> <span class='ocrx_word' id='word_1_37' title='bbox 728 672 901 743; x_wconf 85' lang='lat' dir='ltr'><strong>sanitatem,</strong></span> <span class='ocrx_word' id='word_1_38' title='bbox 925 678 1015 750; x_wconf 88' lang='lat' dir='ltr'><strong>prout</strong></span> <span class='ocrx_word' id='word_1_39' title='bbox 1028 666 1127 729; x_wconf 83' lang='lat' dir='ltr'><strong>homo</strong></span> 
     </span>
     <span class='ocr_line' id='line_1_7' title="bbox 202 754 1127 841; baseline -0.003 -20"><span class='ocrx_word' id='word_1_40' title='bbox 202 756 412 821; x_wconf 85' lang='lat' dir='ltr'><strong>infirmitatem</strong></span> <span class='ocrx_word' id='word_1_41' title='bbox 435 756 630 841; x_wconf 77' lang='lat' dir='ltr'>corporalem</span> <span class='ocrx_word' id='word_1_42' title='bbox 669 759 798 822; x_wconf 87' lang='lat' dir='ltr'><strong>sustinet</strong></span> <span class='ocrx_word' id='word_1_43' title='bbox 836 754 993 821; x_wconf 79' lang='lat' dir='ltr'><strong>hunriliter</strong></span> <span class='ocrx_word' id='word_1_44' title='bbox 1016 765 1047 816; x_wconf 90' lang='lat' dir='ltr'><strong>et</strong></span> <span class='ocrx_word' id='word_1_45' title='bbox 1070 775 1127 838; x_wconf 83' lang='lat' dir='ltr'><strong>pa·</strong></span> 
     </span>
     <span class='ocr_line' id='line_1_8' title="bbox 203 844 1129 931; baseline -0.005 -20"><span class='ocrx_word' id='word_1_46' title='bbox 203 845 323 921; x_wconf 87' lang='lat' dir='ltr'><strong>tientcr,</strong></span> <span class='ocrx_word' id='word_1_47' title='bbox 346 857 376 907; x_wconf 89' lang='lat' dir='ltr'><strong>et</strong></span> <span class='ocrx_word' id='word_1_48' title='bbox 390 844 416 908; x_wconf 87' lang='lat' dir='ltr'><strong>ei</strong></span> <span class='ocrx_word' id='word_1_49' title='bbox 441 846 570 929; x_wconf 84' lang='lat' dir='ltr'><strong>quasiin</strong></span> <span class='ocrx_word' id='word_1_50' title='bbox 595 866 728 931; x_wconf 89' lang='lat' dir='ltr'><strong>poenam</strong></span> <span class='ocrx_word' id='word_1_51' title='bbox 740 846 971 911; x_wconf 79' lang='lat' dir='ltr'><strong>satisfactorium</strong></span> <span class='ocrx_word' id='word_1_52' title='bbox 993 862 1129 927; x_wconf 83' lang='lat' dir='ltr'><strong>compu-</strong></span> 
     </span>
     <span class='ocr_line' id='line_1_9' title="bbox 204 932 1128 1021; baseline -0.002 -23"><span class='ocrx_word' id='word_1_53' title='bbox 204 948 295 1000; x_wconf 89' lang='lat' dir='ltr'><strong>tatur.</strong></span> <span class='ocrx_word' id='word_1_54' title='bbox 319 932 368 1005; x_wconf 81' lang='lat' dir='ltr'><strong>Est</strong></span> <span class='ocrx_word' id='word_1_55' title='bbox 392 934 483 997; x_wconf 90' lang='lat' dir='ltr'><strong>etiam</strong></span> <span class='ocrx_word' id='word_1_56' title='bbox 522 936 710 1021; x_wconf 82' lang='lat' dir='ltr'><strong>quandoque</strong></span> <span class='ocrx_word' id='word_1_57' title='bbox 743 936 919 1021; x_wconf 83' lang='lat' dir='ltr'><strong>impeditira</strong></span> <span class='ocrx_word' id='word_1_58' title='bbox 958 932 1128 1016; x_wconf 86' lang='lat' dir='ltr'><strong>spiritualis</strong></span> 
     </span>
     <span class='ocr_line' id='line_1_10' title="bbox 203 1018 1128 1111; baseline -0.006 -23"><span class='ocrx_word' id='word_1_59' title='bbox 203 1023 319 1101; x_wconf 81' lang='lat' dir='ltr'><strong>salutis,</strong></span> <span class='ocrx_word' id='word_1_60' title='bbox 343 1035 434 1105; x_wconf 86' lang='lat' dir='ltr'><strong>prout</strong></span> <span class='ocrx_word' id='word_1_61' title='bbox 456 1041 493 1087; x_wconf 88' lang='lat' dir='ltr'><strong>ex</strong></span> <span class='ocrx_word' id='word_1_62' title='bbox 516 1022 693 1088; x_wconf 82' lang='lat' dir='ltr'><strong>infirmitate</strong></span> <span class='ocrx_word' id='word_1_63' title='bbox 721 1022 872 1111; x_wconf 89' lang='lat' dir='ltr'><strong>corporali</strong></span> <span class='ocrx_word' id='word_1_64' title='bbox 912 1018 1128 1106; x_wconf 84' lang='lat' dir='ltr'><strong>impediuntur</strong></span> 
     </span>
     <span class='ocr_line' id='line_1_11' title="bbox 204 1111 1127 1197; baseline -0.001 -21"><span class='ocrx_word' id='word_1_65' title='bbox 204 1112 341 1177; x_wconf 75' lang='lat' dir='ltr'><strong>virtutes.</strong></span> <span class='ocrx_word' id='word_1_66' title='bbox 366 1111 559 1176; x_wconf 76' lang='lat' dir='ltr'><strong>Conveniens</strong></span> <span class='ocrx_word' id='word_1_67' title='bbox 583 1114 675 1197; x_wconf 78' lang='lat' dir='ltr'><strong>igitur</strong></span> <span class='ocrx_word' id='word_1_68' title='bbox 698 1111 754 1176; x_wconf 88' lang='lat' dir='ltr'><strong>luit</strong></span> <span class='ocrx_word' id='word_1_69' title='bbox 778 1125 938 1177; x_wconf 88' lang='lat' dir='ltr'><strong>utcontra</strong></span> <span class='ocrx_word' id='word_1_70' title='bbox 962 1123 1127 1196; x_wconf 86' lang='lat' dir='ltr'><strong>peccatum</strong></span> 
     </span>
     <span class='ocr_line' id='line_1_12' title="bbox 204 1197 1128 1286; baseline -0.003 -20"><span class='ocrx_word' id='word_1_71' title='bbox 204 1200 304 1286; x_wconf 83' lang='lat' dir='ltr'><strong>aliqua</strong></span> <span class='ocrx_word' id='word_1_72' title='bbox 328 1200 493 1285; x_wconf 88' lang='lat' dir='ltr'><strong>spiritualis</strong></span> <span class='ocrx_word' id='word_1_73' title='bbox 517 1201 669 1267; x_wconf 87' lang='lat' dir='ltr'><strong>medicina</strong></span> <span class='ocrx_word' id='word_1_74' title='bbox 706 1202 916 1277; x_wconf 73' lang='lat' dir='ltr'>adhiberetur,</span> <span class='ocrx_word' id='word_1_75' title='bbox 951 1197 1128 1263; x_wconf 89' lang='lat' dir='ltr'><strong>secundum</strong></span> 
     </span>
     <span class='ocr_line' id='line_1_13' title="bbox 204 1287 1130 1375; baseline -0.001 -22"><span class='ocrx_word' id='word_1_76' title='bbox 204 1292 288 1375; x_wconf 87' lang='lat' dir='ltr'><strong>qnod</strong></span> <span class='ocrx_word' id='word_1_77' title='bbox 312 1309 349 1353; x_wconf 85' lang='lat' dir='ltr'><strong>ex</strong></span> <span class='ocrx_word' id='word_1_78' title='bbox 373 1302 498 1373; x_wconf 88' lang='lat' dir='ltr'><strong>peceato</strong></span> <span class='ocrx_word' id='word_1_79' title='bbox 521 1290 678 1355; x_wconf 88' lang='lat' dir='ltr'><strong>derivatur</strong></span> <span class='ocrx_word' id='word_1_80' title='bbox 700 1290 862 1355; x_wconf 84' lang='lat' dir='ltr'><strong>iufirmitas</strong></span> <span class='ocrx_word' id='word_1_81' title='bbox 878 1287 1057 1375; x_wconf 86' lang='lat' dir='ltr'><strong>corporalis,</strong></span> <span class='ocrx_word' id='word_1_82' title='bbox 1072 1307 1130 1373; x_wconf 87' lang='lat' dir='ltr'><strong>per</strong></span> 
     </span>
     <span class='ocr_line' id='line_1_14' title="bbox 205 1377 1128 1464; baseline -0.005 -20"><span class='ocrx_word' id='word_1_83' title='bbox 205 1399 297 1463; x_wconf 90' lang='lat' dir='ltr'><strong>quam</strong></span> <span class='ocrx_word' id='word_1_84' title='bbox 315 1378 440 1464; x_wconf 86' lang='lat' dir='ltr'><strong>quidem</strong></span> <span class='ocrx_word' id='word_1_85' title='bbox 465 1377 657 1464; x_wconf 88' lang='lat' dir='ltr'><strong>spiritualem</strong></span> <span class='ocrx_word' id='word_1_86' title='bbox 681 1380 867 1445; x_wconf 78' lang='lat' dir='ltr'><strong>medicinam</strong></span> <span class='ocrx_word' id='word_1_87' title='bbox 891 1392 1017 1443; x_wconf 88' lang='lat' dir='ltr'><strong>sanator</strong></span> <span class='ocrx_word' id='word_1_88' title='bbox 1039 1378 1128 1441; x_wconf 83' lang='lat' dir='ltr'><strong>iulie-</strong></span> 
     </span>
     <span class='ocr_line' id='line_1_15' title="bbox 205 1466 1129 1557; baseline -0.003 -26"><span class='ocrx_word' id='word_1_89' title='bbox 205 1470 295 1531; x_wconf 87' lang='lat' dir='ltr'><strong>utitas</strong></span> <span class='ocrx_word' id='word_1_90' title='bbox 318 1466 485 1553; x_wconf 81' lang='lat' dir='ltr'><strong>corporalis</strong></span> <span class='ocrx_word' id='word_1_91' title='bbox 524 1468 701 1557; x_wconf 87' lang='lat' dir='ltr'><strong>aliquando,</strong></span> <span class='ocrx_word' id='word_1_92' title='bbox 739 1490 810 1534; x_wconf 90' lang='lat' dir='ltr'><strong>cum</strong></span> <span class='ocrx_word' id='word_1_93' title='bbox 849 1467 964 1533; x_wconf 86' lang='lat' dir='ltr'><strong>scilicet</strong></span> <span class='ocrx_word' id='word_1_94' title='bbox 1001 1466 1129 1551; x_wconf 74' lang='lat' dir='ltr'><strong>expedit</strong></span> 
     </span>
     <span class='ocr_line' id='line_1_16' title="bbox 205 1556 1128 1639; baseline -0.002 -18"><span class='ocrx_word' id='word_1_95' title='bbox 205 1556 243 1621; x_wconf 84' lang='lat' dir='ltr'><strong>ad</strong></span> <span class='ocrx_word' id='word_1_96' title='bbox 266 1556 408 1632; x_wconf 71' lang='lat' dir='ltr'><strong>salutum</strong></span> <span class='ocrx_word' id='word_1_97' title='bbox 432 1569 461 1619; x_wconf 91' lang='lat' dir='ltr'><strong>et</strong></span> <span class='ocrx_word' id='word_1_98' title='bbox 484 1556 522 1620; x_wconf 91' lang='lat' dir='ltr'><strong>ad</strong></span> <span class='ocrx_word' id='word_1_99' title='bbox 547 1558 805 1639; x_wconf 73' lang='lat' dir='ltr'><strong>hocordinatum</strong></span> <span class='ocrx_word' id='word_1_100' title='bbox 828 1573 874 1621; x_wconf 85' lang='lat' dir='ltr'><strong>est</strong></span> <span class='ocrx_word' id='word_1_101' title='bbox 895 1568 1128 1620; x_wconf 79' lang='lat' dir='ltr'><strong>sacromentum</strong></span> 
     </span>
     <span class='ocr_line' id='line_1_17' title="bbox 205 1638 1128 1732; baseline 0 -25"><span class='ocrx_word' id='word_1_102' title='bbox 205 1652 361 1709; x_wconf 84' lang='lat' dir='ltr'><strong>extremae</strong></span> <span class='ocrx_word' id='word_1_103' title='bbox 385 1646 549 1723; x_wconf 83' lang='lat' dir='ltr'><strong>unctionis,</strong></span> <span class='ocrx_word' id='word_1_104' title='bbox 571 1648 696 1732; x_wconf 85' lang='lat' dir='ltr'><strong>dequo</strong></span> <span class='ocrx_word' id='word_1_105' title='bbox 719 1638 1033 1732; x_wconf 78' lang='lat' dir='ltr'><strong>dicuuulnfirnauir</strong></span> <span class='ocrx_word' id='word_1_106' title='bbox 1055 1644 1128 1727; x_wconf 81' lang='lat' dir='ltr'><strong>quis</strong></span> 
     </span>
     <span class='ocr_line' id='line_1_18' title="bbox 205 1733 1128 1821; baseline -0.002 -24"><span class='ocrx_word' id='word_1_107' title='bbox 205 1735 238 1797; x_wconf 83' lang='lat' dir='ltr'><strong>itt</strong></span> <span class='ocrx_word' id='word_1_108' title='bbox 249 1733 354 1798; x_wconf 79' lang='lat' dir='ltr'><strong>voltis?</strong></span> <span class='ocrx_word' id='word_1_109' title='bbox 362 1734 492 1798; x_wconf 81' lang='lat' dir='ltr'><strong>Indueot</strong></span> <span class='ocrx_word' id='word_1_110' title='bbox 501 1734 701 1821; x_wconf 76' lang='lat' dir='ltr'><strong>presbyteros</strong></span> <span class='ocrx_word' id='word_1_111' title='bbox 713 1735 916 1813; x_wconf 59' lang='lat' dir='ltr'><strong>&amp;desiccet</strong></span> <span class='ocrx_word' id='word_1_112' title='bbox 930 1744 1128 1815; x_wconf 86' lang='lat' dir='ltr'><strong>orentsupet·</strong></span> 
     </span>
     <span class='ocr_line' id='line_1_19' title="bbox 205 1823 1128 1908; baseline -0.004 -21"><span class='ocrx_word' id='word_1_113' title='bbox 205 1843 285 1901; x_wconf 84' lang='lat' dir='ltr'><strong>cum,</strong></span> <span class='ocrx_word' id='word_1_114' title='bbox 307 1836 454 1908; x_wconf 82' lang='lat' dir='ltr'><strong>unpeutes</strong></span> <span class='ocrx_word' id='word_1_115' title='bbox 477 1844 544 1888; x_wconf 86' lang='lat' dir='ltr'><strong>eum</strong></span> <span class='ocrx_word' id='word_1_116' title='bbox 560 1825 672 1888; x_wconf 83' lang='lat' dir='ltr'><strong>oleot&#39;u</strong></span> <span class='ocrx_word' id='word_1_117' title='bbox 687 1824 999 1898; x_wconf 64' lang='lat' dir='ltr'><strong>conlaudationem</strong></span> <span class='ocrx_word' id='word_1_118' title='bbox 1023 1823 1128 1885; x_wconf 87' lang='lat' dir='ltr'><strong>oratio</strong></span> 
     </span>
     <span class='ocr_line' id='line_1_20' title="bbox 203 1910 1128 2000; baseline -0.002 -25"><span class='ocrx_word' id='word_1_119' title='bbox 203 1912 277 1999; x_wconf 74' lang='lat' dir='ltr'><strong>fidei</strong></span> <span class='ocrx_word' id='word_1_120' title='bbox 299 1912 423 1977; x_wconf 82' lang='lat' dir='ltr'><strong>sonabit</strong></span> <span class='ocrx_word' id='word_1_121' title='bbox 444 1912 611 2000; x_wconf 76' lang='lat' dir='ltr'><strong>infirmum,</strong></span> <span class='ocrx_word' id='word_1_122' title='bbox 633 1914 709 1993; x_wconf 80' lang='lat' dir='ltr'><strong>lae,</strong></span> <span class='ocrx_word' id='word_1_123' title='bbox 744 1914 776 1992; x_wconf 76' lang='grc'><strong>5,</strong></span> <span class='ocrx_word' id='word_1_124' title='bbox 804 1914 913 1979; x_wconf 62' lang='lat' dir='ltr'><strong>tta-le.</strong></span> <span class='ocrx_word' id='word_1_125' title='bbox 937 1910 1000 1975; x_wconf 88' lang='lat' dir='ltr'><strong>Nec</strong></span> <span class='ocrx_word' id='word_1_126' title='bbox 1036 1930 1128 1998; x_wconf 89' lang='lat' dir='ltr'><strong>prac-</strong></span> 
     </span>
     <span class='ocr_line' id='line_1_21' title="bbox 202 2001 1129 2091; baseline -0.003 -25"><span class='ocrx_word' id='word_1_127' title='bbox 202 2001 319 2085; x_wconf 82' lang='lat' dir='ltr'><strong>judicat</strong></span> <span class='ocrx_word' id='word_1_128' title='bbox 343 2003 445 2066; x_wconf 85' lang='lat' dir='ltr'><strong>virtuti</strong></span> <span class='ocrx_word' id='word_1_129' title='bbox 458 2007 640 2068; x_wconf 72' lang='lat' dir='ltr'><strong>sacrementi</strong></span> <span class='ocrx_word' id='word_1_130' title='bbox 656 2006 682 2068; x_wconf 89' lang='lat' dir='ltr'><strong>si</strong></span> <span class='ocrx_word' id='word_1_131' title='bbox 699 2004 865 2091; x_wconf 88' lang='lat' dir='ltr'><strong>aliquando</strong></span> <span class='ocrx_word' id='word_1_132' title='bbox 882 2001 995 2070; x_wconf 83' lang='lat' dir='ltr'><strong>infirmi</strong></span> <span class='ocrx_word' id='word_1_133' title='bbox 1011 2001 1129 2087; x_wconf 79' lang='lat' dir='ltr'><strong>quibus</strong></span> 
     </span>
    </p>
   </div>
   <div class='ocr_carea' id='block_1_2' title="bbox 104 2089 1127 2167">
    <p class='ocr_par' dir='ltr' id='par_1_3' title="bbox 104 2089 1127 2167">
     <span class='ocr_line' id='line_1_22' title="bbox 104 2089 1127 2167; baseline -0.005 -11"><span class='ocrx_word' id='word_1_134' title='bbox 104 2116 107 2122; x_wconf 42' lang='lat' dir='ltr'><em>s</em></span> <span class='ocrx_word' id='word_1_135' title='bbox 206 2093 264 2156; x_wconf 92' lang='lat' dir='ltr'><strong>ltoc</strong></span> <span class='ocrx_word' id='word_1_136' title='bbox 287 2105 516 2167; x_wconf 79' lang='lat' dir='ltr'><strong>sacramentum</strong></span> <span class='ocrx_word' id='word_1_137' title='bbox 540 2092 698 2158; x_wconf 83' lang='lat' dir='ltr'><strong>consertor</strong></span> <span class='ocrx_word' id='word_1_138' title='bbox 721 2116 782 2159; x_wconf 92' lang='lat' dir='ltr'><strong>uon</strong></span> <span class='ocrx_word' id='word_1_139' title='bbox 806 2114 843 2158; x_wconf 82' lang='lat' dir='ltr'><strong>en</strong></span> <span class='ocrx_word' id='word_1_140' title='bbox 874 2106 938 2157; x_wconf 91' lang='lat' dir='ltr'><strong>toto</strong></span> <span class='ocrx_word' id='word_1_141' title='bbox 975 2090 1016 2154; x_wconf 86' lang='lat' dir='ltr'><strong>ab</strong></span> <span class='ocrx_word' id='word_1_142' title='bbox 1039 2089 1127 2153; x_wconf 86' lang='lat' dir='ltr'><strong>inlir·</strong></span> 
     </span>
    </p>
   </div>
   <div class='ocr_carea' id='block_1_3' title="bbox 202 2177 1130 3603">
    <p class='ocr_par' dir='ltr' id='par_1_4' title="bbox 202 2177 1130 3603">
     <span class='ocr_line' id='line_1_23' title="bbox 204 2177 1128 2268; baseline -0.001 -25"><span class='ocrx_word' id='word_1_143' title='bbox 204 2179 310 2243; x_wconf 88' lang='lat' dir='ltr'><strong>mitate</strong></span> <span class='ocrx_word' id='word_1_144' title='bbox 334 2180 486 2266; x_wconf 87' lang='lat' dir='ltr'><strong>corporali</strong></span> <span class='ocrx_word' id='word_1_145' title='bbox 511 2199 668 2260; x_wconf 89' lang='lat' dir='ltr'><strong>curantur,</strong></span> <span class='ocrx_word' id='word_1_146' title='bbox 705 2185 777 2268; x_wconf 90' lang='lat' dir='ltr'><strong>quia</strong></span> <span class='ocrx_word' id='word_1_147' title='bbox 812 2183 999 2268; x_wconf 91' lang='lat' dir='ltr'><strong>quandoque</strong></span> <span class='ocrx_word' id='word_1_148' title='bbox 1022 2177 1128 2242; x_wconf 88' lang='lat' dir='ltr'><strong>sanari</strong></span> 
     </span>
     <span class='ocr_line' id='line_1_24' title="bbox 203 2269 1129 2354; baseline -0.002 -22"><span class='ocrx_word' id='word_1_149' title='bbox 203 2269 415 2354; x_wconf 79' lang='lat' dir='ltr'><strong>corporaliter,</strong></span> <span class='ocrx_word' id='word_1_150' title='bbox 438 2271 529 2335; x_wconf 89' lang='lat' dir='ltr'><strong>etiarn</strong></span> <span class='ocrx_word' id='word_1_151' title='bbox 555 2273 649 2354; x_wconf 78' lang='lat' dir='ltr'><strong>digne</strong></span> <span class='ocrx_word' id='word_1_152' title='bbox 671 2272 730 2335; x_wconf 89' lang='lat' dir='ltr'><strong>hoc</strong></span> <span class='ocrx_word' id='word_1_153' title='bbox 745 2285 975 2336; x_wconf 79' lang='lat' dir='ltr'><strong>sacramentum</strong></span> <span class='ocrx_word' id='word_1_154' title='bbox 999 2286 1129 2331; x_wconf 82' lang='lat' dir='ltr'><strong>conteu-</strong></span> 
     </span>
     <span class='ocr_line' id='line_1_25' title="bbox 204 2355 1128 2446; baseline -0.003 -24"><span class='ocrx_word' id='word_1_155' title='bbox 204 2356 371 2436; x_wconf 84' lang='lat' dir='ltr'><strong>tibus,non</strong></span> <span class='ocrx_word' id='word_1_156' title='bbox 385 2371 430 2422; x_wconf 88' lang='lat' dir='ltr'><strong>est</strong></span> <span class='ocrx_word' id='word_1_157' title='bbox 454 2359 526 2423; x_wconf 86' lang='lat' dir='ltr'><strong>utile</strong></span> <span class='ocrx_word' id='word_1_158' title='bbox 549 2360 586 2422; x_wconf 87' lang='lat' dir='ltr'><strong>ad</strong></span> <span class='ocrx_word' id='word_1_159' title='bbox 610 2358 800 2446; x_wconf 84' lang='lat' dir='ltr'><strong>spiritualem</strong></span> <span class='ocrx_word' id='word_1_160' title='bbox 831 2359 970 2424; x_wconf 86' lang='lat' dir='ltr'><strong>salutem.</strong></span> <span class='ocrx_word' id='word_1_161' title='bbox 995 2355 1057 2420; x_wconf 87' lang='lat' dir='ltr'><strong>Nec</strong></span> <span class='ocrx_word' id='word_1_162' title='bbox 1080 2369 1128 2420; x_wconf 88' lang='lat' dir='ltr'><strong>ta·</strong></span> 
     </span>
     <span class='ocr_line' id='line_1_26' title="bbox 206 2445 1130 2534; baseline -0.002 -24"><span class='ocrx_word' id='word_1_163' title='bbox 206 2465 278 2514; x_wconf 85' lang='lat' dir='ltr'><strong>uten</strong></span> <span class='ocrx_word' id='word_1_164' title='bbox 303 2446 451 2512; x_wconf 74' lang='lat' dir='ltr'><strong>inutiliter</strong></span> <span class='ocrx_word' id='word_1_165' title='bbox 474 2463 609 2526; x_wconf 87' lang='lat' dir='ltr'><strong>sumunt,</strong></span> <span class='ocrx_word' id='word_1_166' title='bbox 645 2451 786 2534; x_wconf 86' lang='lat' dir='ltr'><strong>quamvis</strong></span> <span class='ocrx_word' id='word_1_167' title='bbox 809 2446 977 2534; x_wconf 85' lang='lat' dir='ltr'><strong>corporalis</strong></span> <span class='ocrx_word' id='word_1_168' title='bbox 1010 2445 1130 2509; x_wconf 84' lang='lat' dir='ltr'><strong>sanitas</strong></span> 
     </span>
     <span class='ocr_line' id='line_1_27' title="bbox 205 2535 1126 2622; baseline -0.001 -24"><span class='ocrx_word' id='word_1_169' title='bbox 205 2555 268 2599; x_wconf 91' lang='lat' dir='ltr'><strong>non</strong></span> <span class='ocrx_word' id='word_1_170' title='bbox 291 2550 448 2622; x_wconf 83' lang='lat' dir='ltr'><strong>sequatur.</strong></span> <span class='ocrx_word' id='word_1_171' title='bbox 473 2538 549 2602; x_wconf 83' lang='lat' dir='ltr'><strong>Cum</strong></span> <span class='ocrx_word' id='word_1_172' title='bbox 573 2537 657 2602; x_wconf 88' lang='lat' dir='ltr'><strong>coitu</strong></span> <span class='ocrx_word' id='word_1_173' title='bbox 682 2538 741 2602; x_wconf 85' lang='lat' dir='ltr'><strong>hoc</strong></span> <span class='ocrx_word' id='word_1_174' title='bbox 764 2551 991 2601; x_wconf 87' lang='lat' dir='ltr'><strong>sacramentum</strong></span> <span class='ocrx_word' id='word_1_175' title='bbox 1015 2535 1059 2598; x_wconf 90' lang='lat' dir='ltr'><strong>sie</strong></span> <span class='ocrx_word' id='word_1_176' title='bbox 1075 2554 1126 2598; x_wconf 88' lang='lat' dir='ltr'><strong>or·</strong></span> 
     </span>
     <span class='ocr_line' id='line_1_28' title="bbox 206 2624 1127 2712; baseline -0.002 -25"><span class='ocrx_word' id='word_1_177' title='bbox 206 2624 330 2710; x_wconf 86' lang='lat' dir='ltr'><strong>diuetor</strong></span> <span class='ocrx_word' id='word_1_178' title='bbox 352 2641 458 2690; x_wconf 85' lang='lat' dir='ltr'><strong>eontra</strong></span> <span class='ocrx_word' id='word_1_179' title='bbox 475 2626 684 2690; x_wconf 81' lang='lat' dir='ltr'><strong>infirmitatem</strong></span> <span class='ocrx_word' id='word_1_180' title='bbox 701 2629 838 2712; x_wconf 91' lang='lat' dir='ltr'><strong>corporis</strong></span> <span class='ocrx_word' id='word_1_181' title='bbox 853 2628 1037 2712; x_wconf 91' lang='lat' dir='ltr'><strong>inquantum</strong></span> <span class='ocrx_word' id='word_1_182' title='bbox 1051 2643 1127 2686; x_wconf 78' lang='lat' dir='ltr'><strong>cort-</strong></span> 
     </span>
     <span class='ocr_line' id='line_1_29' title="bbox 206 2713 1127 2802; baseline -0.001 -26"><span class='ocrx_word' id='word_1_183' title='bbox 206 2713 346 2796; x_wconf 89' lang='lat' dir='ltr'><strong>sequitur</strong></span> <span class='ocrx_word' id='word_1_184' title='bbox 369 2735 405 2779; x_wconf 89' lang='lat' dir='ltr'><strong>ex</strong></span> <span class='ocrx_word' id='word_1_185' title='bbox 440 2730 575 2802; x_wconf 90' lang='lat' dir='ltr'><strong>peccato,</strong></span> <span class='ocrx_word' id='word_1_186' title='bbox 599 2713 797 2780; x_wconf 81' lang='lat' dir='ltr'><strong>manifestum</strong></span> <span class='ocrx_word' id='word_1_187' title='bbox 831 2713 984 2802; x_wconf 89' lang='lat' dir='ltr'><strong>estquod</strong></span> <span class='ocrx_word' id='word_1_188' title='bbox 1015 2723 1127 2776; x_wconf 89' lang='lat' dir='ltr'><strong>contra</strong></span> 
     </span>
     <span class='ocr_line' id='line_1_30' title="bbox 208 2801 1126 2890; baseline 0.001 -27"><span class='ocrx_word' id='word_1_189' title='bbox 208 2801 282 2864; x_wconf 80' lang='lat' dir='ltr'><strong>alias</strong></span> <span class='ocrx_word' id='word_1_190' title='bbox 305 2803 446 2888; x_wconf 71' lang='lat' dir='ltr'><strong>sequelae</strong></span> <span class='ocrx_word' id='word_1_191' title='bbox 470 2803 585 2890; x_wconf 86' lang='lat' dir='ltr'><strong>peceati</strong></span> <span class='ocrx_word' id='word_1_192' title='bbox 609 2805 668 2867; x_wconf 89' lang='lat' dir='ltr'><strong>hoo</strong></span> <span class='ocrx_word' id='word_1_193' title='bbox 702 2819 929 2868; x_wconf 90' lang='lat' dir='ltr'><strong>sacramentum</strong></span> <span class='ocrx_word' id='word_1_194' title='bbox 953 2801 1126 2878; x_wconf 86' lang='lat' dir='ltr'><strong>ordinatur,</strong></span> 
     </span>
     <span class='ocr_line' id='line_1_31' title="bbox 208 2889 1126 2980; baseline 0.002 -28"><span class='ocrx_word' id='word_1_195' title='bbox 208 2907 288 2974; x_wconf 85' lang='lat' dir='ltr'><strong>quae</strong></span> <span class='ocrx_word' id='word_1_196' title='bbox 310 2905 381 2955; x_wconf 90' lang='lat' dir='ltr'><strong>suut</strong></span> <span class='ocrx_word' id='word_1_197' title='bbox 405 2895 540 2980; x_wconf 88' lang='lat' dir='ltr'><strong>pronitas</strong></span> <span class='ocrx_word' id='word_1_198' title='bbox 563 2893 602 2956; x_wconf 90' lang='lat' dir='ltr'><strong>ad</strong></span> <span class='ocrx_word' id='word_1_199' title='bbox 625 2889 742 2956; x_wconf 90' lang='lat' dir='ltr'><strong>malum</strong></span> <span class='ocrx_word' id='word_1_200' title='bbox 766 2905 799 2957; x_wconf 87' lang='lat' dir='ltr'><strong>et</strong></span> <span class='ocrx_word' id='word_1_201' title='bbox 821 2892 980 2957; x_wconf 86' lang='lat' dir='ltr'><strong>difficultas</strong></span> <span class='ocrx_word' id='word_1_202' title='bbox 1004 2889 1044 2955; x_wconf 88' lang='lat' dir='ltr'><strong>ad</strong></span> <span class='ocrx_word' id='word_1_203' title='bbox 1068 2891 1126 2954; x_wconf 93' lang='lat' dir='ltr'><strong>bo-</strong></span> 
     </span>
     <span class='ocr_line' id='line_1_32' title="bbox 209 2979 1126 3066; baseline 0.001 -25"><span class='ocrx_word' id='word_1_204' title='bbox 209 2999 295 3055; x_wconf 84' lang='lat' dir='ltr'><strong>num3</strong></span> <span class='ocrx_word' id='word_1_205' title='bbox 319 2995 348 3045; x_wconf 91' lang='lat' dir='ltr'><strong>et</strong></span> <span class='ocrx_word' id='word_1_206' title='bbox 372 2994 455 3046; x_wconf 88' lang='lat' dir='ltr'><strong>tanto</strong></span> <span class='ocrx_word' id='word_1_207' title='bbox 480 2983 577 3065; x_wconf 76' lang='lat' dir='ltr'><strong>magis</strong></span> <span class='ocrx_word' id='word_1_208' title='bbox 600 2994 715 3066; x_wconf 89' lang='lat' dir='ltr'><strong>quanto</strong></span> <span class='ocrx_word' id='word_1_209' title='bbox 737 2979 914 3066; x_wconf 86' lang='lat' dir='ltr'><strong>hujusmodi</strong></span> <span class='ocrx_word' id='word_1_210' title='bbox 931 2981 1126 3044; x_wconf 81' lang='lat' dir='ltr'><strong>infirmitates</strong></span> 
     </span>
     <span class='ocr_line' id='line_1_33' title="bbox 207 3061 1126 3157; baseline 0.001 -26"><span class='ocrx_word' id='word_1_211' title='bbox 207 3069 329 3132; x_wconf 87' lang='lat' dir='ltr'><strong>animae</strong></span> <span class='ocrx_word' id='word_1_212' title='bbox 352 3083 423 3134; x_wconf 88' lang='lat' dir='ltr'><strong>sunt</strong></span> <span class='ocrx_word' id='word_1_213' title='bbox 446 3061 681 3157; x_wconf 78' lang='lat' dir='ltr'><strong>propinquiores</strong></span> <span class='ocrx_word' id='word_1_214' title='bbox 705 3083 937 3156; x_wconf 88' lang='lat' dir='ltr'><strong>peccatoqoam</strong></span> <span class='ocrx_word' id='word_1_215' title='bbox 961 3068 1126 3132; x_wconf 86' lang='lat' dir='ltr'><strong>inlirmitas</strong></span> 
     </span>
     <span class='ocr_line' id='line_1_34' title="bbox 204 3157 1125 3246; baseline -0.003 -24"><span class='ocrx_word' id='word_1_216' title='bbox 204 3157 382 3243; x_wconf 82' lang='lat' dir='ltr'><strong>corporalis.</strong></span> <span class='ocrx_word' id='word_1_217' title='bbox 407 3159 441 3224; x_wconf 87' lang='lat' dir='ltr'><strong>Et</strong></span> <span class='ocrx_word' id='word_1_218' title='bbox 464 3160 589 3246; x_wconf 85' lang='lat' dir='ltr'><strong>quidem</strong></span> <span class='ocrx_word' id='word_1_219' title='bbox 613 3158 792 3244; x_wconf 87' lang='lat' dir='ltr'><strong>hujusmodi</strong></span> <span class='ocrx_word' id='word_1_220' title='bbox 819 3158 1010 3223; x_wconf 82' lang='lat' dir='ltr'><strong>infirmitates</strong></span> <span class='ocrx_word' id='word_1_221' title='bbox 1032 3157 1125 3241; x_wconf 86' lang='lat' dir='ltr'><strong>spiri·</strong></span> 
     </span>
     <span class='ocr_line' id='line_1_35' title="bbox 204 3246 1124 3334; baseline -0.001 -25"><span class='ocrx_word' id='word_1_222' title='bbox 204 3249 301 3312; x_wconf 78' lang='lat' dir='ltr'><strong>tuales</strong></span> <span class='ocrx_word' id='word_1_223' title='bbox 325 3266 380 3333; x_wconf 91' lang='lat' dir='ltr'><strong>per</strong></span> <span class='ocrx_word' id='word_1_224' title='bbox 403 3247 622 3334; x_wconf 85' lang='lat' dir='ltr'><strong>poeniteutiam</strong></span> <span class='ocrx_word' id='word_1_225' title='bbox 645 3261 717 3313; x_wconf 82' lang='lat' dir='ltr'><strong>suin</strong></span> <span class='ocrx_word' id='word_1_226' title='bbox 739 3246 905 3325; x_wconf 87' lang='lat' dir='ltr'><strong>curandae,</strong></span> <span class='ocrx_word' id='word_1_227' title='bbox 935 3257 1026 3332; x_wconf 92' lang='lat' dir='ltr'><strong>prout</strong></span> <span class='ocrx_word' id='word_1_228' title='bbox 1049 3262 1124 3329; x_wconf 89' lang='lat' dir='ltr'><strong>poe-</strong></span> 
     </span>
     <span class='ocr_line' id='line_1_36' title="bbox 203 3335 1126 3423; baseline 0.001 -26"><span class='ocrx_word' id='word_1_229' title='bbox 203 3337 302 3398; x_wconf 90' lang='lat' dir='ltr'><strong>nitens</strong></span> <span class='ocrx_word' id='word_1_230' title='bbox 326 3355 381 3422; x_wconf 90' lang='lat' dir='ltr'><strong>per</strong></span> <span class='ocrx_word' id='word_1_231' title='bbox 403 3357 497 3423; x_wconf 89' lang='lat' dir='ltr'><strong>opera</strong></span> <span class='ocrx_word' id='word_1_232' title='bbox 514 3337 643 3414; x_wconf 84' lang='lat' dir='ltr'><strong>virtutis,</strong></span> <span class='ocrx_word' id='word_1_233' title='bbox 665 3337 779 3423; x_wconf 87' lang='lat' dir='ltr'><strong>quibus</strong></span> <span class='ocrx_word' id='word_1_234' title='bbox 789 3335 1006 3402; x_wconf 82' lang='lat' dir='ltr'><strong>satisfaciendo</strong></span> <span class='ocrx_word' id='word_1_235' title='bbox 1017 3342 1126 3412; x_wconf 83' lang='lat' dir='ltr'><strong>utitur,</strong></span> 
     </span>
     <span class='ocr_line' id='line_1_37' title="bbox 202 3423 1123 3507; baseline 0.003 -22"><span class='ocrx_word' id='word_1_236' title='bbox 202 3440 219 3485; x_wconf 90' lang='lat' dir='ltr'><strong>a</strong></span> <span class='ocrx_word' id='word_1_237' title='bbox 243 3423 330 3486; x_wconf 90' lang='lat' dir='ltr'><strong>malis</strong></span> <span class='ocrx_word' id='word_1_238' title='bbox 354 3426 519 3490; x_wconf 87' lang='lat' dir='ltr'><strong>retrahitur</strong></span> <span class='ocrx_word' id='word_1_239' title='bbox 531 3439 562 3489; x_wconf 90' lang='lat' dir='ltr'><strong>et</strong></span> <span class='ocrx_word' id='word_1_240' title='bbox 584 3426 624 3490; x_wconf 83' lang='lat' dir='ltr'><strong>ad</strong></span> <span class='ocrx_word' id='word_1_241' title='bbox 640 3425 758 3491; x_wconf 91' lang='lat' dir='ltr'><strong>bouum</strong></span> <span class='ocrx_word' id='word_1_242' title='bbox 772 3425 944 3491; x_wconf 84' lang='lat' dir='ltr'><strong>inclinatur.</strong></span> <span class='ocrx_word' id='word_1_243' title='bbox 960 3423 1034 3501; x_wconf 84' lang='lat' dir='ltr'><strong>Sed,</strong></span> <span class='ocrx_word' id='word_1_244' title='bbox 1048 3423 1123 3507; x_wconf 84' lang='lat' dir='ltr'><strong>quia</strong></span> 
     </span>
     <span class='ocr_line' id='line_1_38' title="bbox 204 3510 1124 3603; baseline 0.004 -31"><span class='ocrx_word' id='word_1_245' title='bbox 204 3510 366 3590; x_wconf 66' lang='lat' dir='ltr'><strong>tranunt</strong></span> <span class='ocrx_word' id='word_1_246' title='bbox 377 3532 432 3598; x_wconf 91' lang='lat' dir='ltr'><strong>pcr</strong></span> <span class='ocrx_word' id='word_1_247' title='bbox 447 3513 666 3599; x_wconf 74' lang='lat' dir='ltr'><strong>negligentiam</strong></span> <span class='ocrx_word' id='word_1_248' title='bbox 679 3529 732 3580; x_wconf 88' lang='lat' dir='ltr'><strong>aut</strong></span> <span class='ocrx_word' id='word_1_249' title='bbox 747 3535 803 3603; x_wconf 91' lang='lat' dir='ltr'><strong>per</strong></span> <span class='ocrx_word' id='word_1_250' title='bbox 824 3511 1044 3601; x_wconf 78' lang='lat' dir='ltr'><strong>occupationes</strong></span> <span class='ocrx_word' id='word_1_251' title='bbox 1067 3530 1124 3576; x_wconf 82' lang='lat' dir='ltr'><strong>re·</strong></span> 
     </span>
    </p>
   </div>
   <div class='ocr_carea' id='block_1_4' title="bbox 0 0 1253 3975">
    <p class='ocr_par' dir='ltr' id='par_1_5' title="bbox 0 0 1253 3975">
     <span class='ocr_line' id='line_1_39' title="bbox 0 0 1253 3975; baseline 0 0"><span class='ocrx_word' id='word_1_252' title='bbox 0 0 1253 3975; x_wconf 95' lang='lat' dir='ltr'><strong> </strong></span> 
     </span>
    </p>
   </div>
  </div>
 </body>
</html>
