2484 3975
222 205 266 274 88
518 227 573 276 un.
597 226 637 274 ru.
659 227 722 274 aar.
746 228 831 274 mur
904 222 911 239 ·

221 296 299 360 ritus
322 293 450 364 Sumtus
472 295 587 384 ubique
604 309 661 374 εει,
683 299 736 384 qui
758 296 873 381 ubique
894 307 926 360 ει
948 294 1145 382 ubicumque
1216 204 1218 361 i

222 384 354 452 existens
377 384 534 454 inhahitat.
559 385 788 472 Spiritusnrgo
809 384 939 450 Sanctus
975 385 1058 450 Deus
1081 397 1142 450 εει.

205 529 208 534 ,
288 471 461 552 Praetores,
485 474 633 561 Expresso
653 475 686 540 in
709 475 865 562 Scriptura
895 473 1025 559 Spiritus
1058 471 1143 538 San·

221 573 288 634 ntus
309 562 421 650 (Deus)
445 564 631 640 nominatum
654 563 726 629 dicit
748 565 831 630 onim
855 563 973 628 Petrus:
1002 561 1144 639 Ananim,

224 671 279 716 aar
303 653 431 716 tentooit
454 651 590 718 Satanas
611 671 663 716 cnr
687 664 781 732 tuum,
802 652 927 718 mentiri
951 663 979 716 ιε
1007 649 1144 732 Spiritui

224 738 352 806 Sancto?
373 742 453 825 (Act.
476 741 591 825 Apost„
613 741 645 817 5,
666 742 712 820 ὅ),
727 756 759 807 ει
781 753 885 825 postea
897 739 1008 806 subdit:
1021 738 1092 804 Non
1105 759 1144 804 es

222 830 367 895 mentitus
389 829 561 900 bominibus
582 830 638 895 rad
660 831 736 910 Deo,
759 830 848 908 ibid,
870 830 900 895 d.
917 828 1047 916 Spiritus
1061 846 1145 911 ergo

222 917 351 982 Sanctus
374 931 419 982 εει
444 917 538 984 Deus.

290 1006 376 1083 hem,
399 1005 527 1072 Dicitur:
553 1007 612 1088 Qui
635 1008 772 1092 loquitur
794 1008 908 1092 timna,
947 1025 1009 1069 non
1040 1003 1145 1069 honri·

222 1093 312 1160 nibus
329 1094 473 1176 loquitur,
495 1095 550 1162 aad
572 1097 648 1176 Βεες
670 1117 760 1162 nemo
781 1098 862 1161 enim
886 1096 985 1172 audit,
1003 1092 1148 1176 Spiritus

221 1194 325 1248 autem
349 1183 483 1266 ioquitrn·
507 1187 666 1269 mysteria,
690 1186 815 1262 hilum,
854 1186 906 1259 tt,
940 1184 972 1260 n
1005 1201 1045 1247 es
1076 1201 1146 1267 quo
1219 1204 1220 1209 ¹

223 1267 412 1358 (Apostolus)
437 1272 488 1338 dut
511 1273 682 1358 intelligere
702 1274 786 1360 quod
810 1275 942 1360 Spiritus
956 1268 1147 1358 loquebatur

225 1361 256 1426 in
281 1359 328 1424 his
351 1360 402 1443 qui
427 1362 517 1426 variis
540 1362 653 1447 linguis
686 1362 902 1449 loquebantur.
937 1358 1146 1426 Postmodum

224 1461 327 1514 nutem
351 1447 436 1514 dicit:
448 1449 483 1513 In
499 1452 561 1534 iope
584 1453 733 1534 scriptum
755 1464 814 1517 εει·
839 1452 991 1532 Quoniam
1012 1449 1045 1513 in
1067 1449 1148 1514 aliis

225 1538 337 1624 linquis
360 1548 390 1602 ει
413 1537 505 1604 labiis
528 1540 601 1604 oh'is
624 1541 734 1623 loquar
754 1543 871 1625 populo
908 1541 990 1615 huic,
1020 1548 1050 1602 ει
1085 1556 1147 1600 neo

223 1627 269 1692 sic
290 1626 455 1692 exaudient
477 1649 534 1706 me,
556 1629 631 1693 dicit
652 1629 815 1708 Dominus,
838 1629 925 1705 ibid,
946 1624 1148 1712 PhSpiritus

224 1733 299 1800 ergo
322 1713 469 1793 Sanetuss
483 1717 537 1804 qni
560 1717 695 1804 loquitur
717 1719 864 1804 mysteria
890 1717 1018 1784 diversis
1051 1712 1146 1780 lobiis

226 1817 257 1872 et
278 1803 401 1888 linguis,
424 1805 507 1872 neus
530 1820 585 1872 εει.

291 1892 409 1971 Adhuc,
434 1893 505 1960 Post
528 1915 624 1981 psum
646 1895 798 1962 subditur.
822 1895 856 1961 Si
878 1915 983 1960 omnes
1007 1892 1148 1980 prophe-

227 1988 299 2061 tent,
321 1981 414 2048 intret
436 1995 539 2051 autem
560 1986 628 2069 quis
650 1985 783 2072 infidelis
805 1988 855 2050 uei
875 1985 985 2060 idiota,
1017 1981 1146 2049 ammin-

227 2072 307 2137 attor
328 2070 369 2137 uh
391 2071 542 2151 omnihus,
564 2075 773 2157 dijudicantur
793 2073 835 2139 ab
857 2073 997 2139 omnibus
1011 2072 1153 2148 orruita3

226 2162 330 2227 cordis
352 2162 417 2243 ejus
440 2163 604 2247 manifesto
627 2165 713 2251 hirst,
735 2175 766 2227 ει
786 2165 832 2227 ita
845 2164 958 2228 cadens
979 2164 1011 2225 in
1032 2161 1148 2245 seruiens

188 2252 190 2257 ’
225 2250 371 2317 adorabit
394 2250 503 2326 Deum,
515 2254 814 2337 pronuntiansqnod
828 2272 899 2317 uere
913 2252 995 2316 nen
1010 2251 1043 2314 in
1055 2248 1150 2314 uobis
1223 2249 1224 2292 ³

225 2339 275 2417 sit,
288 2339 374 2413 ibid..
398 2338 508 2404 utut.
532 2339 618 2405 Pstst
640 2355 823 2427 sutem,por
846 2340 876 2405 id
892 2339 975 2427 quod
988 2338 1149 2423 proemisit

227 2427 418 2515 (Apostolus)
441 2428 523 2513 quod
547 2428 676 2515 Spiritus
705 2430 840 2516 loquitur
873 2429 1027 2515 mysterio,
1059 2424 1148 2513 quod

227 2516 430 2583 manifestatio
452 2516 643 2583 occultorum
666 2518 767 2584 cordis
789 2540 806 2583 a
830 2519 944 2604 Spiritu
961 2517 1074 2581 Sancto
1097 2514 1146 2592 fit3

226 2606 311 2689 quod
333 2619 379 2671 εει
401 2607 559 2692 proprium
583 2606 748 2673 divinitatis
770 2608 903 2692 signum
926 2603 1146 2671 diciturenim:

228 2695 363 2761 Pronum
385 2704 430 2759 εει
452 2714 504 2757 cor
526 2697 673 2773 omnium,
694 2708 725 2761 ει
745 2695 957 2763 inscrutabile:
994 2694 1063 2779 quir
1095 2692 1149 2758 εε-

210 2792 349 2871 ’9ιιοεεει
368 2782 465 2849 tttndt
479 2782 541 2867 Epo
557 2784 708 2850 Dominus
729 2785 873 2851 sor-utam
896 2799 948 2849 ror
963 2792 993 2848 ει
1006 2779 1148 2865 probans

226 2892 324 2945 rmes,
349 2872 473 2950 ierem,
499 2874 553 2950 17,
575 2873 665 2949 9403
689 2874 772 2938 unde
795 2892 831 2938 ex
855 2870 1147 2939 hnoindioinotiom
1223 2897 1224 2902 ¹

227 2960 361 3027 infidelis
400 2961 590 3045 perpendere
623 2961 735 3027 dicitur
768 2962 852 3047 quod
893 2962 943 3027 itte
980 2962 1033 3045 qui
1067 2958 1148 3024 huso

228 3050 347 3119 arcun
369 3048 509 3115 cordium
533 3051 668 3136 loquitur
690 3051 729 3115 sit
764 3050 857 3115 Deus.
896 3050 975 3134 Ergo
1013 3046 1147 3134 Spiritus

228 3138 357 3206 Sanotus
381 3138 465 3203 Deus
488 3153 542 3205 est.

293 3228 380 3305 hem,
403 3226 515 3291 Parum
541 3239 608 3313 post
630 3226 715 3292 dicit:
748 3226 881 3311 Spiritus
922 3224 1150 3309 Prophetarum

231 3316 393 3400 Prophetis
416 3314 543 3399 subjecti
565 3327 646 3381 sunt.
669 3316 739 3381 Non
763 3316 911 3379 nument
945 3312 1151 3379 dimensionis

229 3406 322 3482 Deus,
345 3406 399 3469 sod
418 3407 517 3488 pacis,
542 3404 555 3469 i
584 3403 665 3479 Cor„
692 3404 743 3482 id,
767 3404 881 3469 as-ttt.
905 3402 1026 3467 Gratiae
1041 3412 1149 3465 nutem

228 3494 477 3581 Prophetarum,
498 3512 574 3579 qum
595 3492 720 3579 spiritus
748 3492 971 3579 Prophetarum
1005 3488 1150 3559 namins-
