2484 3975
223 215 289 282 aba
521 257 526 269 ι
599 238 769 284 onusccnurr

222 307 375 372 rationem
400 327 518 387 sensus,
540 307 722 392 inquantum
759 320 806 371 est
827 306 961 371 sentiens
991 307 1023 371 in
1063 321 1150 386 actm

223 395 405 481 phantasma
430 397 512 461 enim
536 409 581 460 est
605 411 706 461 motus
719 395 814 461 lactus
829 416 846 459 a
861 416 952 461 seusu
969 396 1146 463 secundum

222 498 336 560 actum,
359 497 392 548 ut
415 483 526 550 dicitur
540 485 579 549 'in
603 485 692 550 tertio
715 484 797 551 libro
818 484 858 548 de
881 485 999 549 lluima.
1022 520 1066 534 -
1090 485 1148 551 Sc·

221 572 323 636 cundo
347 592 430 650 vero,
452 573 522 659 quia
547 574 602 639 ista
614 573 788 657 conjunctio
804 594 865 636 nou
878 589 957 637 esset
969 574 1146 640 secundum

221 660 336 745 aliquid
361 681 467 735 unum,
491 661 544 726 aed
574 663 746 729 secundum
780 661 909 727 diversa.
948 662 1144 729 Manifestum

221 763 267 812 ast
290 750 371 813 euim
396 749 479 836 quod
502 751 620 835 species
644 750 852 835 intelligibilis,
868 752 1041 815 secundum
1060 751 1146 838 quud
1233 792 1234 819 ι

220 850 266 901 εει
290 837 319 902 in
345 838 618 922 phantasmatibus,
641 854 688 904 εει
710 839 863 904 intellecta
888 841 919 903 in
943 841 1093 924 potentia3
1115 841 1147 906 ia

221 925 378 990 intellectu
402 941 506 992 autem
530 928 665 1014 possibili
704 941 750 992 εει
782 927 954 992 secondum
992 929 1079 1014 quod
1103 943 1148 994 est

222 1014 374 1080 intellecta
398 1017 428 1080 in
454 1030 533 1092 actu,
571 1017 720 1082 abstracta
758 1036 775 1079 a
815 1017 1092 1100 phantasmatibus.
1115 1017 1147 1083 Si

222 1123 296 1186 crgo
319 1105 436 1185 species
459 1105 661 1190 intelligibilis
684 1127 745 1170 non
769 1119 816 1170 est
837 1104 936 1172 t'orrna
958 1107 1147 1172 'intellectus

221 1191 383 1276 possibilis,
405 1193 464 1257 nisi
491 1193 662 1258 secundum
686 1192 770 1279 quod
790 1208 837 1258 cst
849 1193 998 1259 abstracta
1013 1218 1032 1261 a
1048 1196 1151 1283 phan-

221 1281 414 1354 tasmatibus,
437 1284 575 1366 sequitur·
597 1281 679 1368 quod
704 1303 759 1367 per
771 1284 905 1368 speciem
921 1283 1148 1368 intelligibilem

222 1387 284 1432 nou
297 1369 495 1435 continuatur
512 1371 684 1438 intellectus
698 1371 972 1453 phantasmatibus,
983 1375 1039 1437 sed
1048 1373 1150 1457 magis

222 1455 261 1521 ab
285 1457 329 1522 eis
353 1471 399 1522 est
422 1473 590 1544 separatus;
614 1459 672 1524 nisi
695 1458 774 1523 sorte
797 1459 916 1525 dicatur
938 1461 1021 1544 quod
1058 1460 1149 1526 intel·

222 1543 319 1610 lecttls
344 1547 495 1630 possibilis
534 1548 730 1612 continuatur
767 1549 1033 1632 phantasmatibus
1070 1551 1154 1622 sicut

222 1635 413 1718 speculatum
438 1638 636 1701 continuatur
660 1637 779 1701 homini
801 1636 889 1722 cujus
911 1639 1028 1723 species
1053 1639 1150 1704 resul·
1233 1710 1234 1723 χ

223 1735 264 1786 tat
289 1725 318 1786 in
343 1725 478 1809 speculo.
502 1725 585 1790 Talis
607 1740 711 1790 autem
735 1727 926 1791 continuatio
948 1726 1149 1793 manifestum

223 1825 269 1874 εει
292 1813 375 1896 quod
400 1833 462 1878 non
485 1813 597 1880 sulficit
621 1813 659 1878 ad
683 1815 947 1878 continuationem
970 1831 1067 1893 actum
1083 1837 1150 1886 ma·

221 1898 367 1964 nilcstum
391 1915 436 1966 cst
459 1902 540 1966 enim
565 1902 650 1986 quod
671 1903 751 1967 actio
776 1903 904 1990 speculi,
927 1924 1007 1989 qum
1029 1918 1076 1969 est
1099 1925 1151 1985 rc-¹

223 1993 517 2073 praesentat-estnon
543 2007 666 2079 propter
689 1992 749 2056 hoc
779 2007 880 2078 potest
900 1994 1024 2057 attribui
1049 1994 1148 2059 homi·

221 2077 263 2141 ui:
287 2077 382 2159 unde
406 2099 464 2145 nec
506 2082 586 2146 actio
621 2080 794 2145 intellectus
831 2081 984 2167 possibilia
1022 2097 1149 2169 propter

221 2166 409 2251 praedictam
433 2169 661 2249 copulationem
691 2183 794 2254 posset
816 2170 958 2234 attribui
979 2170 1053 2235 huic
1090 2172 1148 2237 ho·

221 2254 296 2319 nrini
321 2258 372 2341 qui
397 2271 440 2321 εει
466 2258 619 2335 Socrates,
643 2273 675 2323 nt
698 2258 747 2323 hic
770 2260 865 2323 humo
887 2259 1079 2343 intelligeret.
1102 2295 1147 2309 ·-

222 2343 338 2422 Tertio,
362 2346 445 2432 quia,
467 2346 538 2411 dato
562 2346 644 2433 quod
669 2368 729 2412 nna
753 2361 784 2411 et
806 2347 916 2412 eadam
949 2352 1068 2433 species
1090 2369 1148 2413 nu·

223 2452 312 2499 mero
336 2449 416 2500 esset
440 2434 537 2499 lorma
562 2435 733 2501 intellectus
756 2436 1146 2520 possibilisctessetsimul

222 2521 254 2585 in
279 2522 555 2607 phantasmatibus,
578 2545 636 2589 noc
658 2523 760 2589 adhuc
783 2524 852 2589 talis
884 2524 1039 2609 copulatio
1060 2524 1144 2591 sulli-

222 2626 304 2675 cerer
328 2612 365 2675 ad
390 2612 449 2677 hoc
471 2614 554 2699 quod
569 2613 619 2678 hic
636 2612 730 2677 homo
747 2613 938 2697 intelligeret.
949 2613 1146 2679 llanilestum
1233 2647 1234 2698 3

221 2713 267 2763 cst
289 2700 372 2765 enim
397 2702 482 2786 quod
518 2704 573 2788 per
615 2703 751 2787 speciem
787 2701 1008 2784 intelligibilem
1030 2702 1146 2787 aliquid
1233 2705 1234 2724 ¹

221 2785 409 2872 intelligitur,
445 2789 498 2855 sed
523 2810 576 2875 per
598 2792 766 2877 potentiam
788 2790 1001 2858 intellectivam
1030 2790 1148 2877 aliquid

221 2875 373 2962 intelligia
396 2880 473 2945 sicut
496 2880 590 2943 etiam
616 2899 672 2966 per
686 2880 822 2964 speciem
839 2878 1017 2943 sensibilem
1029 2878 1146 2964 aliquid
1233 2901 1234 2904 ’

220 2971 360 3045 sentitur,
395 2988 449 3053 per
484 2968 653 3052 potentiam
688 2982 790 3032 autem
825 2968 999 3031 sensitivam
1035 2968 1147 3051 aliquia

222 3057 324 3129 sentin
348 3058 431 3121 unde
455 3056 567 3143 paries,
591 3056 620 3120 in
645 3076 706 3142 quo
729 3072 775 3121 est
795 3055 889 3120 color¹
917 3055 1004 3140 cujus
1026 3057 1145 3142 species
1233 3071 1234 3142 ι

222 3144 374 3210 sensibilis
399 3146 429 3208 in
453 3158 520 3209 actu
545 3156 601 3222 est,
625 3144 655 3207 in
689 3144 754 3209 visu
792 3144 923 3224 videtur,
955 3164 1018 3208 uon
1052 3143 1144 3222 uiden
1233 3149 1234 3154 ’

105 3298 120 3323 ,
222 3232 336 3298 animal
360 3246 463 3297 autem
489 3231 605 3297 habena
634 3234 800 3318 potentiam
839 3233 979 3309 visivam,
1015 3234 1046 3297 iu
1083 3253 1144 3319 qua

222 3333 268 3384 est
291 3322 357 3386 talis
381 3321 508 3407 species,
532 3320 623 3385 videt.
647 3320 730 3384 Talis
768 3335 871 3385 autern
909 3336 955 3387 est
989 3320 1142 3406 praedicto
1233 3345 1234 3392 1

222 3410 376 3495 copulatio
399 3408 571 3474 intellectus
595 3409 749 3494 possibilis
772 3409 811 3473 ad
836 3410 1005 3487 hominem,
1027 3410 1058 3474 in
1081 3429 1144 3495 quo

221 3514 292 3561 sunt
315 3500 528 3586 phantasmata
551 3516 684 3584 quorum
708 3499 825 3586 species
848 3514 919 3565 suut
941 3500 973 3565 in
989 3497 1143 3566 intellectu
1233 3525 1234 3540 ι
