2484 3975
465 208 521 255 ιιι.
547 208 586 253 ιι.
610 208 673 253 ιιι.
697 188 785 254 cxxi(
1017 187 1081 254 966

159 274 226 361 ipse
250 285 296 341 est
313 277 496 361 propitiatio
515 298 576 362 pra
607 280 744 363 peccatis
776 278 903 355 nostris,
940 277 952 340 l
981 276 1083 354 loen„

160 366 193 443 6,
217 365 283 441 1·6;
316 386 395 449 quae
418 366 543 451 quidem
566 366 658 433 verba
686 364 882 431 manifestum
917 378 963 429 est
998 367 1082 452 quod

161 454 305 521 fidelibus
322 454 387 539 jam
419 455 532 520 renatis
568 455 828 542 proponebantur.
853 453 965 519 Paulus
987 455 1079 520 etiam

161 542 200 606 de
220 542 379 608 Corinthio
393 542 559 608 fornicario
576 545 692 609 scribit:
718 543 840 630 Sufficit
860 544 922 619 illi,
937 542 991 627 qui
1004 545 1082 628 ejas·

156 632 246 696 madi
267 642 323 711 est,
345 630 517 717 objurpatio
540 632 616 697 lace
646 652 726 717 quae
747 635 825 720 fita
857 630 1082 716 plenilunio

158 731 195 784 ut
214 740 230 784 e
254 724 409 785 contrario
432 724 530 807 mapis
551 722 683 799 donetis,
698 721 946 798 eteonsalernini,
962 720 983 784 6
999 719 1081 797 θοι,

114 893 120 897 ¹
160 808 193 886 2,
215 809 283 885 6-73
306 823 336 874 el
359 810 437 875 inira
460 810 543 875 dicit:
570 810 708 885 Gaudeo,
729 830 791 873 non
818 810 891 892 auia
906 810 1081 873 contristati

160 899 245 973 estis,
267 898 322 961 sed
344 899 416 985 quia
439 900 613 963 contristati
634 901 708 963 estis
730 900 773 962 ad
803 900 1036 981 paenitentiam,
1059 898 1081 963 6

159 985 241 1065 Con,
264 987 295 1061 7,
318 986 349 1066 93
373 986 483 1052 dicitur
506 989 609 1053 etiam:
651 988 697 1053 Ta
732 996 835 1052 autern
871 988 1025 1071 fornicata
1048 1007 1081 1051 es

159 1094 228 1139 enm
250 1076 441 1141 amatoribus
468 1078 588 1152 multis·
628 1088 730 1141 tamen
766 1088 919 1139 rmertere
955 1076 999 1139 ad
1022 1096 1080 1150 me,

159 1164 235 1228 dicit
259 1164 417 1239 Dornt'nus,
440 1166 565 1243 ierem,
591 1165 621 1244 5,
647 1166 676 1245 l3
700 1177 740 1229 et:
767 1164 913 1228 Converte
939 1184 994 1227 nos
1020 1163 1081 1228 Do·

157 1252 241 1315 mine
263 1254 306 1316 ad
328 1262 366 1327 te,
391 1264 420 1317 et
443 1266 665 1330 concertemur3
695 1254 807 1316 innova
844 1252 910 1317 dies
947 1261 1079 1329 nostros,

157 1342 236 1405 sieut
259 1362 279 1404 a
297 1342 466 1427 principio,
487 1342 661 1421 Thren.,b,
676 1342 728 1407 61.
746 1342 787 1405 Ex
807 1342 917 1426 quibus
934 1342 1079 1406 carnibus

156 1444 282 1516 apparet
305 1431 400 1515 quod,
422 1432 445 1495 si
466 1430 577 1495 fideles
601 1444 670 1516 post
693 1430 823 1513 gratiam
847 1429 922 1515 lapsi
955 1430 1080 1507 luerint,

157 1518 269 1586 iterum
293 1532 376 1604 patet
398 1519 442 1584 eis
465 1519 580 1584 reditus
603 1519 642 1582 ad
665 1519 808 1583 salntem.

225 1606 284 1671 Per
306 1609 366 1672 boo
388 1620 491 1672 autem
515 1608 687 1673 excluditur
709 1625 797 1671 error
827 1605 1078 1685 saracenorum,

153 1694 209 1781 qui
234 1694 430 1782 peccantibus
453 1710 520 1782 post
552 1696 740 1783 baptismum
778 1693 1001 1778 indulgentiam
1024 1696 1079 1761 de·

156 1786 323 1869 negabant
347 1785 504 1850 Pouebant
526 1799 631 1849 cutem
664 1784 712 1849 sui
747 1782 861 1847 erroris
883 1784 1078 1849 occasionem

156 1892 195 1938 ex
218 1893 256 1937 eo
278 1873 363 1958 quod
386 1874 505 1939 dicitur.
530 1873 725 1975 Impossibile
746 1884 793 1936 est
812 1893 867 1934 ecs
900 1872 954 1956 qni
985 1874 1081 1938 semel

156 1962 429 2042 malumminat,
451 1976 652 2048 pnstaoerunt
672 1964 767 2028 etiam
788 1962 905 2026 donum
939 1963 1079 2038 eoeleste,

156 2063 189 2116 et
206 2053 377 2136 participes
399 2054 475 2137 sueti
498 2064 568 2117 sunt
593 2053 729 2136 Spiritus
746 2051 864 2131 Sancti,
879 2063 1082 2136 pustouerunt

155 2142 355 2206 nibilominus
380 2141 490 2205 bonum
514 2141 733 2217 Ducenium,
766 2140 952 2225 virtutesque
964 2141 1081 2206 suendi

90 2293 95 2304 ,
154 2231 286 2308 uenturi,
310 2241 339 2294 et
358 2232 505 2315 prolapsi
528 2240 609 2308 sunt,
632 2249 741 2294 rursus
763 2232 908 2293 renouari
941 2233 986 2292 ad
1005 2250 1079 2312 poe-

153 2319 326 2397 nitentium,
349 2319 453 2398 llebr„
477 2320 508 2399 6,
532 2320 599 2384 l-o.
623 2319 684 2383 Sed
717 2337 754 2382 ex
794 2337 856 2403 quo
889 2338 981 2381 sensu
1020 2317 1080 2387 liae

151 2407 318 2496 ‘Apostolus
339 2369 453 2474 dixmii
472 2421 598 2495 apparet
630 2427 668 2471 et
707 2409 767 2471 bae
804 2407 888 2490 quod
927 2406 1077 2472 subditus:

155 2497 292 2561 Rursum
330 2499 539 2584 erucifipentes
572 2494 774 2578 sibimetipsis
807 2495 924 2559 Filium
957 2494 1026 2571 Dei,
1048 2507 1079 2559 et

155 2586 288 2650 ostartui
311 2585 468 2660 babentes,
491 2585 578 2662 ibid,
594 2583 633 2649 6.
664 2585 704 2648 lla
740 2584 833 2668 igilur
866 2585 985 2648 ratione
1017 2604 1078 2669 qun

154 2672 289 2760 prolapsi
328 2687 399 2740 sunl
439 2686 507 2760 ροιι
544 2675 675 2758 gratiam
713 2683 902 2774 perceptam,
936 2674 1088 2737 renouari

152 2781 262 2826 rursus
285 2761 324 2828 ad
347 2763 565 2848 poenitentiam
582 2781 645 2826 non
669 2773 803 2848 possent,
820 2761 891 2846 quia
908 2759 1004 2824 Filius
1020 2760 1077 2826 Dei

150 2869 261 2915 rursus
283 2851 508 2954 crucifigendus
533 2861 672 2915 nonest.
697 2849 991 2934 Denegstnrrgitur
1025 2850 1077 2915 illa

155 2941 313 3004 renovatio
336 2940 367 3003 in
392 2941 610 3026 poenitentiam
645 2958 700 3024 per
733 2957 829 3024 quam
865 2938 960 3002 bomo
983 2937 1075 3003 simol

154 3029 343 3113 crucifigitur
356 3029 487 3105 Cbristo;
510 3027 593 3114 quod
606 3027 732 3128 quidem
744 3040 792 3090 est
807 3047 863 3110 per
877 3028 1076 3112 baptismum

153 3117 264 3182 dicitur
287 3117 381 3182 eslim:
404 3117 592 3202 Quicumque
614 3118 709 3200 ipitur
731 3113 886 3198 baptizoti
915 3135 1022 3179 snmus
1042 3116 1075 3179 in

157 3205 278 3272 Giristo
299 3207 415 3282 lesu,
402 3227 437 3270 tn
460 3203 955 3289 morteipsiusbaptizotisnmus,
972 3204 1076 3278 nom„

148 3293 185 3369 6,
208 3295 238 3360 5.
263 3295 347 3360 Sicut
370 3295 461 3380 igitur
481 3294 618 3360 Cbristus
641 3312 704 3361 nott
728 3306 776 3356 est
804 3293 915 3356 iterum
955 3293 1076 3356 arcein

151 3385 282 3466 gendos,
305 3385 345 3448 ita
369 3384 420 3470 qui
445 3397 549 3468 peccat
571 3393 641 3469 post
664 3381 851 3468 baptismum
869 3401 931 3446 non
947 3395 993 3444 est
1007 3401 1076 3445 rura·

149 3491 203 3544 sus
226 3472 435 3562 baptizandum
458 3484 558 3559 polest
591 3485 694 3538 tamen
729 3490 836 3535 rursus
869 3471 1008 3556 conserti
1032 3471 1071 3535 ad
1121 3484 1123 3489 ·
