2484 3975
469 1311 570 1367 arnan
586 1308 757 1384 ouranos.

539 1471 699 1510 rnoornlmr.

147 1593 209 1664 Cap.
232 1593 257 1646 i.
276 1594 441 1646 Prooemium
460 1631 878 1650 ..........
932 1613 990 1667 pag.
1053 1595 1070 1650 6

449 1746 482 1788 nn
501 1749 594 1788 sonora
614 1749 758 1789 amparare.

104 1921 112 1928 .
146 1871 209 1942 Cap.
227 1869 253 1922 9.
310 1871 387 1937 Quod
405 1871 439 1924 sit
457 1873 599 1940 generatio,
617 1871 763 1942 paternitas
785 1877 812 1923 et
838 1869 930 1925 filiatio

306 1943 333 1995 in
351 1942 446 1997 divinis
449 1967 969 1997 .............
970 1966 977 1996 ι
1035 1950 1069 2003 {0

145 2013 209 2085 Cap.
229 2012 254 2066 5.
309 2014 385 2080 Quod
403 2014 484 2068 Filius
497 2015 545 2067 Dei
564 2016 598 2068 sit
615 2015 689 2067 Dens
703 2049 928 2069 ......
963 2037 978 2071 ιι
1034 2021 1068 2074 {5

145 2084 212 2155 Cap.
230 2084 255 2138 i.
310 2086 380 2151 Quid
399 2087 520 2156 opinatus
538 2086 571 2139 sit
601 2086 729 2141 Photinus
741 2087 773 2140 de
787 2086 853 2140 Filio
869 2086 928 2154 Dei,

303 2163 330 2208 et
346 2158 403 2225 ejus
421 2158 580 2227 improbatio
608 2193 926 2212 ........
961 2178 975 2211 ιι
1031 2162 1066 2215 it

144 2225 208 2297 Cap.
225 2226 250 2280 o.
306 2227 402 2297 Opinio
425 2227 531 2282 Sabeliii
563 2228 595 2281 de
622 2226 692 2281 Filio
720 2224 783 2293 Dei,
813 2236 840 2282 et
869 2229 926 2298 ejus

301 2296 458 2368 improbatio
472 2335 922 2354 ...........
958 2320 973 2353 ιι
1032 2305 1065 2359 19

144 2368 210 2440 Cap.
229 2368 254 2421 6.
306 2369 347 2423 De
363 2370 484 2439 opinione
503 2370 559 2425 Arii
576 2370 647 2423 cirea
665 2370 760 2425 Filium
778 2371 837 2427 Dei.
874 2408 881 2424 .
917 2411 925 2427 .
960 2394 975 2427 ιι
1031 2376 1067 2430 25

144 2439 252 2512 Capi.
306 2440 473 2510 improbatio
485 2442 622 2511 positionis
640 2440 695 2494 Arii
698 2478 925 2497 ......
959 2464 973 2496 ιι
1030 2449 1067 2502 97

57 2524 59 2530 ’
144 2511 208 2582 Cip.
227 2512 252 2566 8.
307 2511 409 2565 Solutio
429 2512 462 2565 ad
482 2514 652 2566 auctoritates
675 2528 741 2582 quas
772 2512 851 2567 Arius
878 2529 927 2585 pro

301 2596 329 2635 se
359 2583 498 2637 induiebat
518 2620 925 2638 ..........
960 2605 975 2639 ιι
1030 2589 1066 2644 56

144 2653 207 2727 Cap.
225 2654 250 2709 9.
304 2653 404 2707 Solutio
421 2654 454 2707 ad
467 2655 636 2709 auetoritates
650 2652 755 2709 Photiui
770 2663 797 2709 et
811 2655 925 2710 Sabeliii.
961 2677 976 2711 ιι
1032 2660 1069 2715 66

142 2725 207 2797 Cap.
227 2726 268 2782 10.
306 2725 430 2779 Rationes
447 2733 539 2781 eontra
559 2728 754 2795 generationem
772 2734 799 2780 et
825 2743 927 2798 prooes-

300 2798 400 2851 sionem
418 2795 534 2851 divinam
570 2831 924 2852 .........
958 2819 974 2850 ιι
1030 2802 1065 2856 48

143 2866 208 2941 Cap.
228 2867 267 2922 tt.
304 2866 441 2934 Quomodo
463 2868 612 2939 accipienda
641 2869 676 2921 sit
693 2869 827 2938 generatio
846 2870 873 2923 in
885 2870 924 2922 di·

301 2940 369 2994 vinis
387 2945 414 2992 et
435 2955 503 3008 quae
520 2940 553 2993 de
582 2939 648 2993 Filio
670 2940 719 2993 Dei
747 2941 872 2995 dieantur
897 2943 925 2994 in

88 3059 92 3070 .
300 3010 443 3081 Soripturis
471 3045 924 3067 ...........
959 3030 975 3065 ιι
1030 3012 1066 3069 iii

141 3079 205 3153 Cep.
225 3080 267 3135 {2
302 3081 439 3148 Quomodo
456 3080 537 3137 Filius
552 3082 601 3137 Dei
615 3081 720 3136 dicatur
729 3082 778 3139 Dei
787 3083 923 3153 sapientia.
959 3103 972 3135 ιι
1030 3086 1065 3140 66

139 3150 204 3225 Cap.
224 3152 265 3207 16.
300 3153 377 3219 Quod
395 3168 448 3206 non
466 3159 506 3207 est
523 3153 575 3207 nisi
592 3168 662 3207 unus
680 3153 800 3207 Filiusiu
813 3154 916 3210 divinis.
956 3175 971 3210 ιι
1028 3156 1063 3213 66

139 3221 202 3296 Cap.
222 3223 263 3277 ii.
302 3220 402 3277 Solutio
421 3223 455 3276 ad
473 3224 587 3279 rationes
605 3225 818 3295 suprainduotas
831 3233 923 3279 eontra

298 3294 492 3363 generationem
515 3296 632 3353 divinam
651 3331 922 3350 .......
957 3317 971 3349 ιι
1027 3298 1063 3353 76

133 3362 205 3432 Cap.
224 3364 266 3421 it.
302 3366 342 3419 Do
361 3364 464 3437 Spiritu
482 3366 679 3436 Saneto,qnod
697 3367 777 3425 sitin
800 3366 921 3421 divinis.
956 3388 970 3421 ιι
1027 3369 1062 3425 76

141 3430 205 3502 Cap.
224 3434 268 3492 i6.
303 3437 429 3491 Rationes
447 3452 480 3489 ex
498 3438 596 3508 quibus
615 3436 698 3508 aliqui
710 3436 839 3509 Spiritum
861 3438 924 3493 San·

298 3516 369 3563 etum
388 3508 605 3567 existimaverunt
631 3523 687 3563 esse
705 3514 878 3565 ereaturam.
915 3548 922 3563 .
956 3529 970 3561 ιι
1026 3510 1062 3565 80
