2484 3975
432 233 488 279 ers.
514 234 550 277 tr.
575 233 639 277 etr.
664 230 760 277 nxttr.
991 212 1057 278 279

133 298 272 388 sbpler'os
295 301 479 367 Ecclesiae...
504 314 534 367 et
545 303 647 368 oratio
662 300 736 386 (idei
748 298 875 365 sonabit
890 299 1060 386 infirmum,

133 389 208 466 lac„
233 390 263 469 5,
290 391 398 456 tt-to.
423 390 456 455 Si
479 406 581 458 tumen
598 410 679 456 ursus
701 388 785 455 solus
810 388 969 475 presbyter
1007 392 1060 456 ad-

134 480 185 554 sit,
200 480 382 566 intelligitur
404 472 462 545 boo
490 492 720 545 sacramentum
756 478 905 564 perlicere
929 478 960 542 in
998 480 1060 544 uir·

133 582 197 633 tute
221 570 313 635 totius
338 568 500 647 Ecclesiae,
522 568 611 653 eujus
634 566 775 635 minister
799 567 902 631 existit
918 580 949 631 et
971 567 1060 653 eujus

130 676 297 743 personum
323 658 410 742 gerit.
436 658 605 745 lrnpeditur
630 670 736 723 eutem
762 655 856 740 bujus
873 659 1059 724 sacramenti
1163 675 1166 698 ¹

130 747 256 813 effectus
280 766 335 833 per
359 746 513 812 fictionem
543 745 752 834 suscipientis,
792 747 872 811 sieut
909 746 1061 831 contingit

131 850 161 901 et
175 836 206 901 in
230 835 296 902 eliis
320 836 533 901 sacramentis.

422 1011 607 1079 otrus
645 1008 775 1078 nxxtt.
874 969 877 976 '

373 1192 419 1257 De
455 1200 650 1257 sacramento
677 1189 811 1255 ordinis.

196 1353 390 1433 Manifestum
416 1382 461 1433 est
485 1381 588 1433 eutem
615 1388 653 1431 ex
693 1365 859 1452 praedictis
897 1365 992 1451 quod,
1027 1368 1059 1433 in

130 1457 503 1523 omnibnssacramoutis
531 1456 570 1519 de
610 1454 723 1542 quibus
754 1454 821 1539 jam
860 1454 1058 1537 dictumest,

128 1546 297 1630 spiritualis
320 1546 476 1613 confertur
489 1545 584 1630 gratie
609 1545 668 1609 sub
682 1557 876 1609 sacramento
889 1544 1057 1611 visibilium

128 1655 244 1699 rerum.
269 1634 378 1701 Omnis
403 1649 505 1701 autern
531 1634 610 1699 aetio
633 1633 726 1697 debet
742 1635 1055 1717 esseproportionetu

127 1726 240 1807 agenti.
266 1722 397 1810 Oportet
413 1724 507 1808 igitur
523 1722 606 1809 quod
619 1722 848 1807 praedictorum
866 1721 1058 1805 dispensatio

125 1828 390 1879 sacramentorum
408 1814 459 1878 frat
473 1832 528 1899 per
544 1812 687 1878 homines
706 1809 852 1887 visibiles,
864 1810 1057 1894 spiritualem

128 1899 271 1967 virtutem
297 1904 455 1977 babentes
480 1922 542 1965 non
571 1902 656 1965 euim
680 1898 803 1984 Angelis
825 1900 973 1984 competit
1010 1922 1058 1965 sa·

128 2005 359 2056 crementorum
400 1991 597 2078 dispensatio,
635 1990 690 2053 sed
728 1986 908 2053 bominibus
947 1990 1056 2057 visibili

127 2098 221 2144 carne
244 2080 370 2156 indutis
395 2083 530 2144 undeet
554 2078 720 2165 Apostolus
746 2078 828 2142 dicit:
855 2077 963 2143 Omnis
979 2079 1059 2144 Pon·
1115 2089 1119 2096 ⁴

127 2168 204 2251 lifes
226 2189 264 2233 ea
287 2168 460 2234 bominibus
484 2178 672 2252 assumptus,
686 2187 746 2250 pro
784 2165 961 2233 leominibus
984 2189 1056 2234 con·

126 2258 267 2322 astruitur
281 2259 314 2322 in
333 2259 380 2322 lris
398 2278 477 2345 odae
494 2269 565 2322 sunt
588 2258 632 2322 ud
656 2255 769 2332 Deum,
793 2254 884 2320 llebr.
910 2254 943 2332 b,
968 2258 997 2322 l.

197 2346 293 2430 Hujus
317 2362 421 2412 autern
446 2347 523 2410 ratio
547 2343 672 2410 aliunde
694 2346 775 2408 sumi
813 2356 922 2428 potest.
946 2343 1055 2410 Sacra-

125 2449 306 2501 ,mentorum
332 2437 415 2500 enim
441 2435 590 2500 institutio
614 2447 645 2499 et
668 2432 763 2498 rictus
802 2430 964 2498 adbristo
999 2434 1057 2497 ini-

131 2523 207 2588 tium
234 2524 337 2601 beben
360 2526 399 2588 de
434 2525 500 2608 ipso
539 2525 623 2588 eninr
662 2522 736 2586 dicit
774 2519 938 2604 Apostolus
972 2523 1057 2607 quod

131 2611 272 2676 Cleristtts
296 2615 408 2678 difecit
431 2612 612 2689 Ecclesium,
635 2621 665 2674 et
687 2609 824 2691 seipsum
851 2609 984 2674 tradidit
996 2632 1057 2695 pro

127 2721 178 2776 eo,
193 2713 224 2762 ut
248 2703 340 2766 illam
361 2703 579 2788 sanctificaret,
613 2700 768 2764 inundans
805 2698 931 2761 lavaero
955 2719 1056 2783 oquoe

125 2789 160 2852 in
182 2789 274 2854 verbo
290 2792 387 2870 uitae,
410 2791 533 2878 Ephes,
558 2789 589 2866 b,
612 2789 665 2854 95.
690 2784 884 2852 Manifestum
900 2800 946 2851 est
962 2790 1056 2854 etiam

127 2879 212 2964 quod
236 2879 373 2944 Christus
396 2893 626 2946 sacramentum
652 2878 698 2941 sui
738 2876 879 2960 corporis
917 2890 948 2941 et
987 2899 1056 2943 san-

129 2968 231 3049 guinis
255 2971 285 3031 in
309 2989 405 3032 coena
437 2968 521 3034 dedit
557 2982 588 3032 et
622 2964 879 3050 frequentandam
916 2965 1058 3046 instituit,

128 3069 303 3140 quaesunt
327 3057 505 3142 principalia
529 3068 731 3120 sacramenta.
755 3052 835 3133 Quia
859 3053 952 3136 igitur
969 3055 1056 3120 Chri-

124 3157 192 3211 stus
215 3145 409 3230 corporalem
435 3147 481 3210 sui
508 3143 694 3231 presentiam
719 3155 785 3206 crat
802 3140 958 3210 Ecclesiae
983 3145 1057 3208 sub·

127 3245 290 3307 tracturus,
314 3233 520 3300 trecessariutn
546 3231 601 3296 luit
627 3244 659 3296 ut
694 3229 770 3294 alios
802 3230 975 3294 institueret
998 3233 1056 3298 sibi

125 3323 294 3399 ministros,
328 3324 380 3408 qui
416 3336 608 3386 sacramenta
648 3318 790 3383 fidelibus
830 3317 1055 3402 dispensarent,

125 3411 298 3475 seeundum
324 3411 397 3476 illud
423 3409 570 3496 Apostoli:
600 3407 651 3472 Sic
683 3427 739 3472 nos
774 3406 938 3470 existimet.
967 3409 1056 3473 borno

126 3509 161 3566 ut
182 3501 341 3566 ministros
368 3499 484 3564 Cleristi
506 3511 536 3564 et
570 3498 804 3583 dispensatores
838 3498 1056 3582 mysteriorum
