2484 3975
390 245 447 290 arn.
471 244 507 287 rr.
531 242 594 287 car.
617 243 657 291 ru.
680 242 716 286 rr
740 243 768 290 r.
980 222 1030 290 v¹9
1138 296 1140 301 λ

110 312 287 380 nitebantur
309 312 393 399 quod
416 312 552 377 Christus
576 331 640 377 non
663 323 743 377 esset
781 310 865 377 Deus
899 330 954 396 per
976 334 1030 379 na·

109 417 221 481 turam,
244 401 380 469 efficacia
406 422 468 467 non
493 413 564 466 sunt
580 399 618 465 ad
641 420 750 465 eorum
784 403 973 487 propositum
996 423 1029 468 o·

109 491 325 557 stendendum.
350 489 539 555 Confitemur
561 491 644 553 enim
668 489 699 552 in
721 488 841 555 Christo
869 489 925 553 Dei
948 490 1025 556 Filio

108 593 177 665 post
199 579 414 645 incarnationis
438 592 616 663 mysterium
640 576 716 641 duas
748 590 883 656 naturas,
916 577 1026 646 huma·

109 689 182 733 nam
204 668 318 733 scilicet
340 680 370 733 et
392 666 536 743 dicineum
561 665 643 730 unde
666 666 705 731 de
739 686 777 731 eo
816 664 960 732 dicuntur
994 680 1025 735 et

109 776 189 841 qnae
211 755 268 821 Dei
292 770 364 821 sunt
386 757 519 841 propria,
542 756 660 819 ratione
681 753 803 819 divinae
830 769 972 835 naturae,
995 756 1029 822 et

110 866 189 931 quae
212 844 251 908 ad
274 843 427 908 deiectum
451 846 603 928 pertinere
627 842 778 930 uidentur,
816 845 934 911 ratione
967 846 1028 910 bu·

109 953 219 998 risanae
243 946 381 1008 naturae,
404 947 437 997 ut
451 931 529 997 inira
552 932 605 1019 (c.
639 932 681 996 at
706 944 736 996 et
771 931 884 1026 seqq.)
906 933 1027 1019 plenius

110 1022 333 1107 explanabitur.
357 1020 444 1087 Nunc
467 1036 583 1099 autem,
604 1021 644 1085 ad
668 1038 860 1107 praesentem
887 1022 1027 1088 conside-

109 1111 260 1175 rationem
283 1108 322 1173 de
345 1110 446 1175 divina
462 1110 679 1193 generatione,
703 1110 761 1175 boe
776 1108 906 1175 sufficiat
939 1130 1028 1178 mon·

109 1211 237 1263 stratum
262 1218 339 1274 esse,
362 1198 531 1265 secundum
557 1198 739 1284 Scripturas,
771 1198 1026 1283 quorumnam

109 1286 168 1351 Dei
190 1287 284 1353 Filius
306 1301 336 1351 et
359 1286 442 1353 Deus
465 1286 585 1366 dicitur,
609 1308 672 1352 non
694 1287 795 1351 solum
832 1286 911 1352 sicut
932 1310 1027 1374 purus

109 1376 204 1441 bomo
228 1396 282 1461 per
305 1378 433 1461 gratiam
458 1375 641 1463 adoptionis,
656 1375 711 1441 sed
729 1376 1028 1462 propterdiriuitatis
1097 1409 1098 1412 ¹

108 1479 262 1531 naturam.

445 1641 538 1709 cst>
558 1640 620 1705 UT
660 1640 695 1707 V.

126 1820 238 1903 Opinio
264 1819 393 1886 satetttt
416 1820 454 1884 de
476 1821 557 1885 Fttto
583 1819 650 1897 Det,
674 1831 704 1885 et
725 1821 789 1904 ejus
811 1819 1008 1905 improbatio.

171 1999 250 2080 Quia
273 2017 346 2064 vero
368 2000 506 2064 omnium
531 1998 569 2064 de
604 1998 671 2063 Deo
709 2009 792 2064 recte
825 1999 1022 2066 sentientium

104 2085 182 2153 bace
203 2102 249 2154 est
270 2088 329 2152 [ixa
352 2088 462 2153 mentis
483 2089 644 2174 conceptio
666 2087 752 2173 quod
774 2107 836 2153 non
850 2091 945 2176 possit
957 2109 1024 2155 esse

104 2175 162 2240 nisi
183 2197 268 2242 unus
294 2177 472 2242 naturaiiter
495 2176 588 2254 Deus,
618 2178 755 2262 quidam,
790 2194 830 2240 ea
861 2178 1025 2264 scripturis

104 2264 311 2351 concipientes
337 2266 420 2350 quod
443 2265 583 2330 Christus
616 2267 655 2330 sit
691 2286 763 2330 vere
784 2279 816 2330 et
848 2267 1027 2333 naturaliter

109 2351 239 2419 Deusao
261 2353 318 2418 Dei
342 2352 446 2432 Filius,
469 2375 566 2420 unum
589 2353 689 2418 Deum
710 2374 779 2419 esse
811 2355 1026 2421 confessisunt

105 2439 259 2507 Christum
281 2441 338 2506 Dei
361 2442 472 2509 Filium
494 2455 524 2505 et
546 2443 647 2507 Deum
671 2443 806 2519 Patrem,
841 2462 899 2509 nec
921 2455 1024 2508 tamen

105 2529 190 2615 quod
212 2530 296 2594 Deus
317 2531 400 2615 fitius
422 2531 541 2594 dicatur
563 2531 731 2596 secundum
756 2551 845 2596 suam
882 2544 1024 2597 naturam

104 2633 158 2684 aut
180 2617 219 2683 eb
242 2631 378 2695 aeterno,
400 2621 455 2682 sed
481 2638 519 2684 es
542 2629 613 2682 tune
649 2619 800 2685 tiliationis
834 2639 948 2684 nomen
973 2641 1025 2686 ae·

103 2709 185 2794 cepit
206 2727 245 2773 ex
272 2727 334 2794 quo
357 2706 404 2774 de,
419 2707 511 2772 Maria
534 2707 659 2789 Vir'gine
687 2721 776 2773 natus
811 2720 857 2774 est
889 2728 943 2795 per
976 2711 1023 2776 iu·

103 2796 288 2862 carnationis
311 2799 500 2882 mysterium3
524 2810 554 2861 et
575 2797 618 2860 sic
642 2797 746 2862 omnia
780 2816 860 2882 quae
881 2797 1020 2864 Christus
1105 2871 1108 2877 ,

102 2884 273 2950 secuudum
297 2905 421 2950 carnem
447 2886 589 2951 sustinuit
613 2886 680 2952 Deo
705 2887 784 2952 Patri
801 2887 1017 2962 attribuebant,

103 2987 176 3059 puta
198 2993 265 3038 esse
288 2974 384 3040 fitium
407 2974 544 3060 virginis,
566 2990 750 3062 conceptum
772 2989 802 3040 et
824 2988 930 3040 natum
954 2994 1022 3041 esse

102 3083 143 3128 ex
166 3063 241 3148 ipsa,
264 3083 398 3148 passum,
433 3079 601 3140 mortuum,
623 3075 655 3128 et
676 3064 891 3141 resurrexisse,
912 3078 943 3128 et
965 3065 1023 3130 alia

103 3152 208 3216 omnia
232 3171 312 3237 quae
333 3151 511 3237 Scripturae
527 3152 566 3218 ue
579 3151 702 3218 Christo
712 3151 885 3220 secundum
899 3173 1025 3218 earnem

103 3239 283 3326 loquuntur.

172 3327 256 3394 Hanc
278 3340 381 3395 autem
415 3328 597 3414 positionem
635 3328 820 3394 confirmare
855 3328 1029 3397 nitebantur

106 3415 281 3503 Scripturae
304 3417 542 3484 auetoritatibus.
565 3418 801 3490 Diciturenim:
817 3417 1029 3497 Audidstnei,

108 3505 257 3572 Dominus
280 3507 363 3573 Deus
383 3517 497 3588 noser,
519 3507 758 3574 Dominarum
770 3516 826 3587 cst,
839 3506 976 3589 Denter„
996 3508 1028 3589 6,
