2484 3975
408 228 598 273 nissnnrnrto
898 208 966 275 553

79 294 212 361 thelicae
235 310 367 382 utroque
390 300 533 362 constitui
558 298 720 361 veritatum
744 316 869 382 genere,
882 318 964 383 qrrae

79 401 265 471 ,utramque
288 387 417 451 classem
442 387 608 473 pertinent;
633 405 748 472 eatque
770 388 837 451 sine
868 386 964 451 dubio

79 494 144 539 crae
166 474 341 561 Scripturas
365 489 531 562 praestant,
554 494 635 561 quae
672 476 808 540 divinam
847 475 968 540 reveta-

79 584 153 628 nem
177 563 432 649 complectuntur.
455 563 557 628 Potuit
579 584 655 647 ergo
678 564 847 649 debuitque
884 584 963 649 opus

79 652 196 716 Thema
221 655 425 738 compositum
450 653 609 739 aptissimo
633 653 756 717 inscribi
771 654 810 716 de
831 652 964 717 Veritote

79 741 125 805 dei
144 740 330 815 Catholicae,
355 743 385 805 in
412 762 474 827 quo
498 741 673 829 praedictae
689 742 831 807 veritates
853 761 964 807 omnes

78 844 234 916 ponuntur
256 842 287 894 et
311 830 513 896 vindicantur.

79 1007 114 1072 ll.
137 1007 290 1095 Definitio
313 1018 430 1091 tempus
452 1026 510 1091 quo
534 1007 614 1071 illud
636 1006 776 1093 Aquinas
797 1007 937 1091 confecit.

99 1183 144 1248 tld
168 1197 288 1270 tempus
312 1203 374 1269 quo
397 1183 613 1249 elucubratum
637 1204 717 1270 opus
733 1183 790 1249 luit
805 1183 959 1249 definien·

79 1292 108 1337 m
132 1292 235 1337 sermo
258 1287 362 1337 noster
384 1274 582 1337 convertitur.
606 1272 712 1337 Certus
724 1271 866 1359 patefacit
878 1288 958 1338 tem·

79 1361 171 1426 rarius
195 1377 282 1427 notas
306 1360 503 1426 Ptolomaeus
526 1362 671 1427 lucensis.
700 1362 732 1425 lu
756 1362 836 1427 libro
860 1362 960 1427 llisto-

79 1449 346 1516 eldcclesiasticae
369 1449 446 1515 llllll
481 1450 539 1537 (c.
574 1451 617 1515 at
635 1469 663 1533 ι,
700 1450 817 1517 diserte
855 1467 959 1517 narrat

79 1558 157 1603 anno
181 1538 297 1603 domini
326 1539 422 1614 tuot,
446 1540 477 1603 in
502 1538 657 1603 Gathedra
681 1537 763 1603 Petri
800 1539 959 1606 Urbanum

94 1628 221 1704 sedisse,
243 1640 436 1714 assumptum
461 1627 491 1691 in
517 1626 722 1692 decollatione
761 1627 792 1694 S.
830 1628 959 1695 loannis

79 1717 195 1801 ptistae;
219 1716 335 1781 sedisse
359 1729 461 1782 autem
486 1716 582 1781 tribus
606 1717 706 1795 annis,
720 1736 829 1781 mense
845 1737 908 1780 uno
925 1744 958 1783 ι.

79 1805 135 1877 dit,
158 1806 341 1890 insequente
364 1806 474 1891 capite,
504 1821 614 1869 «tunc
638 1805 777 1871 Fratrem
801 1805 958 1871 Thomant

79 1892 158 1959 liisse
182 1894 221 1957 de
245 1893 370 1959 Parisiis
393 1914 430 1958 ex
453 1895 544 1959 certis
568 1896 680 1970 causis3
703 1894 741 1958 ad
776 1894 957 1980 petitionem

79 1984 155 2060 uani,
179 1982 275 2048 multa
301 1981 409 2048 lenisse
439 1996 470 2047 et
507 1982 666 2070 scripsisse
703 2009 736 2058 »3
779 2004 815 2048 ac
852 1984 958 2063 etiarn,

79 2092 212 2159 empore
235 2072 374 2158 ejusdem
400 2072 567 2150 Pontificis,
590 2072 708 2137 librum
731 2087 838 2138 contra
873 2071 954 2138 Gen·

81 2181 132 2224 s»
163 2161 203 2226 ab
226 2181 263 2226 eo
288 2160 520 2226 conlectumrl
553 2161 612 2224 die·
640 2161 687 2225 29
718 2163 839 2247 augusti
878 2165 954 2227 arrrri

79 2249 108 2312 il
138 2251 236 2315 tenuit
259 2249 430 2315 Romanam
455 2249 568 2314 Sedem
595 2249 736 2314 Urbanus
761 2251 800 2315 ad
836 2271 953 2315 anuum

79 2337 123 2416 il,
148 2339 293 2424 diemque
328 2339 348 2401 9
387 2342 501 2404 mensis
537 2339 683 2416 octobris3
721 2339 806 2424 quod
848 2340 954 2425 utique

79 2429 174 2512 rporis
199 2427 393 2492 intervallum
417 2441 547 2512 estque
571 2426 711 2492 Thomas
734 2427 821 2513 operi
846 2445 954 2495 contra

79 2515 161 2580 ntiles
185 2535 239 2580 seu
263 2517 303 2580 de
326 2515 459 2582 Veritate
482 2515 568 2580 Fidei
592 2513 769 2582 Catholicae
790 2515 956 2581 elaboran-

89 2603 253 2670 insudavit.
277 2605 394 2668 Laurea
418 2605 584 2689 magisterii
605 2603 837 2690 jampridem
830 2625 861 2668 ιιι
901 2626 957 2691 pa·

79 2693 144 2758 ensi
171 2691 372 2758 Univertitate
395 2691 527 2757 donatus
566 2692 679 2768 luerat,
717 2707 750 2757 ut
791 2694 953 2758 verissime

79 2781 158 2846 ibere
182 2782 291 2846 Petrus
314 2782 463 2847 Marsilius
502 2783 635 2883 potuerit
673 2782 705 2846 S.
742 2781 953 2848 llaimundum

86 2868 256 2935 Penoalort
286 2899 299 2928 ι
323 2871 482 2956 rogavisse
495 2870 643 2935 eximium
658 2870 825 2936 Ductorem
839 2871 953 2937 Sacrae

79 2959 172 3041 tinae,
195 2959 406 3044 Magistrum
399 2981 430 3024 tn
443 2959 627 3042 Theolngia,
639 2954 779 3025 Fratrem
795 2959 951 3024 Thomam

86 3048 221 3132 Aquino,
243 3062 276 3112 ut
299 3069 378 3136 opus
401 3047 526 3134 aliquod
550 3047 668 3114 laceret
692 3049 799 3114 contra
839 3049 952 3114 lnlide·

79 3155 101 3200 n
125 3155 299 3201 errores».

90 3223 123 3288 ln
149 3245 296 3312 processu
335 3225 584 3302 canonizationis,
622 3226 758 3290 narratio
796 3225 953 3310 quaedam

79 3311 147 3392 itur,
166 3314 264 3379 Fratri
289 3317 420 3378 Antonio
444 3314 483 3378 de
505 3313 606 3378 Brixia
631 3313 708 3378 facta
732 3335 750 3378 a
773 3314 879 3380 Fratre
901 3313 953 3379 lli-
977 3370 980 3377 .

79 3422 111 3466 ao
135 3401 174 3466 dc
199 3403 378 3479 lllarsiliaco,
401 3422 481 3488 quae
494 3400 618 3468 calculis
631 3403 801 3468 Ptolomaei
817 3403 950 3468 lucensis

80 3493 191 3574 ugnari
215 3493 345 3558 videtur.
370 3451 470 3558 llerba
493 3490 595 3556 relero
618 3493 904 3580 quaeltabenturc.
918 3493 951 3572 7,

93 3581 210 3647 sim
237 3579 383 3649 Somtoae
407 3581 486 3646 Plcil.
512 3579 545 3644 V.
569 3581 599 3648 5.
862 3583 905 3647 tt
