2484 3975
232 214 297 280 548
480 292 482 295 ¹
605 233 778 280 causacum

230 306 290 370 bue
311 301 484 369 secundum
507 303 618 389 probat
642 324 697 389 per
721 307 854 390 primum
879 300 961 388 quod
978 322 1160 389 suprapra-

230 392 324 468 bavit,
347 391 567 478 scilicetqucd
591 392 765 458 intellectus
788 412 848 456 nan
887 391 980 456 babet
1015 394 1046 456 in
1084 407 1155 457 actu

229 481 364 569 aliquam
388 479 426 544 de
450 483 566 546 naturis
588 501 693 546 rerum
718 481 921 547 sensibilium.
939 481 980 556 lix
996 495 1156 567 quupatet

229 570 313 656 quod
335 589 399 635 aun
422 571 569 635 miscetur
590 571 724 656 corpori;
746 573 829 656 qnia,
844 571 867 634 si
882 571 1064 635 misceretur
1084 591 1153 636 ecr-

231 661 312 745 pori,
333 659 462 724 heberet
485 658 620 744 aliquam
645 661 685 726 de
708 660 824 724 naturis
848 661 1015 744 corpor-eim
1038 673 1068 722 et
1092 661 1153 724 ltoe

230 763 276 813 est
291 749 375 835 quod
386 747 499 813 subdit:
519 748 651 830 «Qualis
673 749 756 815 enim
774 750 878 834 utique
900 747 1009 832 aliquis
1022 748 1084 824 liet,
1100 763 1154 813 aut

230 838 348 904 calidas
370 851 424 902 aut
446 836 586 921 frigidus,
608 840 632 902 si
657 843 808 923 organum
831 836 955 938 aliquod
983 837 1052 915 erit,
1073 839 1154 902 sicut

230 927 386 1004 sensitiva,
410 926 478 1003 εἰς»
508 947 617 992 sensus
640 930 722 992 enirn
751 925 999 1013 proportionetur
1021 946 1079 990 suo
1102 947 1156 990 or·

231 1034 324 1099 gano,
346 1030 377 1080 et
399 1015 529 1080 trabitur
566 1016 798 1118 quodammode
822 1014 859 1078 ad
883 1033 972 1078 susm
1000 1027 1154 1116 naturam3
1234 1089 1235 1094 ἵ

231 1103 316 1170 unde
337 1107 430 1170 etiam
452 1105 648 1170 secundum
641 1108 885 1171 immutationem
910 1104 1016 1186 organi
1041 1103 1155 1169 immu-

233 1208 314 1258 tatur
336 1193 497 1294 qperatio
490 1213 608 1258 sensus.
633 1193 683 1258 Sic
706 1215 781 1278 ergo
798 1192 975 1276 intelligitur
992 1193 1071 1256 istud
1089 1214 1153 1258 nou

233 1282 353 1347 misceri
376 1282 509 1368 corpori,
547 1285 618 1368 quia
657 1303 720 1348 non
757 1282 848 1346 babet
886 1301 1037 1365 organum
1075 1282 1156 1348 sicut

232 1390 350 1436 sensus.
374 1370 410 1434 Et
432 1371 516 1456 quod
539 1372 710 1437 intellectus
734 1372 854 1436 animae
879 1390 940 1434 nun
964 1371 1077 1434 babeat
1104 1391 1155 1435 nr-

232 1479 360 1543 ganum
382 1458 557 1524 manifestat
580 1481 636 1547 per
657 1461 773 1525 dictur'n
802 1459 1008 1561 quorundam,
1023 1459 1086 1560 qui
1110 1459 1156 1523 di·

233 1562 343 1613 xerunt
365 1549 449 1634 quod
473 1550 575 1613 anima
592 1564 637 1614 est
653 1549 739 1615 locus
761 1550 944 1636 specierum,
968 1548 1154 1633 accipientes
1234 1595 1235 1598 ,

233 1638 318 1740 large
340 1639 443 1703 locum
468 1658 525 1724 pro
548 1640 633 1703 omni
669 1640 832 1724 receptiva,
866 1657 953 1700 more
987 1637 1154 1738 platpnicm

234 1727 292 1792 nisi
315 1726 399 1813 quod
422 1746 489 1790 esse
511 1729 685 1813 specierum
719 1727 822 1793 locum
847 1747 909 1790 nnn
933 1727 1078 1790 convenit
1100 1727 1154 1791 tuti

233 1816 367 1894 animae,
388 1817 442 1880 sed
466 1815 567 1880 solum
594 1817 807 1894 intellectivae;
822 1813 965 1880 sensitiva
981 1817 1067 1880 enirn
1083 1835 1154 1900 pars

233 1925 296 1968 non
323 1905 430 1992 recipit
446 1904 476 1967 in
494 1926 528 1968 se
544 1907 670 1992 species,
687 1906 764 1970 sed
758 1927 789 1970 tn
804 1921 931 1988 argeum
954 1921 1025 1989 pars
1049 1919 1154 1968 autem

232 1993 415 2058 intellectiva
438 2014 500 2058 nun
523 1996 631 2081 recipit
653 2017 705 2060 cas
727 1996 766 2060 in
782 2013 910 2079 organo,
943 1992 998 2057 sed
1032 2006 1153 2057 tantum

231 2082 262 2147 iu
285 2083 395 2169 seipsa;
418 2086 492 2148 item
515 2103 577 2148 non
600 2087 644 2149 sic
666 2098 712 2149 est
744 2084 829 2149 lucus
860 2080 1033 2168 specierum
1070 2081 1155 2168 quod

185 2186 189 2192 ·
230 2170 343 2239 babeat
364 2193 416 2237 eas
440 2176 471 2237 ia
495 2189 575 2250 actu,
597 2173 682 2237 sed
676 2195 707 2237 m
731 2172 866 2259 potentia
890 2185 1020 2234 tantum.

297 2262 406 2342 Quia'
400 2263 491 2345 tgitur
510 2264 575 2345 jam
599 2263 732 2327 ostendit
754 2262 829 2347 quid
853 2260 1015 2325 conveniat
1031 2259 1154 2324 intelle·

229 2349 291 2415 etui
314 2370 352 2415 ex
375 2351 577 2416 similitudine
598 2372 719 2429 sensus,
742 2352 821 2415 redit
844 2350 882 2413 ad
907 2349 1043 2433 primum
1069 2349 1155 2435 quod

136 2510 140 2519 ‚
228 2438 357 2516 dixerat,
380 2440 464 2525 quod
487 2454 609 2526 oportet
633 2456 749 2525 partem
768 2438 982 2503 intellectivam
999 2457 1068 2501 esse
1087 2459 1155 2523 pas·
1234 2446 1235 2453 ’

230 2527 361 2605 sibilem3
384 2530 479 2594 etsie
502 2528 674 2593 admirabili
699 2528 865 2595 subtilitate
885 2546 931 2589 vex
955 2526 1019 2611 ipsa
1045 2526 1155 2591 simili-

231 2616 337 2682 tudine
359 2638 468 2683 sensus
505 2618 660 2683 concludit
696 2614 986 2683 dissimilitudinem.
1010 2611 1155 2681 Ostendit

232 2725 307 2789 ergo
329 2720 554 2793 consequenter
585 2708 668 2793 quad
692 2728 754 2772 nnn
777 2704 917 2771 similiter
938 2706 976 2767 sit
1000 2705 1154 2789 passibilis

231 2814 341 2861 settsus
363 2811 392 2860 et
416 2794 599 2875 intellectus,
621 2816 676 2882 per
700 2796 758 2860 boc
781 2794 864 2882 quod
887 2810 995 2857 sensus
1012 2812 1156 2857 currum-

232 2883 314 2968 pitnr
336 2883 376 2948 ab
398 2884 558 2952 excellenti
579 2884 727 2961 sensibili,
761 2904 823 2947 non
847 2896 949 2946 autem
979 2881 1154 2947 intellectus
1234 2906 1235 2911 ¹

226 2974 267 3037 ab
290 2973 465 3038 excellenti
474 2973 668 3058 intelligibili
691 2972 727 3037 Et
750 2972 842 3073 liujus
864 2988 989 3034 causam
1014 2975 1153 3072 assignat

226 3081 263 3125 et
286 3082 380 3148 supra
403 3060 553 3147 probatis,
586 3062 658 3148 quia
692 3064 872 3127 sensitivam
911 3078 974 3123 ιιοιι
1008 3076 1054 3123 est
1085 3060 1152 3129 sine
1234 3084 1235 3121 t

224 3171 366 3238 corpore,
387 3153 442 3217 sed
465 3150 638 3216 intellectus
661 3165 706 3216 est
743 3162 911 3237 separatus.
949 3146 1013 3213 lloc
1048 3164 1152 3214 autem
1234 3156 1235 3195 ³

225 3238 368 3305 ultimum
393 3238 523 3305 verbum
545 3240 680 3305 maxime
716 3252 878 3304 assumunt
901 3236 940 3300 ad
966 3238 1013 3301 sui
1036 3240 1152 3305 erroris

224 3330 449 3407 fulcimentum,
473 3328 612 3393 volentes
635 3349 693 3415 per
712 3329 773 3393 boc
796 3328 899 3393 dicere
922 3324 1007 3413 quud
1030 3325 1152 3392 intelle·

223 3432 291 3482 ctus
314 3438 416 3504 neque
438 3418 477 3481 sit
496 3418 614 3495 anima,
638 3437 740 3505 neque
755 3436 826 3503 pars
842 3435 975 3492 ammae,
986 3414 1041 3479 sed
1057 3435 1152 3501 quae-

225 3506 298 3572 dam
320 3506 489 3573 substantia
512 3520 663 3592 separata3
686 3505 741 3573 sed
768 3504 828 3573 citu
843 3503 1110 3571 obliviscuntur
1083 3524 1153 3593 equs
