2484 3975
205 224 268 292 186
383 207 387 215 ¹
456 245 512 293 nro.
536 245 575 290 ru.
599 245 663 293 cto.
687 245 766 290 rtur.
791 246 827 289 nr
848 243 923 292 retu.

202 315 350 384 humana.
373 311 516 398 Oportuit
541 314 633 396 igitur
655 314 739 399 quod
762 314 801 380 ab
825 315 892 400 ipso
915 315 1135 401 conceptionis
1233 373 1234 378 ,

201 403 353 490 principio
382 402 519 468 Verbum
544 402 600 466 Dei
624 402 780 467 humanae
803 415 931 466 naturae
953 404 1104 470 uniretur.

208 495 216 505 ‘
269 492 413 568 Rursum,
436 491 470 555 ln
494 491 692 575 generatione
715 491 862 568 humana,
899 491 993 557 virtus
1028 494 1133 558 activa

201 578 264 664 agit
286 579 324 644 ad
347 579 609 665 complementum
635 581 789 644 humanae
814 594 943 644 naturae
966 580 996 644 in
1021 581 1132 667 aliquo

201 668 406 734 determinato
430 668 598 733 individuo.
626 668 657 733 Si
681 683 783 732 eutem
807 667 943 732 Verbum
980 668 1036 733 Dei
1062 691 1133 734 non

200 778 217 820 a
242 758 394 844 principio
408 757 619 868 conceptionis
648 757 817 821 humanam
842 769 982 821 naturam
1006 777 1130 824 assum-

200 849 320 926 psisset,
344 846 437 910 virtus
461 847 557 909 activa
581 847 612 908 in
636 845 846 930 generatione,
872 859 942 909 ante
966 847 1131 926 unionem,
1233 909 1234 914 ,

197 956 287 1001 auam
311 936 464 999 actionem
488 933 663 999 ordinasset
685 932 724 998 ad
749 933 832 997 aliud
858 933 1050 1000 individuum
1068 935 1129 1002 bu·

199 1043 311 1089 manae
335 1036 474 1100 naturae,
495 1022 580 1107 quod
615 1035 662 1086 est
696 1022 868 1109 hypostasis
905 1022 954 1087 vel
993 1028 1127 1109 persona
1196 1056 1200 1064 =

198 1112 346 1189 humana3
370 1125 437 1196 post
454 1111 599 1176 unionem
625 1125 726 1175 autem
751 1111 921 1175 ordinasset
948 1124 1042 1176 totam
1066 1133 1123 1196 ge·

198 1202 391 1266 nerationem
408 1200 446 1264 ad
468 1199 558 1264 aliam
583 1200 771 1286 hypostasim
796 1199 843 1264 uel
862 1219 1042 1300 personam,
1065 1202 1126 1266 sci·

198 1287 272 1354 licet
293 1289 351 1355 Dei
376 1287 523 1390 Verbum,
547 1289 630 1375 quod
653 1289 868 1353 nascebatur
861 1307 892 1351 m
916 1283 1052 1364 humana
1069 1311 1126 1354 na-

198 1392 276 1442 tura.
300 1377 382 1442 Sic
376 1378 468 1460 igitur
492 1399 553 1441 oon
577 1377 683 1442 luisset
707 1398 767 1441 una
792 1396 923 1440 numero
951 1380 1125 1481 generatio,

197 1480 304 1554 utpote
327 1465 365 1530 ad
388 1466 464 1530 duas
487 1487 633 1552 personas
657 1465 807 1542 ordinata;
831 1484 889 1528 nec
927 1463 1032 1530 luisset
1055 1469 1128 1531 nni·

198 1553 307 1620 lormis
333 1555 508 1619 secuudum
545 1568 655 1629 totum;
678 1555 760 1640 quod
797 1575 813 1618 a
850 1566 979 1618 naturae
1013 1555 1127 1620 ordine

198 1643 319 1708 ridetur
341 1643 487 1708 alienum.
511 1643 610 1708 Nou
604 1644 697 1744 igitur
721 1642 777 1706 luit
811 1641 998 1706 conveniens
1038 1644 1126 1728 quod

197 1731 333 1797 Verbum
357 1733 425 1796 Dei·
439 1745 507 1816 post
529 1733 766 1818 conceptionem
787 1731 957 1795 humanum
980 1744 1128 1798 naturam

197 1834 380 1898 assumeret,
402 1820 562 1885 sedsimul
587 1821 618 1884 in
642 1821 705 1905 ipsa
729 1819 944 1903 conceptione.

263 1910 350 2012 item,
373 1909 437 1974 lloc
467 1908 588 1973 uidetur
610 1909 817 2011 generationis
855 1907 1010 1971 humanae
1044 1908 1127 1975 ordo

195 2000 356 2084 requirere
379 2014 412 2063 ut
434 1998 675 2084 quicuncipitur
698 2000 762 2083 ipse
797 1997 878 2061 idem
914 2010 1067 2076 nascatur,
1093 2012 1128 2063 et

198 2108 260 2152 noo
285 2087 387 2160 alius3·
396 2108 467 2151 cum
491 2088 652 2173 conceptio
676 2086 713 2149 ad
738 2086 925 2151 nativitatem
949 2086 1125 2153 ordinetur.

196 2175 295 2247 Unde
318 2176 343 2241 si
366 2175 460 2240 Filius
483 2176 540 2239 Dei
575 2188 664 2239 natus
699 2188 745 2239 est
783 2170 940 2238 nativitate
971 2174 1124 2253 humana,

196 2278 317 2351 oportet
340 2264 432 2329 etiam
455 2263 538 2349 quod
563 2264 656 2327 Filius
687 2263 742 2327 Dei
766 2264 803 2327 sit
837 2264 1039 2347 conceptione
1063 2264 1124 2329 hu·

195 2373 287 2418 mana
303 2368 480 2440 conceptus,
503 2366 533 2417 et
556 2373 618 2417 noo
644 2372 738 2438 purus
762 2351 865 2417 homo.

499 2528 671 2595 CAPUT
712 2527 815 2595 XLlV.

240 2652 330 2733 Quod
349 2650 465 2715 notura
486 2650 623 2715 bumana
646 2662 807 2732 uosttmpttt
830 2670 850 2714 a
880 2649 975 2717 Verbo
995 2671 1026 2715 to
1050 2651 1128 2735 ipsa

282 2742 475 2823 conceptione
495 2739 557 2823 suit
568 2739 730 2823 perfectu,
742 2750 891 2824 quantum
913 2741 957 2804 od
980 2740 1128 2811 animum

282 2842 313 2893 et
335 2848 457 2911 corpus.

261 2965 396 3031 Ulterius
418 2979 522 3030 autem
546 2985 583 3033 ex
607 2966 666 3030 lroo
706 2965 904 3031 manifestum
939 2978 984 3031 est
1023 2964 1125 3052 quod,

193 3060 225 3123 in
250 3056 316 3142 ipso
339 3054 549 3155 conceptionis
574 3054 734 3141 principio,
758 3056 861 3120 anima
878 3055 1035 3120 rationalis
1051 3076 1123 3120 cor-

194 3144 261 3235 pori
286 3142 343 3207 luit
367 3144 462 3207 unita

257 3232 394 3298 Verbum
417 3233 501 3295 eoim
528 3231 596 3309 Dei,
619 3229 776 3296 mediante
814 3232 916 3297 anima
960 3229 1120 3305 rationali,

193 3340 305 3407 corpus
329 3320 506 3405 assumpsit;
529 3340 642 3405 corpus
665 3320 749 3385 enim
774 3320 908 3385 hominis
932 3340 994 3383 non
1018 3319 1121 3401 magis

192 3408 403 3509 assumptibile
427 3421 513 3473 esta
551 3408 619 3473 Deo
654 3427 747 3493 quam
782 3409 841 3473 alia
877 3428 1019 3509 corpora,
1058 3407 1119 3471 nisi

192 3511 322 3583 propter
344 3497 481 3561 aniuram
521 3496 713 3562 rationalem.
747 3496 814 3563 Non
852 3498 945 3583 igitur
979 3494 1118 3564 Verbum
