2484 3975
218 218 283 284 did
521 246 523 249 ·
594 233 766 302 oruscutuq

216 327 304 372 error
326 303 523 380 transcendit,
545 305 597 388 qui
622 304 653 372 in
678 305 823 372 omnibus
846 304 1010 392 praedictis
1034 304 1154 373 articu-

217 396 255 462 lis
277 396 411 478 graviter
432 404 623 459 erraverunt.

226 521 231 529 ·
285 485 389 548 Primo
413 501 547 565 namque
571 501 674 546 rerum
699 483 860 566 originem,
894 504 955 550 non
981 484 1012 550 iu
1037 503 1152 560 unum,

221 572 278 638 sed
302 573 418 637 induo
442 570 605 637 creationis
621 571 769 656 principia
786 573 985 650 redonemur
1013 593 1153 659 quorum

218 682 317 727 unum
341 661 486 726 dicebant
508 679 575 724 esse
598 674 759 726 auctorem
784 661 951 740 bonorum,
973 661 1075 731 alium
1099 681 1153 726 ve·

221 771 257 816 ro
280 764 441 814 auctorem
463 748 628 814 maiorum.

135 845 138 849 ’
286 838 433 906 Secundo
457 849 638 903 erraverunt
672 836 751 904 eirca
785 839 993 906 corrditionem
1017 849 1154 904 naturae

218 927 368 1016 ipsorum.
392 927 564 990 Posuerunt
594 925 678 993 enim
695 942 861 1013 utrumque
878 929 1063 1014 principium
1082 949 1156 993 cor-

220 1018 350 1103 porale:
386 1031 543 1080 auctorem
567 1015 693 1100 quidem
729 1016 882 1085 bonorum
906 1017 1043 1084 diceutes
1083 1037 1155 1082 esse

218 1107 388 1192 quamdam
411 1104 513 1169 focem
530 1123 713 1189 corpoream
727 1106 878 1171 infinitam
893 1107 953 1170 rim
973 1106 1152 1190 intelligen-

221 1196 253 1259 di
276 1196 455 1271 nabentem,
478 1205 648 1258 auctorem
662 1213 734 1258 uero
758 1195 910 1260 maiorum
934 1195 1081 1262 dixerunt
1106 1215 1154 1260 es·

220 1303 253 1348 se
276 1283 426 1369 quasdam
449 1280 626 1367 corporales
649 1283 790 1350 tenebras
813 1283 955 1348 infinitus.

287 1371 391 1436 'fertio
415 1390 488 1434 uero
511 1384 692 1435 erraverunt
727 1392 782 1457 per
813 1391 1009 1457 cmrsequens
1044 1370 1076 1439 in
1103 1391 1151 1437 re·

219 1482 290 1526 rum
313 1460 547 1546 gubernatione,
582 1459 802 1526 constituentes
839 1463 970 1538 omnia,
989 1479 1054 1524 non
1090 1458 1153 1524 sub

221 1570 284 1616 uno
307 1549 492 1634 principatu,
515 1547 570 1612 sed
593 1547 652 1614 sub
676 1549 847 1616 contrariis.

286 1638 368 1702 Haec
391 1651 495 1702 eutem
511 1656 592 1722 quae
608 1637 764 1722 praedicta
794 1652 866 1705 sunt
882 1656 1060 1724 expressam
1076 1657 1150 1702 eon·

222 1728 320 1793 tinent
342 1725 516 1804 falsitatem,
540 1740 571 1791 ut
595 1739 695 1811 puteat
718 1727 811 1792 rideri
837 1747 890 1812 per
913 1726 1044 1810 singula.

290 1817 395 1880 Primo
418 1835 552 1899 namque
576 1815 696 1900 penitus
721 1815 929 1881 irrationabile
957 1830 1002 1880 est
1027 1827 1061 1880 ut
1085 1835 1151 1878 ma-

223 1905 325 1972 lorum
347 1919 480 1991 ponatur
501 1923 570 1968 esse
602 1900 737 1990 aliquod.
769 1905 903 1989 primum
939 1903 1152 1991 principium,
1224 1921 1225 1924 ’

222 1995 308 2079 quasi
332 1994 521 2059 contrarium
544 2012 668 2059 summo
689 1994 788 2059 bono..
809 1993 889 2060 Nihil
924 1994 1007 2060 enim
1046 2006 1149 2079 potest

222 2104 291 2149 esse
312 2084 445 2147 auritum
467 2083 525 2147 nisi
548 2081 580 2145 in
603 2095 753 2166 quantum
769 2145 772 2149 ,
788 2096 833 2151 εει
868 2103 922 2147 ens
946 2096 1037 2157 actu,
1076 2083 1150 2167 quia

224 2171 469 2257 unumquodque
503 2170 563 2235 tale
587 2170 720 2235 alterurn
742 2170 805 2254 agit
842 2170 933 2256 quale
955 2169 1057 2256 ipsum
1081 2184 1152 2247 est;

223 2278 469 2345 rursutnqueex
492 2259 553 2325 hoc
590 2258 706 2344 aliquid
740 2262 841 2343 agitur
877 2259 961 2345 quod
999 2272 1071 2323 actu
1107 2260 1152 2327 fit.

226 2349 474 2436 Unumquodque
498 2363 601 2413 autem
626 2368 662 2415 ex
687 2349 745 2415 hoe
769 2350 886 2417 bonum
915 2348 1046 2413 dicimus
1064 2348 1152 2433 quod

222 2453 324 2504 metum
348 2450 380 2502 et
403 2437 621 2524 perfectionem
647 2437 803 2522 propriam
839 2438 1060 2522 consequitur3
1084 2456 1153 2503 nta-

222 2528 413 2593 fumantem
438 2547 476 2591 ex
499 2529 558 2591 frou
580 2530 665 2611 quod
690 2525 795 2593 uetito
811 2536 880 2593 actu
904 2540 935 2589 et
959 2522 1152 2611 perfectione

223 2623 370 2703 privatur:
391 2617 470 2680 sicut
493 2617 554 2680 rita
575 2628 622 2678 eat
644 2614 781 2700 corporis
806 2614 944 2691 bounmr
968 2613 1040 2679 ririt
1063 2615 1152 2680 enim

223 2726 335 2791 corpus
357 2704 531 2770 secundum
565 2705 723 2781 animam,
746 2723 826 2787 quae
864 2716 910 2769 eat
932 2700 1080 2789 perfectio
1121 2718 1154 2769 et

223 2808 309 2859 actus
325 2794 438 2880 ipsium
460 2792 597 2878 undeet
620 2811 705 2857 more
728 2790 846 2857 maium
864 2793 1001 2876 corporis
1023 2788 1152 2870 dicitur,

224 2903 280 2969 per
303 2902 397 2969 quam
420 2900 533 2968 corpus
555 2880 658 2948 anima
681 2875 826 2966 privatur.
854 2879 935 2948 Nihil
958 2880 1048 2964 igitur
1086 2881 1156 2965 egit

220 2992 323 3057 neque
347 2971 449 3054 agitur
471 2968 528 3034 niti
553 2969 584 3034 in
610 2982 761 3055 quantum
779 2969 896 3033 bonum
921 2982 975 3033 est.
999 2967 1032 3031 fn
1048 2987 1153 3055 quan-

224 3074 289 3125 tum
312 3078 384 3124 veru
409 3058 653 3145 unumquodque
677 3057 793 3125 malurn
817 3071 872 3137 est,
897 3058 928 3121 in
952 3070 1072 3121 tantum
1096 3056 1153 3121 de-

223 3149 287 3214 ficit
309 3149 339 3212 in
363 3148 423 3213 froc
445 3149 528 3234 quod
552 3147 685 3233 perfecte
719 3160 827 3231 egetur
863 3144 910 3211 ref
944 3159 1035 3230 agam
1069 3145 1152 3213 siout

223 3238 352 3302 domum
376 3236 491 3303 malam
513 3236 579 3303 fieri
601 3236 743 3312 dicimur,
765 3237 791 3301 si
814 3233 854 3302 ad
877 3234 1013 3305 deenen
1044 3232 1151 3318 perfe-

224 3328 358 3390 ctionem
381 3346 443 3390 non
467 3324 674 3412 perducatur,
708 3338 739 3395 et
760 3324 989 3391 aedificatorem
1027 3322 1151 3389 matum

224 3413 366 3489 dicimus,
389 3415 415 3477 si
437 3414 468 3477 in
491 3428 556 3478 arte
579 3408 760 3478 aedificandi
777 3406 908 3478 deficiat.
924 3410 1031 3499 Neque
1053 3411 1152 3496 igitur

224 3499 351 3590 maium,
375 3501 407 3564 in
429 3514 579 3585 quantum
594 3500 783 3589 hujusmodi,
799 3500 986 3591 principium
1009 3502 1153 3571 uetitum
