2484 3975
322 267 377 313 ava.
401 267 438 312 vv.
462 268 525 314 aaa.
549 268 604 313 avr.
629 267 664 311 ar
688 265 754 313 uvtv.
851 287 859 296 ·
938 247 1002 317 959

144 337 208 405 Nee
239 350 285 402 est
308 338 527 403 inconveniens
549 335 633 423 quod
665 357 720 422 per
744 356 792 402 res
816 336 950 404 visibiles
972 353 1002 404 et

79 427 254 515 corporales
276 425 442 512 spiritualis
465 427 549 490 salus
573 425 772 502 ministretur,
802 426 873 512 quia
898 426 1002 511 hujus-

79 516 164 584 modi
188 515 316 581 visibilia
339 529 411 578 sunt
433 508 521 598 duasi
545 514 698 600 quaedam
727 515 931 579 instrumenta
944 516 1001 581 Dei

78 607 227 672 incarnati
251 617 281 668 et
305 604 395 689 passi.
409 603 650 668 instrumentum
665 617 767 667 autem
782 624 843 668 non
857 618 1002 688 operatur

79 714 117 760 er
139 694 251 758 virtute
274 711 349 757 snae
372 706 510 770 naturae,
533 691 588 757 sed
614 711 653 756 ex
677 693 788 756 virtute
827 693 1002 779 principalis

78 783 198 866 agentis
221 803 238 846 a
261 802 325 866 quo
348 781 520 867 applicatur
542 780 584 844 ad
607 779 811 866 operandum.
835 779 885 844 Sia
909 782 1002 865 igitur

77 885 111 936 et
126 869 305 956 hujusmodi
329 889 379 933 rea
402 869 537 935 visibiles
557 869 688 934 salutem
716 867 904 954 spiritualem
929 891 1001 958 ope

79 974 188 1024 rantur
211 979 274 1023 non
297 979 334 1022 ex
359 960 544 1042 proprietate
581 979 656 1023 snae
694 972 833 1034 naturae,
869 958 925 1023 sed
963 979 1000 1024 ex

78 1049 271 1113 institutione
293 1047 388 1132 ipsius
410 1047 521 1112 Christi
543 1067 580 1112 ex
611 1067 672 1132 qua
708 1046 852 1112 virtutem
891 1046 1000 1114 instru-

77 1136 246 1201 mentalem
269 1150 510 1220 consequuntur.

288 1334 292 1339 ·
388 1310 561 1377 CAPUT
602 1310 689 1378 LVll.

265 1489 311 1554 Da
333 1488 529 1554 distinetione
551 1500 815 1555 monumentorum

340 1578 452 1642 ueteris
477 1591 505 1646 et
527 1598 624 1643 nonne
648 1578 733 1664 lepis.

142 1753 262 1820 Deinde
285 1753 545 1821 considerandum
568 1767 616 1820 est
655 1755 750 1842 quod,
789 1775 859 1820 oum
894 1756 999 1843 hujus·

75 1844 161 1914 modi
190 1843 318 1908 visibilia
342 1858 532 1909 sacramenta
556 1863 594 1908 er
620 1845 763 1930 passione
799 1844 910 1910 Christi
932 1845 1000 1912 ettv-

75 1934 193 2000 oaeiam
218 1933 351 1999 babeant
374 1945 405 1996 at
428 1934 525 2021 ipsam
549 1932 782 2020 quodammodo
821 1955 999 2022 repraesen-

76 2036 154 2101 tent,
178 2021 248 2087 talia
263 2042 299 2086 ea
323 2041 391 2085 ease
413 2035 534 2109 oportet
556 2036 589 2089 ut
606 2036 778 2107 congruant
789 2023 876 2087 saluti
902 2023 999 2089 laetae

74 2132 132 2197 per
155 2109 320 2176 Christum.
348 2109 429 2175 llaeo
452 2125 555 2176 autem
592 2111 685 2187 salus,
712 2125 782 2175 ante
816 2112 928 2178 Christi
955 2112 999 2178 in-

73 2202 286 2265 carnationem
309 2209 505 2277 otthonem,
528 2214 593 2264 erat
617 2199 742 2286 quidem
761 2203 921 2286 promissa,
943 2202 999 2267 red

72 2309 138 2353 non
162 2287 308 2363 exhibitu
330 2287 385 2352 aad
409 2288 543 2353 Verbum
578 2288 771 2353 incarnatum
808 2303 838 2354 et
874 2310 997 2377 passum

71 2390 122 2442 ert
142 2375 272 2442 salutem
297 2376 474 2461 hujusmodi
498 2390 669 2463 operatum.
694 2376 891 2443 Sauranrenta
906 2378 1000 2463 igitur

71 2485 155 2551 quae
179 2465 423 2530 incarnationem
448 2465 560 2530 Christi
584 2479 820 2552 praecesserunt
836 2467 906 2532 talia
930 2486 998 2532 esse

71 2555 210 2641 oportuit
232 2567 265 2617 ut
288 2552 496 2637 significarent
519 2568 549 2619 et
571 2554 805 2639 quodammodo
834 2557 997 2643 repromit-

73 2656 175 2709 terent
198 2642 339 2719 salutem;
361 2657 552 2708 sacramenta
575 2656 679 2707 autem
703 2663 783 2728 quae
807 2643 916 2709 Christi
931 2664 997 2731 pas

73 2733 196 2798 sionem
218 2744 450 2815 consequuntur
473 2732 544 2796 talia
568 2750 635 2798 esse
659 2745 781 2817 oportet
811 2746 843 2797 ut
866 2732 996 2798 salutem

75 2820 257 2886 hominibus
276 2820 456 2899 exhibeant,
480 2834 511 2885 et
534 2842 596 2885 non
635 2819 735 2885 solum
772 2821 922 2906 signando
945 2822 997 2888 de-

76 2921 262 2975 monstrent.
504 2902 508 2917 '

143 2998 203 3063 Per
225 2997 286 3063 hoo
308 3009 411 3061 autem
435 2997 565 3062 evitatur
586 2996 776 3063 ludaeorum
811 2999 926 3087 opinio,
949 3000 1001 3087 qui

75 3085 206 3153 eredunt
228 3098 422 3151 sacramenta
456 3087 565 3171 legalia
599 3098 725 3172 propter
767 3086 826 3153 hoe
861 3088 944 3173 quod
984 3108 1002 3153 a

76 3174 146 3241 Deo
168 3188 240 3241 sunt
265 3173 412 3253 instituta,
449 3176 482 3239 in
518 3188 702 3261 perpetuum
742 3192 809 3264 esse
843 3175 1004 3254 servanda,

76 3284 147 3330 oum
172 3265 257 3330 Deua
279 3283 341 3327 non
366 3265 521 3350 poeniteat
543 3282 644 3349 neque
658 3276 802 3327 mutetur.
827 3264 875 3329 Fit
898 3273 1021 3330 autem

78 3353 195 3440 absque
218 3352 388 3418 mutatione
410 3351 601 3437 disponentis
625 3352 673 3415 vel
705 3351 892 3437 poenitentia
917 3352 1003 3440 quod

79 3440 200 3507 diversa
222 3441 364 3527 disponat
386 3440 556 3505 seeundum
588 3441 791 3526 eorrgruentia
827 3455 1002 3530 temporum

80 3530 281 3598 diversorum.
305 3528 390 3594 Sicut
413 3530 503 3615 igitur
526 3529 748 3617 paterfamilias
770 3531 829 3597 alia
842 3546 1003 3620 praecepta

789 3786 800 3823 b
