2484 3975
378 237 416 280 ne
439 235 592 282 rurrcrrrrs
614 235 746 280 urrunnu
958 221 1022 288 l53

100 324 220 392 semper
243 303 317 370 illud
341 305 425 391 qnod
449 305 650 369 universalius
674 319 729 375 est,
768 323 858 370 eausa
898 324 1018 377 remota

103 395 222 459 dieitur:
244 394 328 480 quod
362 408 465 458 autem
500 394 671 480 specialius,
706 414 797 458 eausa
836 396 1020 485 propinqum

101 485 175 547 sieut
198 484 328 548 dicimus
350 483 434 567 quod
472 480 569 547 lormo
605 481 738 547 hominis
767 485 938 570 propinqua
973 500 1020 555 est

102 592 153 637 sua
176 573 325 650 delinitio,
356 572 472 636 seilicet
494 573 608 635 animal
644 571 801 645 rationale;
824 572 879 637 aed
903 574 1019 644 animal

100 674 143 725 eat
166 662 263 746 magis
285 675 451 738 remotum,
473 659 636 724 etiterum
670 660 838 725 substantia
861 666 1018 731 remotior:

101 752 203 814 omnia
224 752 309 815 enim
331 751 490 834 superiora
513 762 583 813 sunt
604 748 725 813 lormae
759 748 949 830 inferiorum3
988 767 1019 820 ει

99 839 236 903 similiter
260 841 386 903 materia
411 837 483 902 idoli
507 837 677 923 propinqua
716 851 761 903 est
783 858 926 925 euprum,
963 844 1019 910 sed

101 941 214 991 remota
239 940 284 992 est
307 926 477 1003 metallum,
500 940 531 990 et
553 928 663 992 iterum
688 928 835 991 remotior
857 929 975 1016 eorpus.

141 1016 228 1093 ltom,
253 1017 424 1081 Causarum
452 1016 510 1080 alia
534 1030 580 1080 est
604 1036 696 1081 eausa
732 1035 787 1101 per
809 1035 854 1094 se,
878 1018 936 1083 alia
961 1040 1017 1107 per

101 1104 248 1168 aeeitlens.
272 1106 370 1170 Causa
394 1124 449 1189 per
470 1124 504 1169 se
526 1105 637 1169 dieitur
659 1124 739 1191 quae
772 1118 818 1168 est
847 1126 939 1173 eausa
961 1110 1017 1174 ali-

100 1192 184 1277 eujus
207 1195 251 1257 rei
274 1196 456 1280 inquantum
474 1193 663 1278 hujusmodi,
684 1196 762 1258 sieut
784 1192 1019 1263 aedificatorem

98 1302 187 1347 eausa
209 1283 331 1360 domus,
355 1296 386 1347 et
409 1283 526 1367 lignum
551 1285 678 1347 materia
701 1284 827 1347 scamni.
852 1284 948 1351 Causa
962 1306 1019 1374 per

97 1370 236 1436 aeeitlens
259 1373 370 1437 dieitur
391 1371 441 1436 illa
478 1392 559 1458 quae
596 1371 706 1435 aoeitlit
738 1390 850 1435 causae
887 1394 942 1459 per
974 1396 1019 1450 se,

96 1459 172 1525 sieut
195 1461 326 1527 dioimus
349 1460 432 1545 quod
467 1461 687 1544 grammaticus
725 1459 875 1525 aedificat:
914 1484 1018 1546 gram·

94 1550 222 1615 metiens
245 1551 328 1614 enim
346 1551 456 1614 dieitur
478 1570 569 1613 nausa
592 1549 759 1613 aedilieans
787 1569 841 1634 per
864 1552 1017 1628 accidens,

92 1657 153 1701 nou
176 1640 358 1724 inquantum
382 1639 611 1722 grammaticus,
634 1639 688 1701 sed
712 1640 1017 1723 inquantomaeeidit

92 1726 278 1793 aerlilieatori
302 1728 387 1813 quod
410 1728 448 1791 sit
470 1728 702 1812 granrmatieus‚
725 1742 755 1791 et
792 1728 933 1793 similiter
968 1746 1015 1797 est

93 1814 124 1879 in
147 1815 213 1881 aliis
234 1820 344 1883 causis.

160 1906 244 1983 leem,
267 1907 435 1971 Causarum
458 1902 611 1990 quaedam
636 1918 679 1967 est
703 1904 843 1991 simplex,
858 1905 1012 1991 quaedam

90 1998 269 2082 composita:
292 1995 428 2080 Simplex
449 2015 553 2070 eausa,
574 1994 699 2079 quaudo
722 1994 822 2059 solum
853 2013 944 2061 eausa
967 1997 1014 2063 di·

88 2084 169 2149 eitur
191 2084 265 2150 illud
288 2086 371 2172 quod
395 2104 451 2172 per
471 2105 505 2149 se
528 2097 574 2146 est
596 2083 869 2157 oausn,uelsolnm
883 2085 913 2149 iu
928 2088 1013 2172 quod

88 2193 145 2258 per
167 2174 308 2240 aeeirleus
331 2187 387 2251 est,
403 2186 435 2237 ut
458 2174 482 2236 si
505 2172 644 2237 dieamus
682 2171 909 2238 aedificatorem
944 2193 1014 2240 esse

87 2281 214 2326 eausam
238 2264 360 2335 domus.
384 2276 414 2326 ει
451 2261 590 2325 similiter
623 2262 647 2326 si
683 2261 822 2327 dinamus
857 2261 1013 2329 medicum

86 2370 157 2414 esse
180 2373 304 2432 eausam
338 2353 460 2428 domun
493 2351 662 2436 composita
701 2363 805 2415 autem
842 2370 933 2417 eausa
967 2366 1015 2417 est

86 2440 215 2523 quando
238 2454 368 2528 utraque
389 2440 501 2504 dieitur
521 2459 625 2510 eausa,
648 2453 682 2504 ut
703 2442 727 2504 si
751 2439 899 2504 dieamus:
930 2439 1015 2506 AEdi·

87 2528 197 2593 lieator
218 2530 355 2594 medians
378 2542 425 2593 est
446 2549 537 2593 causa
575 2529 698 2594 domus.
721 2563 765 2576 -
781 2528 884 2593 Potest
918 2531 1010 2596 etiam

85 2616 148 2681 diei
171 2637 265 2683 eausa
287 2618 430 2706 simplex,
463 2616 636 2682 seeundum
670 2617 754 2703 quod
787 2617 912 2703 exponit
944 2621 1013 2684 Aul·

82 2724 198 2785 oenna,
220 2707 296 2772 illud
320 2707 402 2796 quod
415 2711 482 2771 sine
494 2706 691 2791 rojanortone
707 2706 831 2771 alterius
846 2719 892 2770 est
905 2727 1010 2781 eausa,

82 2794 167 2860 sieut
188 2816 319 2881 cuprum
342 2810 387 2861 est
410 2815 501 2860 eausa
526 2795 599 2860 idoli
621 2794 690 2858 siue
714 2795 911 2879 adjunctione
934 2796 1010 2862 ulte-

81 2885 150 2949 rius
174 2886 322 2951 materiae
344 2887 409 2972 (ει
430 2905 527 2970 oupro
550 2885 634 2948 euim
657 2883 691 2948 lit
713 2884 868 2969 idolum),
890 2886 1011 2952 etsieut

81 2972 200 3037 dieitur
222 2975 305 3060 quod
322 2974 461 3039 medieas
484 2973 554 3038 lauit
577 2971 752 3051 sanitatem,
768 2972 816 3038 uel
831 2974 914 3060 quoil
931 2974 1010 3058 ignis

78 3060 233 3128 ealefacit.
257 3062 433 3150 Composita
454 3075 559 3126 autem
581 3081 673 3126 eausa
696 3075 752 3140 est,
774 3063 899 3147 quando
920 3081 1011 3150 opor-

79 3164 128 3215 tet
153 3151 242 3238 plura
265 3153 410 3216 aduenire
432 3150 471 3215 ad
495 3151 555 3215 lroe
576 3150 660 3236 quod
682 3151 721 3216 sit
743 3171 845 3228 causae
877 3155 955 3216 sieut
977 3173 1011 3216 u·

79 3259 146 3304 raus
171 3241 267 3308 lromo
290 3262 352 3309 non
375 3252 422 3304 est
443 3259 535 3304 eausa
559 3253 661 3304 motus
692 3239 787 3317 navis,
820 3238 875 3304 sed
913 3240 1012 3320 multi3
1104 3283 1111 3306 a
1217 3257 1221 3270 ¹

78 3341 114 3393 e:
139 3328 222 3394 sieut
235 3351 315 3395 unus
329 3330 406 3415 lapis
422 3347 484 3393 uon
499 3341 546 3393 est
559 3329 686 3402 materia
714 3328 836 3406 domur,
848 3327 903 3393 sed
915 3331 1013 3393 multu.

154 3417 244 3497 ltem‚
267 3418 437 3495 Causarum
458 3416 611 3502 quaedam
634 3430 678 3482 eat
691 3429 771 3497 netu,
793 3418 945 3505 quaedam
959 3438 1014 3505 po·

77 3508 193 3575 tentia.
217 3507 316 3576 Causa
339 3508 369 3573 iu
391 3517 461 3572 netu
476 3519 522 3572 est
544 3525 624 3594 quae
647 3519 753 3573 causat
785 3524 857 3574 aeta
878 3527 956 3586 rem,
980 3520 1013 3574 ut
1079 3523 1084 3537 ’
