2484 3975
217 213 283 281 252
447 291 450 296 ,
515 232 571 278 tta.
596 232 635 278 ιιι.
659 231 723 280 oar.
747 231 829 278 extri.

216 317 278 380 tur,
300 297 430 368 ulterius
464 313 569 367 autem
606 300 768 388 qualitates
805 311 878 368 suut
916 297 1075 366 cononum
1115 311 1155 366 et

216 389 397 479 passionum
420 389 570 476 principia
592 403 624 455 et
646 389 830 458 relationum
852 388 1073 476 quarumdam,
1110 403 1155 454 ut

217 491 452 564 competeret
475 477 558 545 libus
579 491 613 546 ct
638 477 785 546 dominus
817 492 849 546 et
870 497 978 546 servus
1011 492 1043 546 et
1083 477 1152 544 alia

178 572 200 589 ²
217 567 408 654 hujusmodi
430 567 584 654 quasdam
608 587 682 634 tero
705 567 870 636 relationes
899 565 1080 636 immediate
1103 565 1153 632 ad

216 656 402 743 quantitutss
425 669 609 742 sequuntur,
633 669 667 724 ut
689 655 789 742 majus
813 671 843 722 et
868 655 981 733 minua,
1011 655 1150 742 duplum

218 759 250 812 ct
271 743 434 815 dimidium
457 758 488 811 et
510 744 635 812 similia.
657 744 707 811 Sic
732 747 825 830 iqitur
847 745 1019 814 accidentia
1055 744 1153 830 patris

218 847 289 921 part
309 834 544 901 conversionem
569 833 757 919 praedictam
781 853 945 902 remanere
961 832 1152 916 ponendum

220 937 278 1004 est,
300 936 333 991 ut
355 921 420 988 solo
443 923 597 1008 quantitus
618 920 789 994 dimeneiva
813 923 880 990 sine
910 921 1048 1008 subjecto
1072 921 1152 988 aub-

219 1013 305 1078 sistat
317 1023 348 1077 et
362 1011 395 1076 in
412 1011 477 1096 ipsa
493 1011 656 1097 qualitates
672 1009 841 1080 fundentur
852 1012 932 1079 sicut
947 1013 977 1076 in
990 1008 1151 1096 subiecto,

101 1129 105 1134 ’
219 1115 251 1166 ct
273 1120 329 1186 per
350 1119 546 1186 consequens
570 1099 717 1174 actiones,
741 1101 899 1187 passiones
920 1114 952 1166 et
963 1098 1150 1168 relationes.

220 1187 336 1256 Accidit
358 1188 461 1274 igitur,
483 1191 515 1254 in
539 1189 598 1254 bac
639 1191 853 1268 conversione,
886 1189 1076 1257 contrarium
1116 1189 1149 1253 ei

219 1277 303 1364 quod
327 1277 359 1344 in
382 1277 583 1344 mturalibus.
596 1278 818 1346 mutationibus
842 1279 981 1346 accidere
993 1277 1087 1352 solet,
1114 1277 1148 1343 in

218 1366 332 1452 quibua
355 1365 524 1432 substantia
547 1381 652 1434 manet
676 1379 709 1434 ut
743 1367 921 1436 mutationis
958 1365 1151 1452 subjectum,

214 1454 389 1530 ¹accidentia
413 1475 487 1522 uero
511 1457 678 1532 veritatum
714 1456 764 1524 bic
798 1470 902 1522 autem
939 1477 958 1521 c
991 1474 1151 1522 couterso

219 1543 363 1610 accidens
396 1558 568 1610 monetet
604 1543 774 1622 substantia
809 1545 926 1610 transit.
961 1543 1152 1629 Huiusmodi

218 1633 303 1700 euius
324 1633 487 1699 conversio
509 1654 571 1699 noo
595 1647 695 1719 potest
717 1633 843 1720 proprie
865 1632 925 1700 dioi
955 1646 1068 1710 motus,
1109 1633 1153 1700 oi-

219 1734 272 1788 out
293 1742 312 1787 a
335 1722 465 1788 naturali
489 1724 541 1806 (l)
562 1721 787 1800 consideratur,
803 1736 837 1788 ut
851 1721 1025 1806 subjectum
1042 1723 1153 1809 requi-

221 1810 270 1888 rit;
291 1810 346 1876 scd
370 1825 417 1878 est
438 1811 591 1898 quaedam
618 1810 827 1880 substantialis
867 1811 1030 1890 successio,
1068 1811 1154 1878 sieut

220 1901 252 1966 in
276 1901 433 1966 erectione
455 1915 504 1971 eet
526 1899 680 1966 successio
704 1919 773 1968 esse
795 1913 826 1964 et
849 1920 912 1966 non
935 1921 1013 1978 esse,
1026 1915 1060 1966 ut
1082 1899 1153 1966 dic-

219 2004 288 2057 tum
311 2004 359 2055 cst
381 1989 417 2073 (Ι.
443 1989 476 2066 2,
497 2010 524 2055 c.
551 1989 617 2073 llll.

288 2077 370 2145 llaec
394 2077 486 2163 igitur
510 2092 557 2143 ost
580 2099 642 2147 uua
665 2079 745 2145 ratio
770 2097 869 2164 quare
892 2077 1037 2147 accidens
1060 2080 1154 2165 panis

221 2186 385 2235 remanere
408 2180 530 2253 oportet
554 2181 586 2233 ιιι
609 2168 784 2233 inueniatur
808 2166 935 2253 aliquod
958 2187 1089 2235 monens
1119 2167 1154 2235 iu

221 2256 429 2323 conversione
454 2255 621 2341 praedicta.
646 2256 700 2321 list
739 2269 844 2321 autem
867 2269 899 2322 et
927 2271 1050 2341 praeter
1089 2256 1153 2325 boc

221 2345 306 2413 uliud
322 2345 541 2411 necessarium.
557 2344 589 2409 Si
605 2346 688 2411 enim
705 2344 875 2411 substantia
892 2348 980 2429 ponis
992 2346 1023 2411 in
1034 2366 1152 2431 corpus

222 2433 335 2501 Christi
358 2446 590 2500 conuerteretur
612 2446 644 2499 et
667 2433 757 2520 ponis
780 2432 949 2501 accidentia
972 2436 1151 2513 transirent,

219 2545 258 2592 cx
281 2524 333 2589 tali
355 2522 558 2588 conversione
594 2542 658 2589 nou
693 2534 877 2608 sequeretur
914 2522 998 2609 quod
1036 2540 1151 2607 corpus

158 2610 166 2615 ‘⁴
219 2613 343 2689 Cbriati,
366 2610 540 2677 secundum
563 2631 652 2677 suam
665 2610 880 2686 substantiam.
897 2624 979 2677 esset
995 2610 1048 2677 ubi
1064 2612 1151 2698 prius

220 2701 279 2771 luit
300 2702 399 2789 punis3
421 2698 508 2765 nulla
532 2700 616 2765 enim
642 2698 869 2785 relinqueretur
892 2698 1042 2767 habitudo
1079 2720 1154 2769 our·

221 2791 307 2878 poris
332 2788 443 2855 Christi
467 2788 507 2853 ad
521 2786 625 2855 locum
650 2787 852 2873 praedictum.
872 2785 946 2866 Sed,
962 2808 1035 2857 cum
1050 2808 1152 2875 quan·

221 2880 292 2945 tatis
313 2877 484 2948 dimensiua
508 2877 597 2963 panis
620 2888 762 2943 remanet
796 2887 866 2963 post
904 2879 1152 2956 couversionem,

221 2988 277 3055 per
299 2987 393 3053 quom
418 2965 507 3051 panis
531 2966 614 3031 hunc
638 2964 742 3031 locum
765 2964 964 3044 sortiebatur,
979 2965 1153 3034 substantia

186 3130 189 3135 ,
221 3056 310 3144 panis
331 3056 363 3122 in
385 3075 499 3141 corpus
520 3052 636 3121 Christi
659 3066 787 3135 mutato,
821 3056 854 3121 lit
889 3074 1004 3141 corpus
1039 3054 1153 3121 Christi

218 3146 278 3215 sub
300 3144 470 3231 quantitate
491 3142 663 3210 timenem
688 3142 787 3228 panis,
816 3156 847 3209 et
873 3162 929 3230 per
951 3162 1154 3229 consequeus

220 3234 326 3301 locum
352 3233 440 3320 ponis
463 3230 698 3318 quodammodo
720 3232 856 3310 sortitur,
872 3231 1081 3300 mediantibus
1105 3245 1153 3299 ta·

222 3342 296 3389 men
318 3320 567 3406 dimensionibus
589 3320 688 3405 penis.

290 3411 423 3477 Possunt
444 3421 476 3473 et
497 3407 577 3473 oliae
600 3408 736 3475 rationes
759 3407 919 3493 assignari,
942 3421 974 3474 et
1000 3420 1154 3496 quantum

277 3513 319 3585 (l)
337 3513 362 3571 d
379 3511 513 3578 noturdr',
531 3512 550 3566 i.
567 3528 623 3569 ca
642 3511 796 3584 philosopho
813 3512 938 3567 naturali.
