2484 3975
238 229 302 295 l‘ld
563 248 618 291 tra.
643 239 680 292 tv.
704 246 768 290 cta.
793 245 869 289 arri.

235 330 327 405 patet,
352 315 543 402 impossibile
567 329 613 380 est
637 315 721 399 quod
744 315 776 379 in
801 313 868 378 lieo
892 311 1165 399 sintplureslilia·

236 407 345 484 tiones;
368 419 398 471 et
421 405 530 470 eadem
554 407 631 469 ratio
654 417 701 468 est
724 403 764 468 de
786 403 863 480 aliis;
886 403 982 492 etsie
1018 405 1051 468 in
1090 403 1166 470 Deo

145 495 147 500 ’
235 509 307 563 sunt
330 496 431 560 solum
455 507 517 558 tres
542 514 703 578 personae.

302 583 333 649 Si
357 585 552 670 quisautem
576 581 724 666 objiciens
763 581 844 645 dicat
881 578 967 665 quod
1000 580 1030 644 in
1070 580 1166 655 Filio,

235 693 307 739 cum
330 674 368 740 sit
392 671 545 759 perlectus
569 671 665 746 Deus,
688 684 734 736 est
756 671 851 734 virtus
882 669 1064 736 intellectiva
1088 691 1166 754 per·

236 762 313 828 lecta
338 762 435 827 etsie
459 772 557 844 potest
581 759 751 843 perdocere
774 759 914 833 terbum,
944 772 976 824 et
1007 759 1165 833 similiter,

235 872 307 916 cum
332 851 363 915 in
388 849 502 937 Spiritu
526 848 639 912 Sancto
665 849 703 914 sit
725 848 846 913 bonitas
869 845 1093 933 infinita‚qttae
1117 861 1167 912 est

236 937 527 1006 communicationis
552 937 749 1022 principium,
772 935 885 1022 poterit
911 935 998 1000 alteri
1037 936 1166 1002 divinae

238 1049 389 1116 personae
413 1041 554 1092 naturam
579 1025 716 1090 divinam
741 1023 981 1102 communicare,
1018 1026 1166 1091 conside-

238 1139 308 1184 rare
332 1116 424 1182 debet
447 1114 529 1201 quod
554 1114 649 1178 Filius
672 1127 717 1179 est
739 1114 824 1178 Deus
861 1127 895 1178 ut
932 1113 1064 1196 genitus,
1098 1135 1166 1180 non

241 1219 275 1272 ut
296 1225 460 1290 generans
484 1203 565 1268 unde
589 1204 684 1267 virtus
707 1202 888 1267 intellectiva
922 1217 969 1268 est
1002 1203 1033 1266 in
1068 1223 1108 1268 eo
1133 1215 1168 1269 ut

239 1296 274 1360 in
299 1293 484 1380 procedente
509 1313 563 1377 per
587 1292 714 1357 modum
738 1290 835 1368 verbi,
859 1312 921 1356 aon
953 1304 987 1356 ut
1020 1291 1051 1355 in
1091 1313 1166 1371 pro·

79 1441 83 1456 ,
158 1449 160 1453 ,
240 1383 372 1448 ducente
396 1382 612 1466 perverbum:
638 1395 668 1446 et
690 1380 840 1458 similiter,
850 1400 923 1444 cum
939 1377 1070 1465 Spiritus
1087 1379 1167 1446 San·

242 1484 308 1538 ctus
331 1472 370 1535 sit
392 1471 475 1534 Deus
500 1483 532 1534 ut
556 1469 739 1554 procedens,
759 1483 805 1533 est
828 1469 858 1534 in
882 1490 921 1534 eo
952 1469 1072 1534 bonitas
1094 1469 1167 1554 infi-

241 1561 305 1625 nita
329 1573 362 1624 ut
386 1559 416 1624 in
441 1558 778 1647 personataccipiente
800 1579 863 1622 non
887 1571 919 1623 ut
956 1559 987 1622 in
1022 1579 1168 1625 commu·

243 1651 366 1714 nicante
390 1648 475 1712 alteri
500 1647 670 1717 bonitatem
694 1645 858 1724 inlinitum3
897 1667 959 1711 uon
996 1647 1082 1712 enim
1118 1649 1166 1713 di·

241 1738 439 1822 stinguuntur
463 1735 501 1802 ab
526 1735 657 1798 invicem
684 1736 741 1805 nisi
775 1735 848 1800 solis
885 1734 1095 1813 relationibus,
1133 1748 1167 1802 ut

243 1846 278 1892 ex
302 1825 483 1911 supradictis
507 1837 598 1908 patet.
624 1823 820 1906 Toratgitur
858 1825 1016 1908 plenitudo
1054 1825 1166 1891 divini·

244 1914 313 1980 tatis
335 1927 381 1979 est
411 1915 442 1977 in
466 1914 553 1986 Filio,
588 1924 618 1975 et
642 1912 752 1977 eadem
780 1934 911 1978 numero
949 1933 1027 1999 quae
1064 1925 1113 1981 est
1137 1915 1167 1979 in

178 2024 183 2035 ·
244 2004 346 2083 Patre,
369 2004 423 2068 sed
447 2024 518 2069 cum
543 2002 696 2068 relatione
720 2003 893 2081 nativitatis,
915 2004 993 2067 sicut
1022 2003 1170 2069 inlatae

216 2114 314 2159 qum
339 2092 488 2158 relatione
512 2092 719 2175 generationis
743 2091 870 2167 activae;
893 2092 976 2155 unde
1010 2092 1034 2156 si
1058 2092 1168 2157 relatio

245 2182 342 2247 Patris
366 2180 582 2246 attribueretur
595 2179 684 2253 Filio,
707 2180 808 2244 omnis
830 2180 984 2246 distinctio
997 2180 1166 2247 tolleretur:

245 2270 409 2335 stentem
434 2269 512 2333 ratio
536 2281 581 2333 est
603 2268 642 2332 de
665 2267 781 2353 Spiritu
808 2269 929 2334 Sancto.

312 2356 614 2444 Hujusmodiautem
640 2356 761 2422 divinae
799 2358 956 2423 Trinitatis
993 2356 1167 2423 similitudi·

246 2468 316 2514 nem
340 2440 373 2512 la
397 2459 501 2511 mente
533 2446 668 2509 ltuurana
693 2467 857 2529 possumus
880 2445 1167 2531 consideratelpsa

245 2538 327 2603 enim
353 2556 452 2613 mem,
476 2555 513 2599 ex
538 2536 595 2599 hooc
622 2535 705 2619 quod
729 2554 762 2599 se
786 2548 854 2600 actu
872 2534 1021 2617 intelligit,
1035 2534 1167 2601 verbum

245 2646 336 2691 suum
360 2626 494 2711 concipit
518 2624 549 2686 in
573 2623 684 2706 seipsa:
708 2625 790 2708 quod
814 2623 891 2688 nihil
913 2623 1167 2708 aliudestquam

246 2714 310 2799 ipsa
334 2714 463 2779 intentio
487 2711 689 2793 intelligibilis
713 2713 835 2789 mantis,
850 2732 933 2797 quae
970 2725 1001 2776 et
1037 2711 1168 2777 intentio

245 2802 397 2869 intellecta
421 2801 541 2879 dicitur,
582 2800 613 2863 in
654 2814 757 2865 mente
790 2802 933 2878 existens
967 2820 1056 2885 quae,
1092 2800 1169 2866 dum

245 2890 372 2955 ulterius
395 2892 527 2975 seipsam
553 2901 647 2963 amat,
668 2889 801 2973 seipsam
826 2890 967 2975 producit
1001 2890 1034 2954 iu
1058 2888 1170 2955 voluu-

245 2992 305 3044 tate
331 2992 362 3045 ut
384 2993 530 3044 amatum.
557 2977 690 3042 Ulterius
713 2991 816 3043 autem
840 2999 902 3044 non
928 2976 1066 3064 procedit
1089 2977 1168 3043 intra

245 3088 288 3144 se,
312 3069 366 3133 sed
390 3068 583 3133 concluditur
607 3065 734 3144 circulo,
757 3066 832 3132 dum
857 3086 1064 3153 peramorem
1088 3068 1169 3132 redit

246 3158 284 3222 ad
308 3157 404 3243 ipsam
428 3156 683 3231 substantiam,a
719 3176 779 3239 qua
816 3157 972 3240 processio
1011 3156 1169 3241 inceperat

245 3266 300 3333 per
323 3245 528 3311 intentionem
553 3245 751 3322 intellectam;
773 3244 828 3309 sed
866 3244 899 3309 lit
935 3243 1090 3332 processio
1127 3244 1167 3309 ad
1219 3301 1221 3308 .

246 3337 412 3399 exteriores
437 3332 576 3410 ellectus,
600 3333 674 3396 dnm
698 3353 736 3397 cr
760 3353 865 3397 amore
886 3334 934 3399 sui
968 3332 1105 3420 procedit
1127 3333 1166 3397 ad

220 3468 225 3479 .
248 3422 365 3508 aliquid
390 3420 576 3485 laciendum.
602 3421 636 3485 Et
659 3420 701 3485 sic
726 3422 781 3487 tria
805 3422 837 3485 in
864 3434 969 3487 mente
1006 3420 1167 3485 inveniun-

245 3524 302 3575 tur:
327 3530 422 3577 mens
446 3510 521 3597 ipsa,
544 3529 624 3594 quae
657 3522 704 3575 est
742 3510 945 3597 processionis
983 3509 1169 3598 principium
