2484 3975
411 258 448 303 nc
473 257 670 306 tercnnrrare
692 259 783 302 nunni
991 236 1054 302 ott

136 349 204 396 esse
226 325 314 414 ignis,
338 327 442 414 incipit
465 348 532 394 esse
554 328 722 396 calefactio.
738 325 810 404 Sed,
828 324 859 390 io
873 325 1056 412 operatione

136 419 246 496 subita,
268 417 360 484 simut
384 420 446 482 imo
470 416 552 482 idem
577 432 623 484 cst
646 415 830 504 principium
854 428 884 480 et
907 411 1058 499 finisejus

136 510 214 576 sicut
237 509 267 572 in
290 506 434 572 omnibus
456 506 701 574 indivisibilibus.
717 506 796 590 llrgc
810 504 840 567 in
861 522 1058 589 quocumque

39 629 46 644 ·
136 598 259 665 instanti
283 595 407 683 ponitur
444 615 538 680 agens
577 597 751 684 producens
785 592 928 658 ellectum
966 612 1057 656 suum

136 687 249 765 subito,
273 697 371 770 potest
394 687 466 770 poni
491 687 641 752 terminus
663 683 791 750 actionis
814 701 898 747 suae.
922 679 984 746 Sed
1000 693 1060 745 ter-

136 776 238 842 minus
263 773 389 839 actionis
412 785 458 838 ent
481 774 573 840 simul
595 797 669 841 cum
691 775 758 859 ipso
784 770 875 836 lacto.
899 769 979 853 Ergo
995 789 1059 835 non

136 877 287 949 repugnat
318 862 497 934 intellectui,
531 865 556 928 si
591 877 724 951 ponatur
759 881 849 946 cansa
886 858 1060 945 producens

137 955 279 1020 ellectum
303 972 394 1016 sunm
432 950 545 1029 subito,
579 973 642 1019 raon
677 950 863 1038 praecedere
898 947 1061 1013 duratione

138 1055 297 1108 causatum
321 1061 422 1107 suurn.
447 1040 644 1126 Repugnaret
666 1054 769 1106 autent
795 1039 826 1102 in
853 1038 952 1103 causis
991 1058 1062 1124 pro-

139 1131 323 1197 ducentibus
347 1131 471 1196 allectus
495 1151 567 1196 snos
591 1152 647 1218 per
667 1143 799 1202 motum.
833 1128 904 1214 quia
942 1140 1062 1213 oportet

139 1219 221 1306 quod
246 1219 429 1305 principium
454 1233 555 1284 motus
580 1220 743 1306 praecedat
780 1218 873 1282 linern
914 1213 990 1299 ejur.
1027 1215 1063 1280 Et

139 1309 210 1394 quia
235 1308 377 1374 lromines
399 1310 537 1374 consueti
561 1322 632 1375 sunt
655 1308 852 1374 considerare
884 1303 1061 1386 huiusmodi

140 1397 288 1462 lectiones
311 1418 391 1484 quae
414 1410 486 1461 sunt
511 1418 565 1485 per
604 1412 735 1476 motum,
772 1395 842 1461 ideo
878 1416 941 1461 non
977 1393 1063 1459 lacile

138 1487 264 1572 capiunt
285 1486 366 1571 quod
390 1506 481 1550 causa
506 1507 600 1568 agens
625 1488 786 1551 duratione
809 1484 951 1550 ellectum
971 1502 1062 1548 suum

141 1596 204 1640 non
228 1575 404 1660 praecedam
426 1587 457 1638 et
481 1574 554 1640 inde
577 1574 717 1659 estquod
731 1574 898 1639 multorum
914 1573 1064 1657 inexperti

142 1662 180 1728 ad
201 1683 297 1749 panca
321 1663 528 1748 respicientes,
541 1664 701 1729 enuntiant
714 1662 811 1729 facile.
834 1662 1064 1746 -Necpotcst

142 1751 214 1816 hnic
238 1750 345 1815 rationi
370 1751 484 1816 obviari
507 1753 585 1837 qnia
600 1751 686 1817 Deus
709 1765 755 1816 est
776 1771 870 1817 causa
893 1770 989 1835 agens
1008 1769 1064 1835 per

143 1839 341 1916 voluntaterm
365 1841 435 1924 qnia
461 1859 522 1905 non
546 1841 807 1906 estnecessarium
822 1838 907 1924 quod
923 1839 1064 1905 voluntas

143 1927 307 2017 praecedat
332 1926 493 1994 duratione
516 1930 659 1995 ellectum
683 1951 786 2010 sunm,
808 1949 865 1994 nec
891 1949 987 2014 agens
1010 1948 1066 2014 per

143 2018 343 2094 uoluntatem,
367 2019 425 2083 nisi
449 2040 504 2105 pcr
527 2020 586 2085 hoc
609 2020 693 2105 quod
717 2020 779 2105 agit
795 2035 832 2084 ex
845 2018 1065 2083 deliberatione

143 2106 226 2195 quod
250 2106 328 2172 absit
350 2119 383 2171 nt
407 2108 437 2172 in
464 2107 533 2173 Deo
550 2129 712 2195 ponamus.

212 2194 383 2273 Praeterea,
407 2195 503 2261 Causa
529 2196 703 2283 producens
726 2208 820 2262 totam
860 2195 904 2260 rei
927 2194 1066 2260 substan·

60 2349 65 2362 ,
144 2285 217 2349 tiam
240 2304 302 2348 non
326 2286 428 2351 minus
452 2300 552 2371 potest
575 2286 605 2349 in
630 2284 831 2372 producendo
866 2296 960 2349 totam
996 2285 1067 2349 snb·

3 2387 8 2396 '
54 2396 58 2410 ¹
145 2374 289 2439 stantiam
312 2393 405 2458 quam
428 2394 518 2439 cattsa
543 2373 716 2460 producens
739 2374 872 2439 sormam
901 2372 1067 2458 in'prodo-

145 2462 248 2528 ctione
270 2460 400 2541 lormae‚
421 2462 484 2527 imo
507 2463 604 2528 multo
629 2464 737 2548 magis,
759 2464 831 2548 quia
854 2483 916 2527 non
929 2461 1069 2546 producit

145 2550 305 2617 educendo
329 2550 368 2615 de
392 2552 527 2637 potentia
550 2552 711 2621 materiae,
734 2552 812 2617 sicut
834 2564 881 2616 est
903 2551 934 2615 in
961 2570 999 2613 eo
1016 2552 1068 2637 qui

144 2638 286 2726 producit
310 2637 453 2705 lormam.
477 2639 538 2705 Sed
564 2640 691 2725 aliquod
715 2660 809 2724 agens
833 2638 916 2726 quod
929 2638 1070 2725 producit

143 2729 244 2795 solunt
267 2725 400 2793 formam
425 2743 523 2813 potest
545 2730 576 2793 in
600 2728 659 2794 hoe
683 2742 716 2793 nt
738 2727 837 2795 lorma
872 2728 912 2793 ab
937 2748 975 2792 eo
999 2748 1066 2813 pro·

144 2817 234 2883 ducta
257 2815 295 2881 sit
318 2816 578 2904 quandocumque
603 2818 704 2903 ipsum
728 2831 784 2895 est,
808 2829 842 2883 ut
864 2829 946 2904 patet
957 2817 988 2881 in
1004 2817 1070 2883 sole

144 2906 345 2971 illuminante.
370 2906 451 2991 Ergo
474 2907 572 2973 multo
595 2904 705 2971 fortius
729 2905 824 2981 Deus,
849 2905 901 2992 qui
930 2905 1071 2992 producit

146 3008 241 3060 totam
265 2994 308 3059 rei
332 2995 546 3069 substantiam,
578 3008 678 3080 potest
702 2994 804 3064 lacere
842 3009 875 3060 ut
912 3006 1070 3061 causatum

144 3102 235 3149 suum
259 3082 296 3148 sit
320 3084 578 3169 quandocumque
604 3084 670 3170 lpse
700 3098 757 3149 est.

212 3170 386 3250 Praeterea,
409 3172 440 3237 Si
464 3172 564 3260 aliqua
588 3174 626 3237 sit
662 3193 764 3249 causa,
798 3192 857 3259 qna
896 3172 993 3257 posita
1030 3174 1060 3238 in

149 3260 252 3347 aliquo
276 3259 398 3325 instanti
423 3280 485 3325 non
510 3262 603 3347 possit
626 3262 698 3347 poni
723 3262 847 3328 effectus
884 3261 950 3347 ejus
974 3262 1013 3328 ab
1035 3283 1070 3327 ea

150 3348 321 3435 procedens
344 3350 374 3413 in
397 3350 508 3415 eodem
532 3350 666 3427 instanti,
688 3348 748 3415 hoo
771 3370 834 3415 non
858 3363 904 3414 cst
926 3350 983 3415 nisi
999 3354 1071 3435 qnia

149 3438 191 3503 illi
215 3439 328 3503 causae
360 3438 446 3503 deest
478 3438 594 3525 aliquid
631 3438 670 3503 dc
702 3438 941 3525 complemento;
979 3459 1071 3504 cansa

150 3527 232 3593 enim
256 3527 407 3615 completa
431 3540 460 3594 et
484 3540 643 3595 causatum
665 3540 736 3595 aunt
769 3527 871 3593 simul.
908 3527 969 3595 Sed
1003 3528 1070 3594 Deo
