2484 3975
403 261 459 305 cta.
483 259 522 306 tr.
547 259 612 304 cta.
634 258 703 302 xxv.
956 233 1015 300 lffl

93 333 206 402 clusina
229 329 405 406 adderetur;
438 329 507 394 licet
530 329 613 392 enim
653 327 774 391 dicatur
810 325 896 411 quod
932 346 1022 391 uento

93 424 177 490 nouit
199 421 324 498 Filium,
346 419 409 482 nisi
430 418 535 494 Pater,
558 415 676 488 March,
702 415 754 491 ll,
769 414 823 492 27,
839 434 902 478 non
918 428 1023 481 tamen

94 535 112 579 a
135 509 316 595 cognitione
333 505 400 572 Filii
424 505 474 570 rel
490 506 554 591 ipse
569 505 664 569 Filius
679 504 728 568 rel
744 503 876 589 Spiritus
892 505 1024 571 Sanctus

97 599 279 668 excluditur.
308 595 407 670 Unde,
439 594 559 660 etiamsi
598 594 753 658 diceretur
788 592 821 656 in
858 591 1024 678 Evangelio

93 688 178 778 quod
202 687 334 774 Spiritus
369 688 501 752 Sanctus
528 703 589 748 non
615 681 755 768 procedit
782 680 840 746 nisi
870 701 889 746 a
922 681 1025 759 Patre,

93 799 159 846 non
181 797 238 865 per
260 775 320 841 hoo
346 786 559 839 removeretur
593 772 668 856 quin
693 769 874 855 procederet
895 793 913 836 a
936 771 1027 852 Filio,

95 887 167 934 cum
191 867 251 932 ltoe
273 862 450 952 proprietati
473 861 539 926 Filii
564 881 626 950 non
640 873 801 945 repugnet,
817 871 851 923 ut
866 873 1025 929 ostensum

94 970 142 1022 cst
162 959 205 1044 (c.
229 954 297 1039 ld).
321 951 384 1016 Nec
414 965 460 1016 est
491 949 654 1014 mirumsi
688 948 841 1013 Dominus
874 948 1025 1037 Spiritum
1069 987 1072 991 f

98 1048 247 1113 Sanctum
271 1063 288 1106 a
310 1041 400 1106 Patre
435 1038 602 1128 procedere
630 1037 715 1116 dixit,
737 1035 778 1100 de
799 1057 834 1102 sc
867 1038 1026 1106 mentione

97 1153 161 1198 non
185 1131 274 1203 lacta,
303 1130 374 1215 quia
408 1129 511 1194 omnia
536 1127 575 1192 ad
610 1127 732 1191 Patrem
756 1125 873 1192 referre
894 1127 1024 1206 solet,a

99 1241 163 1307 quo
185 1220 278 1285 habet
300 1218 449 1304 quidquid
474 1216 666 1293 ltabet3sieut
688 1235 760 1281 cum
783 1216 866 1281 dicit:
882 1216 954 1282 Meu
968 1218 1024 1282 do-
1090 1215 1095 1220 ’

99 1311 199 1374 ctrina
222 1327 281 1372 nott
304 1321 353 1372 est
375 1328 454 1384 urea,
477 1308 532 1371 sed
554 1308 621 1389 ejus
644 1306 698 1392 qui
715 1305 803 1374 ,misit
823 1325 883 1379 mc,
917 1306 1025 1384 Patria,

95 1401 218 1477 loann,
240 1399 271 1474 7,
296 1397 347 1474 t6;
371 1410 401 1460 et
424 1394 519 1460 multa
544 1391 721 1480 hujusmodi
745 1394 776 1458 in
794 1393 894 1458 verbis
916 1394 1025 1461 Domi·

98 1489 129 1553 ni
155 1486 351 1552 inveniuntur
378 1484 415 1549 ad
446 1483 727 1548 commendandam
751 1483 781 1547 in
806 1482 897 1548 Patre
919 1499 1025 1550 aueto-

99 1578 222 1642 ritatem
247 1575 395 1661 principii.
419 1573 482 1637 Nec
505 1587 608 1636 tamen
648 1572 678 1636 in
717 1571 896 1637 auctoritate
935 1594 1025 1659 prae·

98 1666 191 1730 missa
214 1664 342 1728 omnino
366 1662 493 1727 obticuit
523 1679 556 1724 se
580 1679 649 1724 esse
672 1660 804 1747 Spiritus
825 1662 930 1728 Sancti
942 1663 1025 1749 prin-

97 1752 226 1841 cipium,
248 1772 318 1817 eum
342 1751 417 1816 dixit
439 1771 512 1814 eum
535 1750 682 1833 spiritum
701 1750 853 1827 ocularia
875 1765 1024 1818 seautem

99 1843 184 1930 prius
207 1841 324 1906 dixerat
346 1842 515 1904 ueritatem.

167 1928 324 2015 Objiciunt
347 1929 438 1995 etiarn
473 1927 556 2014 quod
594 1925 625 1991 in
662 1926 848 2012 quibusdam
883 1926 1024 1995 Conciliis

100 2021 254 2087 invenitur
269 2019 328 2084 snb
342 2018 588 2084 interminatione
600 2017 804 2082 anathematis
834 2018 1025 2103 prohibitum

99 2128 141 2175 ne
163 2108 278 2192 aliquid
302 2107 474 2173 addatnrin
498 2106 641 2193 symbolo
665 2106 696 2170 in
713 2105 858 2173 Consiliis
871 2107 1025 2183 ordinato,

100 2198 133 2262 in
156 2217 219 2282 quo
243 2211 345 2262 tamen
370 2196 409 2261 de
432 2196 629 2281 processione
654 2194 786 2282 Spiritus
802 2194 1025 2261 SanetiaFilio

102 2286 220 2351 mentio
243 2306 305 2349 non
331 2284 472 2360 hebetum
503 2285 585 2349 unde
621 2298 755 2369 arguunt
789 2285 912 2351 Latinos
949 2305 1023 2350 ana-

102 2374 248 2442 thematis
271 2392 353 2451 reos,
375 2372 427 2456 qui
451 2373 510 2438 hoo
534 2376 564 2439 in
590 2373 733 2459 symbolo
762 2373 957 2438 addiderunt.

170 2462 232 2527 Sed
256 2462 332 2527 haec
356 2460 520 2525 efficaciam
557 2482 619 2527 non
643 2462 769 2527 liabent.
803 2461 881 2526 llam
915 2462 947 2526 in
971 2462 1025 2526 de·

102 2551 319 2618 terminatione
343 2549 459 2636 Synodi
487 2551 739 2616 chalcedonensis
792 2550 905 2615 dieitur
941 2549 1025 2637 quod

104 2642 211 2708 Patres
235 2639 317 2725 apud
340 2638 637 2726 Constantinopolim
659 2639 837 2724 congregati
853 2640 1027 2705 doctrinam

104 2720 253 2796 nicaenae
276 2728 393 2814 Synodi
418 2728 705 2803 corroboraverunt,
728 2749 791 2793 non
809 2729 896 2815 quasi
912 2727 1028 2815 aliquid

106 2820 212 2885 minus
235 2830 317 2883 esset
338 2816 514 2895 inferentem
538 2819 592 2884 sed
617 2818 657 2882 de
680 2816 794 2902 Spiritu
832 2817 945 2884 Sancto
980 2818 1028 2883 in-

106 2908 263 2973 tellectum
288 2926 408 2981 eornm,
432 2907 579 2973 adversus
603 2928 657 2973 eos
681 2907 734 2992 qui
766 2906 918 2974 Dominus
955 2927 1029 2973 eum

107 3015 256 3083 respuere
279 3007 482 3075 tentaverunt,
506 2996 734 3083 Scripturnrum
768 2996 952 3063 testimoniis
975 2996 1030 3062 de·

108 3086 271 3151 clarentes.
296 3085 331 3149 Et
352 3085 493 3149 similiter
516 3086 686 3149 dicendum
707 3086 852 3172 estquod
875 3086 1031 3173 processio

109 3172 239 3261 Spiritus
262 3172 364 3238 Sancti
388 3195 405 3239 a
429 3174 505 3239 Filio
529 3173 675 3260 implicite
696 3176 871 3239 continetur
902 3176 933 3240 in
956 3194 1032 3239 con-

112 3262 384 3348 stantinopolitano
407 3262 559 3347 symbolo,
577 3266 608 3327 iu
645 3264 704 3327 boc
743 3262 891 3348 quodibi
922 3263 1033 3329 dicitur

111 3350 195 3438 quod
219 3352 366 3437 procedit,
390 3353 460 3436 quia
484 3352 567 3438 quod
606 3352 646 3417 de
669 3351 759 3416 Patre
795 3352 975 3436 intelligitur
998 3372 1033 3416 o·

111 3451 213 3526 portet
235 3453 265 3503 et
298 3440 337 3505 de
370 3440 447 3505 Filio
485 3441 623 3526 intelligi,
657 3453 691 3505 ut
712 3440 828 3506 dietum
856 3456 911 3506 est.
935 3441 970 3505 lit
992 3440 1033 3507 ad

113 3530 174 3595 noe
197 3527 373 3594 addendum
395 3528 506 3597 suffieit
521 3531 686 3598 auotoritas
709 3528 840 3597 Romani
866 3528 1033 3611 Pontificio,
