2484 3975
452 270 508 314 uu
533 265 569 310 rr.
596 264 660 311 ιιι.
685 266 730 312 ιι.
975 249 1037 314 att

119 338 223 402 cornis
243 337 372 420 peceati,
396 337 496 416 llum„
519 335 552 411 8,
576 337 607 411 5,
632 336 707 399 idest
731 335 1042 403 babentemcarnem

120 427 251 492 similem
263 427 487 511 peccatoribus
500 418 613 490 scilicet
627 425 802 506 passibilem
816 439 846 489 et
864 417 1037 529 mortalem3

120 530 150 581 et
171 515 284 580 subdit:
315 513 354 579 tlt
376 517 416 578 de
448 525 573 599 peceato
609 513 774 578 damnauit
809 526 970 597 peccatum
1009 518 1042 580 t'n

114 625 220 680 corne,
244 603 331 680 lbid.‚
356 605 433 668 idest
457 618 499 682 nt,
525 622 579 687 per
603 621 735 702 poenam
760 623 853 687 qtram
879 604 908 668 in
947 624 1040 669 carne

112 713 176 780 pro
210 706 336 778 peccato
376 705 480 756 nostro
517 691 670 768 sustinuit,
705 706 864 776 peccatum
900 712 917 756 a
954 695 1043 780 nobis

112 780 330 846 auferret-
354 779 469 855 Τιιιίο
493 781 576 866 quia,
611 799 667 864 per
702 780 760 843 boc
798 779 881 865 quod
916 801 1042 847 carnem

119 871 296 956 passibilem
319 883 349 934 et
373 869 535 934 mortalem
561 867 678 944 babuit,
690 867 1042 936 eilicaciusdeditnobis

116 959 259 1044 exempla
282 959 411 1036 virtutis,
436 959 593 1044 passiones
616 957 719 1020 carnis
736 957 855 1022 lortuer
866 959 1043 1041 superando

119 1060 151 1112 et
176 1048 221 1111 eis
244 1047 379 1112 virtuose
402 1047 527 1112 utendo.
552 1082 595 1093 —
634 1045 762 1126 Quarto,
797 1047 867 1129 quia
905 1067 960 1132 per
983 1049 1043 1114 boc

118 1136 218 1216 magis
241 1134 280 1199 ad
303 1155 389 1221 spem
416 1134 653 1200 immortalitatis
686 1134 834 1216 erigimur
857 1135 941 1220 quod
974 1137 1042 1222 lpse

117 1223 159 1288 de
181 1237 260 1288 statu
283 1226 385 1288 carnis
408 1223 562 1309 passibilis
584 1237 615 1286 et
646 1223 783 1286 nrortalis
822 1238 958 1288 mutatus
995 1239 1043 1290 est

117 1312 150 1376 in
174 1312 449 1398 impassibilitatem
483 1327 513 1377 et
538 1309 799 1376 immortalitatem
824 1314 934 1389 carnis3
957 1314 1041 1399 quod

117 1400 210 1464 etiam
235 1401 273 1465 de
297 1402 386 1465 uobis
409 1420 534 1488 sperare
558 1419 734 1485 possumus,
757 1401 808 1485 qui
839 1421 964 1466 carnem
989 1423 1041 1487 ge
1048 1471 1053 1483 ‚

116 1491 214 1554 rimus
237 1489 414 1577 passibilem
443 1504 473 1556 et
497 1489 670 1554 mortalem.
696 1487 726 1551 Si
753 1509 825 1554 vero
850 1510 865 1552 a
891 1491 1041 1577 principio

115 1597 243 1644 carnem
267 1579 491 1664 impassibilem
516 1593 545 1642 et
574 1576 780 1641 immortalem
816 1577 1042 1662 estutnpsisset,

115 1666 199 1731 nulla
224 1667 349 1732 daretur
372 1669 536 1732 occasior
529 1665 790 1730 immortalitatem
826 1669 968 1752 sperandi
994 1668 1041 1732 bis

114 1757 167 1841 qui
206 1757 236 1818 in
278 1757 386 1841 seipsis
425 1755 644 1820 mortalitatem
685 1769 714 1817 et
753 1755 1041 1839 corruptibilitatem

113 1845 336 1929 experiuntur.
374 1880 418 1892 -
460 1844 524 1908 lloc
559 1844 651 1906 etiam
694 1842 871 1906 mediatoris
906 1844 1040 1910 ossicinrn

114 1933 292 2018 requirebat
317 1945 349 1997 nt
372 1953 572 1998 communem
598 1931 726 1997 baberet
759 1933 919 1997 nobiscum
946 1935 1041 2019 passi·

114 2021 209 2087 bilem
233 2042 359 2087 carnem
382 2037 413 2087 et
436 2023 611 2097 mortalem,
634 2042 704 2084 curn
730 2020 795 2083 lien
809 2041 881 2085 vcro
896 2023 1040 2089 virtutem

114 2123 146 2174 et
161 2110 304 2195 gloriam,
321 2126 364 2188 ut,
380 2110 524 2175 aulerens
540 2131 557 2174 a
574 2110 663 2174 nobit
680 2109 762 2193 quiid
776 2110 938 2174 nobiscum
956 2132 1041 2176 com·

116 2218 211 2263 mune
223 2200 366 2278 babebat,
379 2200 493 2264 scilicet
508 2200 680 2283 passionem
695 2212 724 2261 ct
738 2213 880 2275 mortem,
894 2200 971 2263 adid
985 2222 1041 2267 uos

114 2287 244 2352 duceret
272 2288 356 2374 quod
380 2288 438 2353 sibi
463 2302 494 2352 et
516 2287 583 2351 Deo
606 2300 672 2350 crat
691 2306 868 2364 commuue;
886 2286 941 2353 luit
957 2292 1040 2359 enim

112 2377 267 2441 mediator·
289 2378 326 2440 ιιιι
348 2376 543 2462 jungendum
569 2397 625 2439 tros
650 2374 725 2439 Deo.

180 2465 327 2531 Similiter
350 2471 442 2530 etiarn
468 2486 528 2529 non
554 2463 610 2527 snit
633 2464 799 2549 expediens
835 2463 918 2549 quod
956 2464 1041 2531 Dens

113 2552 291 2619 incarnatus
315 2556 407 2618 vitam
421 2555 451 2617 iu
470 2556 527 2619 boc
551 2552 668 2617 mundo
682 2565 786 2635 ageret
804 2553 985 2637 opulentam
1011 2569 1042 2621 ct

111 2640 283 2707 bonoribus
306 2664 360 2707 seu
384 2642 584 2726 dignitatibus
606 2640 783 2717 sublimem,
808 2642 1036 2708 utduodeeimu

111 2732 191 2794 ratio
215 2731 433 2796 concludebat:
457 2768 501 2779 -
526 2729 790 2815 primoquidem,
821 2732 891 2815 quia
917 2732 954 2793 ad
980 2733 1039 2797 boc

109 2832 240 2884 venerat
277 2834 457 2885 tumentes
496 2820 656 2885 bominum
702 2818 829 2882 terrenis
866 2818 984 2883 deditas
1023 2842 1041 2887 u

111 2908 243 2972 terrenis
266 2908 460 2973 abstraheret
494 2922 524 2973 et
559 2908 597 2971 ad
636 2906 736 2970 divina
774 2907 918 2981 devereb
958 2913 1040 2975 unde

110 2997 250 3079 oportuit
274 3009 307 3061 ut
329 3017 387 3062 suo
410 2997 552 3082 exemplo
576 2996 719 3059 bomincs
756 2995 786 3058 iu
824 3011 1040 3083 contemptum

110 3084 287 3149 divitiarum
322 3100 352 3149 ct
390 3086 520 3150 aliorum
556 3104 636 3169 quae
673 3083 821 3147 mundani
861 3085 1040 3152 desiderunt

109 3172 259 3251 traberet,
283 3188 313 3239 et
337 3175 420 3259 quod
444 3175 569 3259 inopem
584 3186 614 3236 et
645 3172 797 3259 privatum
815 3173 908 3236 vitam
933 3190 1041 3256 ageret

110 3260 142 3325 iu
167 3261 226 3326 boc
250 3222 377 3328 lnundo
400 3298 446 3311 -·-
467 3261 622 3338 Secundo,
646 3262 727 3346 quia,
751 3261 775 3324 si
802 3260 913 3325 divitiis
939 3266 1041 3327 abun-

109 3348 214 3414 dasset
237 3366 267 3416 et
290 3352 320 3417 in
359 3351 460 3437 aliqua
498 3350 630 3415 inaximo
667 3351 815 3433 dignitate
854 3351 1040 3418 constitutus

109 3436 229 3514 luisset,
241 3440 271 3504 id
294 3440 379 3544 quod
391 3440 592 3523 divinegcssit
606 3438 898 3523 megispotentiae
884 3439 1040 3506 saeculari

110 3544 205 3613 quatu
240 3530 342 3595 virtuti
380 3528 547 3594 divinitatis
580 3527 687 3593 luisset
721 3512 915 3605 attributum3
955 3528 1040 3595 unde
