2484 3975
351 226 389 269 oe
412 226 597 271 sunsrturns
621 226 775 271 serenans
955 206 1019 271 dli

104 316 165 359 cum
187 292 234 358 tcs
257 293 321 358 duo
345 297 511 378 mouentia,
535 296 707 361 amicitiam
730 308 761 358 et
789 294 884 371 litem;
900 308 952 360 aut
975 298 1020 360 in-

103 384 189 461 linita,
209 383 287 447 sicut
313 383 507 450 Democritus
523 398 552 451 et
568 385 774 468 Anaxagoras,
790 404 921 469 quorum
941 398 1021 448 uter·

102 494 154 559 que
176 477 275 559 posuit
298 471 431 536 infinitas
455 489 556 559 partes
593 473 737 537 minimos
776 492 844 536 esse
879 474 1021 537 omnium

101 582 194 627 rerum
219 560 378 645 principia3
401 563 459 627 uisi
487 563 570 649 quod
605 560 801 626 Democritus
834 581 885 625 eas
921 562 1022 647 posuit

100 671 204 734 genere
227 650 353 728 similes,
376 650 499 716 dilierre
523 666 627 716 autem
651 650 753 715 solum
792 650 890 733 figura
915 665 945 715 et
969 672 1021 714 or·

99 739 163 804 dine
184 752 213 803 et
230 738 391 823 positione
415 741 608 825 Anaxagoras
634 754 737 803 autem
762 740 954 804 diversarum
971 760 1020 803 re·

98 848 170 906 rum,
192 848 272 915 quae
294 842 365 891 sunt
387 829 534 894 similium
566 830 710 913 partium,
749 829 882 893 inlinites
917 842 1022 913 partes

70 961 73 966 <
98 918 232 980 minimas
256 917 356 1002 prima
379 937 483 982 rerum
509 919 657 1003 principia
682 917 876 982 existimauit.
895 916 929 980 Et
946 917 1020 1003 quia

98 1005 234 1069 omnibus
248 1005 377 1069 inditum
392 1004 447 1070 luit
459 1009 564 1071 animo
578 1022 610 1070 nt
623 1005 698 1070 illud
715 1006 852 1070 divinum
867 1006 1020 1069 existima·

97 1108 160 1157 rent
174 1094 254 1179 quod
271 1108 352 1158 esset
368 1097 615 1181 primumrerum
632 1095 924 1180 principittm‚prout
935 1094 1020 1182 quis·

97 1182 160 1267 quis
174 1182 262 1247 alicui
278 1204 387 1248 eorum
404 1205 570 1270 corporum
594 1186 807 1248 auctoritatem
831 1183 1021 1248 attribuebat

96 1272 180 1356 primi
196 1272 345 1358 principii,
359 1273 461 1337 eidem
471 1274 562 1337 etiam
575 1272 738 1336 divinitatis
749 1292 861 1337 nomen
878 1285 908 1335 et
920 1272 1020 1355 digni-

95 1371 183 1426 tatem
195 1360 388 1427 attribuenda
410 1361 587 1426 censebant.
601 1361 824 1446 Quaequidem
841 1359 911 1425 ideo
940 1361 1021 1426 dicta

94 1463 162 1514 suut
173 1451 244 1534 quin
258 1450 303 1513 bis
316 1450 460 1515 omnibus
470 1464 501 1515 et
512 1471 621 1515 eorum
634 1452 816 1535 sequacibus
831 1450 929 1514 nullas
948 1450 1020 1515 sub

92 1538 214 1602 stantias
223 1540 419 1623 incorporeas
430 1560 499 1603 esse
510 1540 682 1616 videbatur,
695 1560 770 1625 quas
783 1538 913 1622 Angelos
922 1541 1020 1603 nomi-

93 1648 211 1691 namus.
236 1628 298 1691 Sed
311 1627 462 1713 Epicurei,
478 1648 516 1692 ex
529 1628 696 1693 Democriti
710 1628 854 1693 doctrinis
868 1629 1018 1711 originem

91 1729 258 1793 sumentes,
280 1716 363 1781 Deos
386 1716 538 1801 quosdam
562 1718 730 1802 ponebant,
761 1736 927 1799 corporeos
951 1717 1019 1800 qui.

92 1804 163 1868 dem
188 1819 293 1890 utpote
317 1807 451 1869 bumana
475 1806 572 1889 ligura
595 1806 754 1889 figuratos
777 1826 854 1890 quos
878 1805 1020 1871 dicebant

90 1912 158 1957 esse
182 1896 303 1979 penitus
325 1896 450 1972 otiosos,
474 1893 550 1958 nibil
573 1908 728 1973 curantes,
753 1909 785 1958 ut
809 1896 851 1957 sic
865 1894 1020 1980 perpetuis

90 1981 296 2069 voluptatibus
320 1980 458 2048 lrueutes
480 1999 606 2069 possent
629 2003 697 2048 esse
721 1984 812 2049 beati.
838 1982 924 2048 Unde
943 1985 1021 2050 baec

89 2073 196 2156 opinio
219 2073 371 2137 intantum
394 2073 521 2138 involuit
544 2087 577 2136 ut
600 2093 698 2157 usque
721 2073 760 2137 ad
793 2072 928 2138 ludaeos
962 2073 1021 2138 Dei

89 2159 225 2226 cultores
248 2162 433 2246 perueniret,
456 2181 590 2247 quorum
613 2161 786 2228 Sadducaei
799 2162 943 2226 dicebant
955 2181 1019 2227 non

86 2269 157 2314 esse
180 2250 331 2336 Angelum
353 2270 455 2335 neque
478 2249 629 2335 spiritum.

156 2337 233 2403 Huic
256 2352 360 2403 autem
382 2340 521 2426 opinioni
545 2339 655 2426 triplici
679 2340 727 2404 via
766 2339 944 2405 restiterunt
966 2341 1022 2402 an-¹

86 2426 165 2514 tiqui
191 2427 378 2514 pbilosopbi.

157 2515 263 2581 Primo
289 2537 425 2604 namque
449 2518 654 2602 Anaxagoras,
691 2516 748 2580 etsi
786 2537 857 2582 eum
893 2489 1022 2582 caeteris

84 2603 282 2691 pbilosophis
306 2606 498 2670 naturalibus
512 2607 664 2670 naturalia
682 2606 832 2707 principia
847 2606 1024 2691 corporalia

84 2707 231 2779 poneret,
255 2697 355 2780 posuit
386 2708 501 2770 tamen,
527 2694 656 2798 primus
691 2696 771 2757 iuter
810 2693 1023 2779 philosophae,

82 2781 250 2883 quoddam
274 2782 466 2868 incorporale
489 2783 685 2869 principium,
708 2781 787 2846 idest
821 2781 1023 2850 intellectum.

81 2870 168 2935 Cum
192 2872 288 2949 enim,
310 2871 481 2937 secundum
504 2893 594 2938 suam
618 2871 816 2957 positionem,
837 2872 940 2936 omnia
955 2893 1023 2937 cor·

79 2958 239 3046 puralia
232 2981 263 3023 tn
294 2961 438 3025 omnibus
476 2961 569 3025 mixta
608 2971 723 3037 essent,
760 2980 823 3024 non
862 2959 1025 3026 videbatur

78 3047 173 3133 quod
199 3048 239 3114 ab
262 3049 394 3114 invicem
417 3070 548 3135 corpora
571 3047 722 3133 distingui
761 3047 942 3133 potuissent,
964 3050 1025 3116 nisi

78 3137 200 3202 luisset
222 3136 349 3223 aliquod
372 3137 575 3203 distinctionis
610 3136 796 3224 principium
834 3138 900 3224 (l),
939 3137 1024 3224 quod

138 3329 184 3399 (l)
201 3336 255 3389 lloo
272 3333 449 3384 distinctionis
471 3333 643 3400 principium,
670 3329 734 3382 nibil
754 3329 826 3382 aliud
852 3335 909 3383 erat
944 3347 1024 3404 quam

79 3401 200 3473 ὁνοῖις
217 3419 273 3490 qui,
287 3413 361 3490 justa
379 3417 571 3484 Anmcgornm,
589 3415 736 3484 materiam,
760 3419 837 3468 antea
855 3413 1030 3480 inconditam,

76 3510 117 3563 ad
139 3509 265 3564 ordinem
283 3515 311 3562 et
328 3504 521 3558 distinctionem
539 3504 691 3558 reduxerat.
