2484 3975
208 233 273 298 ild
582 253 754 299 orusemutr

206 320 378 388 secundum
401 320 516 405 aliquid
540 321 571 388 iu
595 324 741 410 potentia,
764 333 864 410 potest
886 323 994 411 subjici
1018 322 1136 392 intelli-

207 410 353 496 gibilibus
375 412 546 497 speciebus.

276 500 317 565 llr
343 500 402 565 boc
426 502 518 565 etiam
542 499 654 566 solutio
679 497 833 566 secundae
856 500 982 566 rationis
995 514 1139 588 apparet.

208 589 286 656 Cum
310 589 393 653 enim
417 588 548 653 dicimus
564 589 700 675 aliquam
717 588 918 654 substantiam
937 591 1140 678 corporalem

207 698 277 742 csse
298 678 345 741 vel
358 678 559 760 spiritualem,
576 698 638 746 non
654 698 870 762 comparamus
886 677 1137 765 spiritualitatem

208 766 256 832 rel
279 768 514 852 corporeitatem
538 766 576 832 ad
599 765 803 834 substantiam
827 768 905 832 sieut
942 766 1057 834 lormas
1094 767 1137 832 ad

207 856 369 920 materiam
393 856 441 920 vel
464 857 633 922 accidentia
669 856 708 922 ad
745 854 930 940 subjectum,
963 858 1018 922 sed
1056 857 1139 924 sicut

208 944 395 1010 dillerentias
417 945 456 1010 ad
480 966 588 1030 genus3
611 946 651 1010 ita
675 942 758 1030 quod
782 945 847 1010 sola
882 945 1050 1012 substantia
1074 947 1138 1031 spi-

208 1033 325 1098 ritualis
348 1054 409 1096 non
435 1055 490 1119 per
512 1033 636 1119 aliquod
658 1035 798 1100 additum
837 1033 1026 1100 substantiae
1059 1055 1138 1100 suae

208 1136 254 1188 εει
277 1122 452 1206 spiritualis,
475 1123 530 1187 sed
553 1143 609 1207 per
632 1144 720 1190 suam
755 1121 973 1198 substautiam3
1002 1125 1082 1192 sicut
1106 1134 1140 1188 et

209 1211 376 1276 substantia
400 1212 568 1295 corporalis
592 1233 654 1277 non
678 1233 733 1293 per
755 1210 879 1296 aliquod
901 1211 1040 1278 additum
1063 1211 1139 1278 sub·

208 1300 338 1364 stantiae
360 1314 406 1363 est
429 1299 608 1384 corporalis,
632 1301 686 1366 sed
709 1302 879 1368 secundnm
893 1305 1049 1387 propriam
1062 1300 1140 1366 sub·

209 1388 362 1452 stantiam.
389 1388 455 1452 Non
479 1390 563 1454 enim
586 1403 635 1454 est
657 1390 715 1456 alia
738 1389 836 1456 iorma
862 1408 1033 1477 perquam
1067 1409 1142 1477 spe·

210 1479 274 1542 cies
297 1475 486 1542 differentiae
510 1478 768 1562 praedicationem
791 1477 927 1561 suscipit,
961 1481 999 1546 ab
1022 1501 1059 1544 ea
1084 1501 1141 1565 per

208 1586 302 1652 quarn
327 1567 452 1651 suscipit
480 1565 739 1651 praedicationem
778 1568 911 1652 generis,
949 1583 983 1634 ut
1021 1568 1140 1634 dietum

208 1669 264 1719 εει.
289 1653 375 1718 Unde
398 1676 459 1719 non
483 1669 603 1739 oportet
627 1657 710 1740 quod
734 1657 937 1741 spiritualitati
970 1657 1140 1744 spiritualis

209 1742 397 1809 substantiae
419 1743 597 1828 subjiciatur
619 1745 734 1830 aliquid
751 1746 829 1812 sieut
853 1749 980 1814 materia
1004 1747 1141 1814 relsub·

210 1833 360 1899 stitutum.

277 1921 380 1984 Tertia
403 1942 474 1988 vcra
496 1923 573 1986 ratio
608 1921 774 1989 efficaciam
813 1943 875 1989 non
915 1924 1018 1991 habet.
1060 1923 1141 1991 Cum
1232 1921 1233 1948 *

209 2011 295 2075 enim
318 2030 372 2073 ens
395 2033 457 2076 non
482 2012 611 2076 univoce
635 2012 673 2077 de
692 2012 836 2078 omnibus
853 2014 1060 2100 praedicetur,
1073 2035 1139 2079 non

170 2098 172 2102 ’
212 2114 261 2165 εει
284 2100 486 2185 requirendus
509 2100 592 2174 idem
616 2101 728 2167 modus
766 2102 888 2166 essendi
927 2105 957 2167 iu
992 2103 1142 2168 omnibus

212 2210 293 2272 quae
309 2209 377 2253 esse
393 2188 547 2266 dicuntur,
561 2190 615 2255 sed
630 2191 781 2274 quaedam
800 2189 975 2279 perfectius,
987 2192 1144 2276 quaedam

216 2278 427 2362 imperfectius
450 2298 517 2342 esse
540 2280 735 2364 participant
759 2278 927 2346 accidentia
951 2283 1034 2345 enim
1058 2280 1144 2345 entia

214 2365 367 2444 dicuntur,
391 2388 452 2431 non
476 2368 547 2451 quia
572 2370 602 2431 in
626 2367 733 2451 scipsis
755 2390 822 2433 esse
838 2370 984 2446 habeant,
1001 2369 1142 2453 sedquia

212 2474 281 2519 csse
303 2476 412 2521 eorum
436 2468 482 2519 est
505 2457 536 2519 in
560 2457 619 2521 hoc
635 2457 718 2541 quod
743 2456 846 2523 insunt
857 2458 1053 2525 substantiae.
1066 2458 1145 2522 llur-
1230 2482 1231 2487 ¹

211 2564 344 2627 sumque
365 2545 541 2611 substantiis
565 2546 711 2610 omuibus
736 2566 798 2611 uon
837 2560 883 2611 est
921 2546 1003 2612 idem
1028 2546 1143 2612 modus
1230 2554 1231 2561 ’

214 2634 348 2699 essendi:
370 2669 413 2681 -
437 2632 507 2697 illae
529 2634 612 2699 enim
626 2633 906 2719 substantiaequae
919 2634 1145 2721 perlectissime

213 2742 282 2787 esse
305 2723 487 2807 participant
510 2743 572 2788 non
596 2721 712 2787 liabent
735 2724 765 2787 in
788 2724 896 2810 seipsis
919 2724 1034 2807 aliquid
1056 2723 1144 2810 quod
1232 2780 1233 2793 ,

214 2811 253 2874 sit
276 2830 331 2875 ens
356 2811 386 2875 in
411 2812 544 2895 potentia
567 2810 680 2886 solum;
704 2811 787 2877 unde
819 2812 1038 2877 immateriales
1072 2813 1148 2877 sub·
1232 2818 1233 2887 l

213 2900 344 2965 stantiae
368 2919 435 2963 csse
456 2897 611 2963 dicuutur.
637 2936 682 2947 —-
705 2900 770 2966 Sub
793 2899 841 2966 bis'
864 2916 935 2967 aurit
957 2900 1148 2969 substantiae
1232 2888 1233 2915 ³

214 3008 296 3072 quae
318 2989 410 3051 etiam
435 2988 465 3051 in
488 2988 597 3072 seipsis
620 2987 798 3073 hujusmodi
834 2990 994 3055 materiam
1030 2990 1147 3055 babent

215 3096 311 3161 quae,
331 3075 503 3141 secundum
526 3076 572 3140 sui
596 3077 776 3156 essentiam,
799 3091 844 3141 est
867 3099 922 3143 ens
945 3078 978 3143 in
1008 3078 1146 3164 potentia

217 3178 347 3237 tautum3
371 3179 433 3229 tota
457 3179 561 3229 tamen
583 3184 691 3230 earum
730 3166 935 3253 potentialitas
970 3168 1147 3251 completur

217 3272 273 3337 per
295 3251 427 3317 sormam
452 3264 485 3317 ut
508 3252 538 3316 in
562 3252 606 3317 eis
640 3274 704 3319 non
739 3269 898 3319 remaneat
936 3256 1070 3341 potentia
1105 3255 1149 3321 ad

217 3342 309 3404 aliam
334 3340 477 3415 sormam3
501 3340 638 3405 undeet
662 3343 911 3429 incorruptibiles
949 3358 1031 3418 sunt,
1069 3344 1149 3409 sicut

218 3428 361 3493 caelestia
385 3449 524 3514 corpora,
547 3450 628 3514 quae
652 3450 777 3496 necesse
801 3444 847 3497 εει
879 3452 917 3497 ex
954 3432 1080 3497 materia
1115 3444 1150 3495 et

219 3514 319 3579 iorma
342 3518 512 3603 composita
535 3538 613 3597 esse3
638 3518 835 3586 manifestum
866 3534 912 3587 ast
934 3520 1017 3587 enim
1055 3540 1091 3587 ea
1113 3519 1149 3586 in
1232 3588 1233 3611 q
