2484 3975
230 226 296 293 502
532 247 588 293 ern.
612 244 652 291 rr.
675 232 740 290 cir.
763 246 859 291 narrt.

227 315 436 399 adgenerarur
458 335 514 400 per
536 316 728 379 alimentum.
753 314 821 379 Non
857 325 904 379 eat
937 324 1042 379 autem
1077 311 1159 381 alius
1238 393 1239 398 ἵ

228 425 360 469 numero
384 405 479 469 bema
502 404 675 469 secundum
699 405 836 468 ditersas
860 415 961 489 partes
973 416 1004 465 et
1027 416 1156 479 aetates,

227 494 367 579 quamvis
391 514 454 557 non
478 493 628 577 quidquid
653 492 853 557 materialiter
875 505 921 555 est
958 491 989 554 in
1028 493 1159 557 bomine
1238 479 1239 556 ss

227 582 401 647 seeundum
426 602 522 646 unum
549 594 661 647 statum
685 582 723 647 sit
749 581 780 645 in
803 602 842 645 ec
864 577 1158 645 secundumalium.

226 670 278 735 Sic
300 672 392 754 igitur
416 691 477 751 non
513 670 690 755 requiritur,
728 670 766 735 ad
802 671 862 735 bec
896 668 980 754 qued
1015 684 1159 753 resurgat

227 759 324 825 humo
349 759 430 823 idem
442 809 445 817 .
457 780 599 836 numeru,
621 759 706 844 qued
719 758 869 847 quidquid
884 757 940 821 luit
956 758 1157 823 materialiter

225 850 256 912 in
281 868 319 913 ec
342 846 514 913 seeundum
539 862 637 911 tetum
655 861 777 933 tempus
790 851 869 915 vitae
881 866 956 914 suae
968 860 1155 925 resumatur,
1238 863 1239 882 ¹

225 936 281 1003 aed
304 950 423 1001 tantum
448 956 485 1001 ex
513 956 551 1001 eo
575 949 726 1021 quantum
750 936 862 1003 suflicit
884 937 923 999 ad
941 936 1155 1021 complemen-

226 1038 291 1091 tum
315 1026 437 1091 debitae
467 1026 659 1111 quantitatis,
691 1038 722 1089 et
758 1027 922 1111 praecipue
956 1024 1031 1089 illud
1067 1046 1155 1090 resu·
1238 1027 1239 1106 ᾗ

225 1115 373 1179 mendum
399 1114 518 1179 viderur
541 1115 624 1201 quod
647 1114 812 1199 perfectius
837 1113 895 1185 suit
918 1112 976 1177 sub
999 1112 1100 1178 ferma
1123 1130 1154 1179 et
1238 1171 1239 1174 ,

224 1205 327 1290 specie
352 1204 548 1269 humanitatis
571 1206 752 1269 consistens.
790 1202 825 1271 Si
860 1202 936 1288 quid
959 1222 1031 1266 vero
1055 1201 1154 1267 deluit
1238 1203 1239 1264 ἶ

223 1292 264 1357 ad
288 1292 553 1378 complementum
578 1292 700 1356 debitae
713 1292 900 1378 quantitatis,
925 1290 972 1355 vel
1002 1292 1075 1376 quia
1098 1291 1153 1356 ali·
1238 1357 1239 1376 ἶ

224 1381 294 1466 quis
317 1399 501 1466 praeventus
524 1394 570 1447 cst
593 1394 693 1445 morte
720 1394 886 1465 antequam
910 1395 1018 1445 natura
1047 1380 1150 1466 ipsum

223 1470 262 1534 ad
288 1469 453 1555 perlectam
478 1470 679 1557 quantitatem
703 1470 880 1547 deduceret,
912 1469 958 1533 vel
983 1470 1056 1553 quia
1072 1468 1151 1533 ferte
1238 1447 1239 1474 l

223 1558 334 1645 aliquis
358 1562 514 1625 mutilatus
538 1574 584 1625 est
608 1558 761 1636 membru,
791 1559 916 1623 aliunde
950 1559 1010 1621 bec
1045 1558 1150 1623 divina

223 1648 378 1734 supplebit
402 1649 547 1735 putentia;
572 1668 629 1712 nec
652 1660 755 1711 tamen
779 1648 839 1713 bec
879 1647 1150 1733 impediet-resur-

224 1739 324 1821 gentis
348 1740 485 1824 corporis
509 1738 668 1811 unitatem3
693 1737 764 1821 quia
787 1738 879 1801 etiam
902 1756 997 1821 opere
1021 1749 1150 1803 naturae

223 1841 317 1911 super
341 1826 371 1890 id
394 1827 479 1911 quod
503 1847 580 1913 puer
603 1826 697 1890 babet
720 1825 836 1908 aliquid
860 1824 991 1891 additur
1023 1822 1150 1889 aliunde

113 1960 116 1967 .
223 1928 258 1979 ut
272 1914 310 1977 ad
326 1914 491 2001 perlectam
509 1919 667 2003 perveniat
678 1915 890 1999 quantitatem3
907 1934 964 1979 nec
989 1914 1148 1977 ralisaddi-

222 2003 266 2069 tio
290 2004 358 2070 lacit
397 2006 491 2071 alium
526 2024 668 2082 numerm
703 2003 785 2068 idem
819 2005 903 2069 enim
938 2023 1070 2068 numero
1103 2016 1149 2068 est

222 2093 318 2159 bomo
341 2106 370 2157 et
394 2116 471 2180 puer
493 2108 522 2158 ct
547 2093 679 2158 adultus.

292 2182 333 2246 Ex
357 2204 418 2268 quo
442 2185 535 2248 etiam
560 2195 643 2269 patet
664 2179 749 2268 quod
773 2201 831 2247 nec
854 2181 1087 2248 resurrectionis
1112 2183 1149 2250 fi-

223 2269 295 2336 dem
320 2271 471 2356 impedire
496 2285 596 2359 potest
618 2272 711 2335 etiam
735 2272 760 2335 si
793 2271 887 2355 aliqui
923 2273 1068 2335 carnibus
1092 2273 1149 2338 bu·

223 2361 322 2425 manis
346 2377 520 2439 vescantur,
545 2376 576 2425 ut
599 2364 707 2446 quinte
731 2361 946 2446 objiciebatur.
969 2360 1039 2425 lieu
1060 2365 1148 2427 enim

222 2461 270 2514 est
294 2452 513 2527 necessarium,
539 2463 571 2514 ut
595 2462 753 2514 ostensum
789 2461 846 2525 est,
878 2447 963 2532 qued
996 2449 1148 2537 quidquid

222 2533 280 2602 luit
303 2539 333 2602 in
357 2539 486 2604 bomine
510 2537 708 2603 materialiter
728 2550 870 2621 resurgat
898 2540 929 2600 in
954 2557 1004 2615 eu;
1042 2552 1073 2604 et
1096 2543 1150 2605 ite-

222 2645 303 2702 rum,
327 2627 351 2690 si
375 2628 490 2714 aliquid
516 2628 611 2705 deest,
634 2625 771 2714 suppleri
796 2639 896 2712 potest
907 2646 963 2712 per
980 2629 1150 2714 potentiam

221 2713 288 2780 Dei.
314 2714 392 2780 Caro
417 2718 509 2802 igitur
532 2728 670 2782 comesta
692 2729 835 2798 resurget
872 2713 903 2778 in
938 2736 990 2780 co.
1015 2716 1047 2780 in
1086 2738 1149 2804 que

220 2804 323 2891 primo
347 2804 404 2870 luit
427 2805 529 2871 anima
565 2803 721 2893 rationalis
760 2801 908 2890 perlecta3
942 2805 973 2867 in
1011 2806 1151 2872 secunde

221 2911 305 2968 rere,
328 2894 352 2956 si
378 2915 440 2958 non
464 2894 537 2960 solis
561 2892 707 2958 carnibus
730 2890 878 2957 humanis
900 2888 947 2956 est
963 2907 1080 2979 pastus,
1095 2887 1152 2961 aed

220 2994 253 3048 at
274 2981 341 3046 aliia
364 2984 451 3063 cibis,
474 3001 639 3068 resurgere
664 2981 775 3068 peterit
798 2994 918 3045 tantum
935 2981 975 3046 de
990 2982 1053 3047 alio
1066 2984 1153 3069 quod

220 3069 260 3136 ei:
274 3071 474 3137 materialiter
497 3072 624 3136 advenit
647 3070 732 3156 quod
769 3070 828 3134 erit
865 3072 1076 3137 necessarium
1111 3072 1152 3138 ad

221 3159 359 3225 debitam
382 3162 588 3247 quantitatem
612 3159 751 3246 eorporis
767 3160 1011 3225 restaurandam
1027 3159 1059 3224 Si
1076 3181 1153 3228 rere

221 3249 296 3314 aclis
320 3249 463 3316 humanis
485 3249 631 3314 carnibus
652 3250 690 3314 sit
728 3262 843 3334 pastus,
881 3263 1022 3334 resurget
1056 3249 1088 3315 in
1111 3272 1153 3316 eo

220 3336 307 3424 quod
331 3358 347 3401 a
372 3337 591 3422 generantibus
614 3338 715 3414 traxit,
738 3350 769 3401 et
802 3336 887 3421 qued
924 3337 1057 3404 defuerit
1079 3360 1156 3428 sup

221 3425 355 3512 plebitur
378 3425 603 3513 omnipotentia
628 3426 791 3492 Creatoris.
815 3423 906 3505 Quod
923 3438 954 3498 et
969 3427 995 3492 si
1008 3444 1155 3514 parentes

220 3534 259 3579 ax
282 3512 356 3579 solis
379 3514 525 3582 humanis
548 3515 693 3602 carnibus
717 3514 796 3605 pasti
819 3511 1017 3608 succinant
1049 3519 1096 3584 aic
1121 3531 1154 3584 et
