2484 3975
127 218 132 245 ’
215 226 280 295 538
578 253 770 299 ntsssnrtrro
1238 311 1239 316 γ

211 346 225 375 ι
256 316 384 383 fidelitas
408 320 563 385 adinvenit
585 341 766 407 argumenta
803 340 968 407 ponamns;
997 322 1136 409 quornm

210 406 407 473 »solutione
430 410 577 495 subjecta,
602 411 694 496 htrjus
716 410 971 477 considerationis
992 416 1139 499 proposi·

209 524 222 553 n
253 509 317 560 tum
331 516 566 585 consequemur.
581 500 688 565 Tradit
704 501 798 585 igitur
814 500 902 565 nohis
914 521 1000 565 sacre
1027 500 1139 588 Scrip-

209 613 223 641 ι
253 597 319 649 ture
344 587 375 650 in
398 587 514 652 Divinis
539 590 735 654 paternitatis
760 602 791 654 et
813 590 1139 666 Filiationisnomina,

209 702 222 731 ι
251 673 356 738 lesum
382 674 535 741 Christum
561 678 671 742 Filium
697 678 759 742 Dei
782 691 970 755 contestans,
991 679 1075 763 quod
1100 680 1138 745 in

210 790 224 821 ι
254 760 408 849 Scriptura
421 766 496 831 Nori
509 766 696 831 Testamenti
710 766 958 851 frequentissime
968 768 1137 833 invenitur.-

212 880 225 910 »
257 850 376 917 Dicitur
398 856 492 919 enim:
514 856 610 919 Nenro
632 858 719 921 nouit
741 856 858 919 Fidium
881 855 941 919 nisi
965 855 1136 932 Perenne-

212 969 226 999 »
257 960 313 1024 que
325 942 451 1008 Putrem
467 946 534 1027 quis
551 944 637 1009 novit
648 946 709 1009 nisi
724 945 824 1008 Filius
840 950 851 1028 (
865 944 976 1017 Motth,
994 945 1045 1016 ii,
1062 945 1134 1029 27).

211 1057 225 1088 ι
256 1029 363 1095 Adhuc
385 1034 503 1098 Marcus
526 1054 617 1099 strum
646 1033 845 1117 Evangeiium
874 1033 979 1120 insipit
1015 1033 1135 1099 dicens:

211 1146 224 1176 i
256 1119 380 1184 Initium
405 1122 563 1201 Eoonpeh'i
584 1124 655 1187 dem
681 1123 796 1187 Christi
817 1122 893 1185 Filii
916 1123 982 1185 Dei.
994 1121 1135 1189 loannes

209 1235 223 1264 ι
254 1210 345 1273 etiam
370 1210 560 1295 Evangciista
587 1211 647 1275 hoc
669 1210 850 1297 frequenter
871 1210 1013 1275 ostendit,
1048 1210 1133 1275 Dicit
1238 1271 1239 1282 ,

208 1324 222 1354 »
251 1298 345 1363 enim:
369 1298 463 1363 Pater
495 1300 599 1386 dih'pit
621 1300 746 1376 Filium
771 1311 801 1363 et
836 1300 944 1364 omnio
976 1300 1062 1363 dedit
1096 1302 1134 1365 in

206 1413 219 1443 s
249 1406 344 1451 mortu
367 1389 431 1471 rjus
453 1389 593 1473 (torno,
616 1388 646 1453 3.
672 1388 740 1466 55).
764 1388 810 1452 ht:
833 1388 911 1451 sicut
924 1388 1017 1451 Pater
1031 1393 1132 1453 nesci-

206 1502 219 1532 »
252 1486 297 1539 tot
319 1488 455 1543 mortuos
479 1490 508 1541 et
540 1479 685 1557 nidificat,
707 1478 752 1542 sic
774 1488 804 1541 et
825 1476 924 1541 Fidius
949 1497 1026 1561 quos
1061 1479 1133 1543 cult

206 1592 219 1622 s
249 1565 385 1652 vivificat
405 1568 541 1645 (Iouam,
564 1567 679 1647 Mi).
707 1566 821 1631 Paulus
849 1567 940 1629 etiem
968 1564 1133 1649 Apostolus

207 1681 220 1709 »
252 1653 328 1719 haee
352 1655 444 1720 verba
469 1656 649 1741 frequenter
673 1656 837 1720 interserit.
861 1654 942 1717 Dicit
964 1654 1057 1718 enim:
1082 1676 1129 1720 se-

208 1770 222 1799 »
252 1755 395 1828 preputio
419 1747 451 1807 in
467 1744 670 1831 Erunpch'um
685 1745 752 1821 Dei,
765 1744 847 1829 quod
858 1753 930 1807 cate
941 1745 1133 1825 promiserat

206 1858 220 1888 »
249 1852 308 1915 per
331 1833 504 1918 Prophetas
518 1854 591 1897 sitos
612 1835 645 1897 in
668 1832 838 1915 Scripturie
861 1830 1132 1901 Sonctisdeh'ih'o

206 1947 219 1975 »
250 1942 304 1985 etto
328 1922 445 2005 (Rom,
470 1924 499 1998 i,
524 1922 616 2012 1-3).
641 1922 685 1988 Et:
719 1920 927 2004 Muidforiom
962 1922 1130 2006 neutrisque

206 2036 220 2066 »
250 2011 350 2075 modio
372 2013 446 2076 oiim
470 2012 556 2080 Dens
579 2014 706 2097 loqueos
728 2009 874 2078 Patribus
901 2011 932 2074 in
963 2009 1131 2093 Prophetis

204 2125 217 2154 »
246 2102 409 2166 novissime
431 2101 537 2164 diebus
560 2102 629 2166 istis
657 2103 776 2165 iocntm
799 2111 845 2162 est
867 2098 955 2162 hishis
975 2099 1010 2162 in
1042 2100 1128 2165 Filio

203 2215 217 2244 »
245 2188 368 2272 (Hebe,
395 2191 421 2265 1,
447 2190 460 2254 1
489 2204 518 2254 et
541 2189 587 2270 2).
611 2191 676 2255 Hoc
699 2189 793 2254 etiem
817 2187 955 2262 traditur,
979 2186 1049 2251 iicet
1072 2208 1121 2253 ra·

202 2303 216 2333 »
246 2278 318 2357 rius,
341 2279 372 2342 in
406 2277 569 2362 Scriptoris
606 2279 724 2346 Veteris
764 2277 966 2342 Testamenti.
1005 2276 1126 2342 Dicitur

201 2394 215 2422 »
244 2367 337 2431 enim:
363 2367 452 2446 Quod
475 2389 583 2431 nornen
607 2381 655 2432 est
675 2367 893 2451 vitandorum
915 2385 1024 2428 nornen
1045 2365 1125 2430 Fdii

200 2483 215 2510 »
245 2457 320 2540 ejus,
343 2457 371 2520 oi
393 2457 502 2521 noeti?
524 2457 696 2532 (Propero,
719 2457 772 2532 50,
795 2455 840 2527 lei.
867 2454 899 2516 in
923 2453 1048 2518 Psnhno
1081 2456 1123 2518 ic·

200 2547 214 2599 ἰ
245 2547 334 2627 gitur.
360 2545 511 2610 Dominus
534 2546 616 2610 dicit
636 2547 754 2624 odme,
778 2544 879 2607 Fidius
914 2563 1000 2605 meos
1023 2564 1055 2607 es
1079 2557 1123 2622 tu,

201 2660 217 2689 ι
246 2633 391 2712 (Parim,
414 2635 446 2711 2,
469 2636 514 2722 7).
539 2635 572 2698 th
605 2634 732 2698 iterum:
769 2633 840 2714 Ipse
871 2631 1026 2694 invoocoit
1061 2653 1124 2712 me,

200 2748 215 2778 ι
246 2722 340 2788 Potor
362 2743 448 2787 mens
469 2731 501 2787 'ea
526 2735 557 2787 ht
579 2723 724 2804 (praem,
747 2721 800 2798 88,
823 2718 890 2800 et).
914 2720 957 2797 th,
981 2722 1121 2804 quamvis

201 2837 216 2866 »
245 2811 321 2876 haec
344 2811 407 2875 duo
430 2811 535 2876 nitima
560 2812 652 2877 verba
677 2811 769 2897 aliqui
793 2809 906 2874 veilent
929 2809 968 2872 ad
991 2828 1117 2874 sensum

200 2926 213 2954 »
244 2899 338 2965 alium
362 2912 551 2986 retorquere,
576 2914 608 2964 nt
632 2899 716 2986 qnod
732 2899 851 2963 dicitur:
878 2897 1028 2960 Dominus
1038 2899 1121 2963 dicit

198 3015 211 3045 i
242 2988 286 3052 ad
309 3009 366 3065 me,
389 2989 488 3052 ttoni
510 3010 595 3054 mous
618 3010 652 3053 ee
687 3000 729 3064 tu,
753 2986 792 3050 ad
828 2987 928 3072 ipsum
967 2985 1119 3052 Davidem

198 3105 212 3134 »
241 3076 400 3154 referatur,
423 3077 506 3163 quod
531 3097 603 3142 vero
627 3077 747 3142 dieitur:
770 3076 840 3158 ipse
869 3076 1025 3138 ioooencit
1059 3097 1119 3153 me,

195 3193 210 3222 s
243 3165 335 3230 Pater
359 3185 444 3230 mette
467 3185 500 3230 es
523 3178 564 3242 tu,
589 3165 747 3230 Salomoni
781 3163 974 3239 attribuatur,
1013 3179 1117 3230 tamen

196 3282 209 3310 s
241 3273 277 3318 ea
303 3265 383 3339 qnae
404 3254 637 3338 conjunguntur
661 3255 783 3340 utrique
806 3253 866 3318 hoc
888 3251 1017 3316 omnino
1053 3274 1118 3317 non

151 3337 157 3343 ’
195 3370 209 3400 ι
240 3343 279 3406 ita
303 3363 370 3408 esse
392 3343 564 3408 ostendunt.
602 3343 710 3427 Neque
746 3341 829 3407 enim
871 3341 976 3404 Davidi
1018 3355 1118 3425 potest

193 3459 208 3486 »
237 3445 412 3512 competere
435 3431 519 3516 qood
543 3429 675 3494 additor:
695 3432 757 3515 Epo
788 3431 879 3494 hodie
902 3431 994 3512 portui
1020 3441 1047 3493 te
1085 3445 1120 3495 et

194 3545 207 3574 n
238 3515 320 3603 quod
342 3519 492 3582 subditur:
509 3519 596 3584 Dabo
614 3520 670 3585 tihi
681 3533 785 3606 pentes
798 3521 1002 3585 hereditatem
1017 3530 1117 3599 tuom,
