2484 3975
383 257 419 302 us
443 258 563 306 unicurt
594 257 786 304 incantemus
977 237 1043 305 ottr

121 317 269 409 loquitur,
291 324 331 391 sit
354 325 384 390 in
407 333 510 394 anima
533 329 679 404 Socratis,
701 328 780 392 sicut
805 339 835 391 et
857 347 966 393 seusus
989 332 1042 416 qui

119 424 170 476 est
191 413 223 478 iu
246 415 379 504 potentia
403 416 442 482 ad
469 418 572 483 omitia
605 416 773 494 sensibilia,
806 436 868 502 quo
901 417 1044 483 Socrates

118 503 224 567 sentit.

189 589 221 655 Si
244 605 347 658 autem
371 591 489 658 dicetur
512 593 595 680 quod
611 593 671 658 hoc
687 591 879 659 individuum
896 594 979 679 quod
995 607 1042 660 est

118 674 262 746 Socrates
285 701 347 746 non
370 695 416 748 eat
439 682 553 769 aliquid
577 683 781 769 compositum
812 701 850 747 ex
885 683 1042 750 intellectu

118 780 153 832 ει
185 787 315 856 corpore
342 770 488 849 animato,
522 791 624 857 neque
646 783 693 836 est
726 791 837 856 corpus
870 772 1041 837 auimatum

118 868 253 934 tantum,
274 856 329 922 sed
352 872 398 925 εει
419 859 520 925 solum
556 859 739 937 intellectus,
773 861 849 924 liaeo
883 859 948 943 jam
983 863 1042 926 erit

118 946 228 1031 opinio
251 945 398 1026 Platonis,
417 950 480 1033 qui,
504 961 537 1014 ut
563 949 729 1035 Gregorius
752 967 914 1034 nyssenus
936 947 1042 1028 refert,

121 1046 249 1121 propter
271 1035 351 1101 hanc
384 1035 592 1104 difficultatem
616 1059 679 1102 nou
714 1037 777 1102 rult
810 1037 968 1102 homiuem
1002 1057 1042 1104 en

121 1125 225 1188 anima
249 1134 279 1187 ct
312 1144 441 1212 corpore
463 1147 540 1204 esse,
566 1126 621 1192 sed
644 1126 778 1192 animam
802 1145 932 1212 corpore
955 1140 1041 1191 uteo·

121 1223 185 1276 tem
219 1226 249 1276 et
276 1213 359 1278 velut
393 1214 530 1280 indutam
561 1235 701 1302 corpore.
737 1214 799 1280 Sed
834 1229 866 1278 et
891 1213 1041 1295 Plotinus,

121 1311 156 1364 ut
177 1299 349 1368 Macrobius
370 1300 473 1382 relect,
508 1304 604 1392 ipsam
627 1305 763 1370 animam
787 1302 948 1368 lrominem
970 1325 1039 1370 csse

121 1391 323 1468 asserueris
356 1390 470 1457 dicens:
500 1419 514 1452 s
537 1393 597 1474 Qui
621 1391 741 1458 videtur
763 1413 825 1457 nou
860 1391 925 1479 ipse
948 1412 1039 1458 verus

120 1475 216 1544 homo
238 1491 295 1556 est,
316 1481 371 1544 sed
393 1479 445 1545 ille
467 1502 485 1547 a
507 1503 570 1568 quo
593 1482 710 1566 regitur
732 1480 816 1567 quod
831 1480 960 1549 ridetur.
975 1481 1040 1558 Sic,

119 1584 192 1631 curn
214 1583 314 1632 morte
336 1568 476 1638 animalis
499 1570 629 1636 discedit
650 1571 808 1645 animatio,
829 1568 911 1633 cadit
926 1590 1038 1657 corpus

120 1668 286 1741 aregeute
309 1657 477 1736 viduatum3
510 1673 540 1724 ει
562 1659 623 1725 hoe
655 1672 702 1724 est
734 1659 819 1744 quod
853 1657 973 1723 ridetur
1006 1661 1038 1724 iu

120 1742 247 1810 homine
268 1746 407 1821 mortale.
430 1748 538 1812 rlnirua
562 1767 648 1826 vero,
668 1760 804 1833 quaeest
826 1765 916 1811 verus
932 1748 1038 1827 ltomo,

120 1845 166 1898 εει
188 1831 228 1897 ab
250 1835 335 1899 ouini
366 1836 556 1903 mortalitatis
586 1836 763 1902 conditione
786 1833 886 1900 aliena
909 1858 940 1900 s.
976 1835 1037 1918 Qui

120 1922 246 2007 quidem
270 1922 407 1991 Plotiuus
431 1945 510 1992 uuus
533 1926 572 1991 de
600 1925 720 2011 maguis
742 1926 1037 1992 commentatoribus

119 2015 242 2097 ponitur
264 2013 344 2077 iuter
355 2029 611 2081 commentatores
628 2014 806 2093 Aristotelis,
820 2029 852 2081 ut
864 2012 1039 2101 Simplicius

119 2100 223 2180 refert,
238 2101 269 2165 iu
293 2101 476 2169 Commento
489 2104 826 2171 Praedicumeutorum.
838 2102 920 2167 llaec
932 2118 1037 2169 autem

117 2192 267 2257 sententia
290 2208 347 2256 uec
370 2213 387 2256 a
412 2192 510 2258 verbis
532 2194 700 2259 Aristotelis
715 2191 835 2257 videtur
849 2190 1036 2257 discordare.

116 2275 198 2343 Dicit
219 2278 302 2345 enim
326 2281 459 2367 (Etlrio,
481 2282 528 2368 9)
551 2283 635 2369 quod
678 2309 694 2340 s
715 2280 788 2346 boui
822 2279 956 2345 hominis
990 2294 1037 2345 est

116 2380 164 2431 εει
185 2368 301 2433 bonum
325 2370 495 2448 elaborare,
520 2377 612 2445 etiam
647 2370 790 2458 suiipsius
813 2368 922 2453 gratim
944 2368 1035 2433 intel·

118 2455 213 2521 lectos
251 2459 333 2522 eninr
368 2459 462 2544 gratia
498 2462 709 2547 unusquisque
744 2476 813 2523 esse
850 2456 970 2522 videtur
1001 2484 1034 2525 ι.

117 2543 210 2625 Quod
233 2546 357 2631 quidem
381 2568 443 2613 non
468 2547 539 2615 dicit
562 2562 687 2635 propter
709 2544 865 2633 hocquod
879 2548 974 2611 uerno
997 2549 1036 2613 sil

116 2634 201 2699 solus
223 2633 403 2715 intellectus,
426 2635 480 2701 sed
515 2639 586 2724 quia
610 2638 641 2703 id
664 2634 747 2722 quod
774 2649 820 2700 est
842 2636 874 2699 in
907 2634 1035 2701 homine

118 2721 315 2811 principalius
348 2738 394 2789 est
417 2724 600 2803 intellectus3
624 2730 707 2790 uude
728 2737 759 2788 et
781 2724 813 2790 in
835 2724 1035 2809 sequentibus

116 2811 189 2877 dicit
211 2812 293 2898 quod
323 2814 612 2899 «quemadmodum
628 2814 732 2879 civitas
745 2811 1035 2899 principalissimum

115 2900 252 2970 maxime
278 2900 400 2967 videtur
426 2915 456 2966 ει
489 2904 590 2969 omnis
624 2903 685 2968 alis
717 2902 905 2980 constitutio,
938 2902 1035 2966 sicet

115 2988 210 3055 homo
232 3012 265 3067 ι;
288 2990 370 3055 uude
392 2991 550 3077 subjungit
572 2992 656 3078 quod
685 2991 923 3075 «unusquisque
938 2989 1034 3055 homo

113 3076 163 3144 vel
187 3092 233 3145 est
256 3080 306 3144 hic
328 3078 469 3166 (scilicet
492 3079 691 3166 intellectus)
716 3078 764 3143 rel
787 3079 974 3143 maxime».
998 3079 1035 3144 llt

114 3187 170 3255 per
193 3168 275 3233 launo
297 3168 426 3234 modum
449 3170 580 3235 arbitror
603 3183 634 3233 et
653 3168 869 3245 Themistium,
884 3169 916 3233 in
933 3167 1035 3235 teritis

113 3276 208 3411 ppppra
230 3255 346 3409 positip,
368 3270 398 3322 et
420 3257 589 3358 Plotinum,
612 3258 643 3321 iu
667 3256 768 3410 cephis
790 3276 873 3410 nlpuc
888 3254 1034 3336 inductis,

147 3348 518 3516 mddoduoeuiddaomdodrsd
538 3358 1031 3503 333112ἰῖθίειὲιιιθεεῗιξέωιειιιεω

114 3522 163 3591 rel
185 3526 287 3591 anima
310 3537 439 3604 uatum,
464 3522 676 3615 multipliciter
694 3523 855 3613 probatur:
869 3523 1032 3590 -Primo
