2484 3975
184 216 248 281 616
548 235 718 282 pruscorum

184 319 287 370 tamen
312 323 436 390 semper
458 303 560 371 luerit.
584 306 619 370 Et
641 303 791 391 quidquid
818 304 857 370 dc
895 303 955 370 hoc
991 324 1104 370 verum

184 394 231 466 ait,
257 414 319 458 non
342 393 400 458 erit
437 392 628 460 haereticum
667 394 781 472 dicere,
804 395 876 480 quia
910 393 969 458 hoc
1003 405 1105 478 potest

184 483 251 548 lieri
275 503 290 545 a
316 481 381 546 Deo
409 497 452 556 1ιιι
487 482 601 568 aliquid
635 497 793 549 causatum
829 504 847 548 a
879 482 947 546 Deo
980 501 1104 566 semper
1213 542 1222 567 η

183 571 286 636 luerit.
310 570 429 636 Tamen
463 572 556 637 credo
596 572 690 658 quod,
724 573 748 636 si
784 586 865 636 esset
899 572 1102 657 repugnantia

184 660 404 732 intellectuum,
424 675 503 725 esset
526 660 647 736 salsum;
670 663 695 726 si
719 673 822 726 autem
846 681 906 724 non
932 672 977 724 est
1011 679 1102 745 repu-

183 749 307 833 gnantia
331 748 550 825 intellectuum,
588 770 650 814 non
673 750 773 816 solum
807 763 853 814 est
893 748 1017 827 lalsum,
1050 747 1104 813 sed

184 837 277 902 etiam
302 851 348 900 est
372 838 562 923 impossibile
585 838 673 903 aliter
695 859 772 914 esse,
810 853 840 902 et
878 858 1043 902 erroneum
1078 836 1105 901 si

184 926 271 990 aliter
295 924 423 991 dicatur.
447 925 524 991 Cum
559 928 642 990 enim
677 928 716 992 ad
753 926 1008 1012 omnipotentiam
1047 924 1106 989 Dei

184 1015 332 1100 pertineat
357 1030 390 1079 ut
412 1035 538 1080 omnem
563 1015 749 1081 intellectum
763 1028 793 1081 et
810 1017 951 1080 virtutem
967 1013 1106 1089 excedat,

185 1123 330 1189 expresse
354 1103 596 1189 omnipotentiae
630 1104 757 1189 derogat
793 1105 845 1191 qui
881 1104 954 1169 dicit
990 1102 1105 1206 aliquid

186 1213 274 1293 posse
298 1191 456 1276 intelligi
448 1213 479 1256 tn
503 1194 650 1258 creaturis
681 1193 805 1280 quoda
838 1194 905 1259 Deo
940 1193 1007 1258 fieri
1042 1212 1107 1256 non

186 1283 291 1363 possin
316 1301 373 1344 nce
396 1295 441 1345 est
455 1281 596 1346 instantia
610 1281 802 1370 depeccatia,
816 1303 906 1370 quae,
924 1283 1108 1368 inquantum

187 1368 374 1455 hujusmodi,
398 1369 474 1435 nihil
497 1384 577 1434 sunt

253 1458 284 1521 ln
310 1457 369 1521 lioc
392 1479 468 1543 ergo
490 1473 554 1524 tota
577 1461 714 1525 eonsiatit
736 1460 885 1546 quaestio,
912 1473 1016 1524 utrum
1040 1477 1108 1523 esse

186 1561 322 1612 creatum
346 1568 363 1610 a
386 1547 453 1612 Deo
476 1548 649 1613 secundum
673 1561 768 1615 totam
788 1549 987 1614 substanttam
1000 1560 1031 1610 et
1044 1566 1109 1611 nou

174 1637 301 1731 xhabere
325 1634 497 1702 durationis
522 1637 706 1724 principium
729 1651 902 1724 repugnent
915 1635 1111 1711 adinvicem,

186 1727 233 1789 vel
259 1745 332 1788 non.
356 1723 447 1806 Qtiod
470 1738 573 1790 antem
597 1740 856 1829 nonrepugnent,
871 1723 1109 1791 sieostenditur:

186 1813 218 1878 Si
242 1814 325 1878 enim
350 1827 534 1901 repugnant,
556 1815 615 1880 hoe
638 1837 700 1881 non
723 1829 769 1879 cst
791 1816 849 1880 nisi
872 1828 997 1918 propter
1031 1812 1108 1878 alte·

186 1923 256 1967 rum
281 1902 413 1967 duorum
438 1903 485 1967 vel
510 1915 635 1990 propter
659 1917 835 1990 utrumque,
857 1906 991 1991 autquia
1015 1921 1108 1988 opor·

186 2005 228 2056 tet
251 2004 284 2055 ut
306 2011 398 2056 causa
422 2012 516 2077 agens
540 1993 703 2078 praecedat
741 1993 914 2072 duratione,
952 2003 1004 2057 aut
1037 1992 1110 2077 quia

186 2093 306 2167 oportet
328 2081 412 2166 quod
436 2102 498 2146 non
531 2102 598 2147 esse
634 2082 799 2169 praecedat
836 2103 903 2147 esse
936 2080 1111 2158 duratione,

188 2182 313 2269 propter
336 2169 395 2236 lroe
417 2169 501 2257 quod
525 2169 636 2237 dicitur
660 2185 798 2236 creatum
820 2192 837 2237 a
860 2171 929 2236 Deo
952 2190 988 2234 ει
1013 2168 1110 2234 nihilo

186 2257 263 2323 lieri.¹

252 2346 357 2413 Primo
381 2366 455 2431 ergo
479 2346 707 2413 ostendendum
731 2348 815 2435 quod
839 2370 901 2414 non
925 2360 1110 2413 estnececse

187 2449 219 2501 ut
242 2456 334 2500 eausa
358 2455 465 2521 agona,
489 2436 602 2500 scilicet
626 2437 722 2516 Deus,
746 2437 910 2524 praecedat
947 2436 1110 2501 duratione

189 2544 280 2589 suum
305 2538 474 2599 causatum,
497 2524 521 2588 si
546 2524 610 2611 ipsc
635 2526 791 2591 uoluisset.

254 2613 356 2678 Primo
380 2614 433 2678 sic:
456 2612 544 2678 Nulla
569 2634 660 2678 causa
677 2615 852 2700 producens
863 2615 1005 2680 effectum
1018 2632 1111 2677 suum

186 2702 298 2777 subito,
312 2702 485 2766 necessario
501 2702 655 2787 praecedit
668 2704 811 2769 ellectum
826 2725 917 2769 suum
936 2700 1109 2767 duratione:

186 2789 240 2855 sed
265 2790 348 2854 Deris
371 2804 417 2855 est
438 2810 529 2856 causa
554 2791 727 2875 producens
750 2794 892 2857 ellectum
920 2811 1022 2865 snum,
1047 2809 1111 2854 non

188 2900 243 2965 per
267 2890 397 2956 motum,
421 2878 475 2945 sed
498 2878 611 2955 subito;
634 2900 709 2964 ergo
732 2902 795 2945 non
818 2893 864 2946 cst
902 2877 1112 2945 necessarium

187 2967 270 3053 quod
294 2966 455 3033 duratione
479 2967 642 3053 praecedat
676 2970 816 3035 effectum
854 2990 957 3033 suum.
980 3004 1025 3015 —
1048 2965 1112 3031 Pri·
1172 2998 1178 3013 ·

187 3077 274 3120 mum
299 3067 381 3141 patet
404 3077 459 3141 per
484 3054 695 3123 inductionem
719 3058 749 3121 in
788 3057 931 3122 omnibus
969 3055 1113 3121 mutatio·

91 3170 94 3178 ·
187 3145 277 3209 nibus
300 3143 419 3223 subitis,
442 3145 520 3209 sicut
555 3158 601 3211 est
635 3145 819 3211 illuminatio
852 3160 882 3211 et
920 3142 1111 3230 hujusmodi.

186 3232 396 3299 Nihilominus
419 3246 518 3318 potest
552 3233 675 3318 probari
712 3256 768 3321 per
802 3235 952 3300 rationem
985 3233 1038 3297 sic:
1077 3231 1111 3296 lu

186 3342 384 3423 quocumque
408 3322 530 3388 instanti
555 3323 679 3423 ponitur
702 3344 751 3389 res
788 3343 866 3397 esse,
900 3335 1000 3409 potent
1037 3319 1110 3408 poni

187 3411 371 3496 principium
396 3410 523 3476 aetionis
546 3410 624 3495 ejus,
648 3424 681 3476 ut
703 3425 786 3515 patet
808 3413 839 3477 in
863 3411 1007 3476 omnibus
1019 3428 1112 3494 gene

189 3498 350 3575 rabilibus3
372 3500 444 3583 quia
470 3499 500 3563 in
524 3498 608 3565 illo
600 3501 724 3565 instanti
747 3501 779 3567 in
802 3520 865 3588 quo
889 3499 998 3587 incipit
1033 3497 1112 3584 ignia
