2484 3975
416 238 472 283 em.
496 236 534 281 n.
557 236 620 284 em.
643 236 704 283 mn.
982 218 1025 285 67

8 320 10 363 l
114 326 205 396 ptum
229 320 330 374 nutem
353 326 415 373 uno
438 320 468 372 et
490 306 620 403 simplici
643 305 754 371 intuitu
780 304 930 391 intelligit,
951 325 1024 374 eum

8 432 10 449 ·
114 417 207 463 suum
231 398 401 482 intelligere
422 396 461 463 eit
482 414 574 461 suum
585 414 664 473 esse,
678 414 805 460 neeesse
818 409 865 460 est
888 395 1024 463 Verbum

8 500 9 537 1
112 485 171 551 Dei
193 505 260 551 esse
283 489 408 551 unitum
432 496 560 550 tantum.
598 482 678 548 Cum
710 496 813 549 mrtem
846 484 878 549 in
912 484 1024 553 divinit

8 614 9 627 κ
114 576 191 641 nihil
213 574 296 642 uliud
319 576 356 641 sit
380 573 446 638 l'ilii
470 572 732 659 genemtinquem
755 572 1022 659 verbieonueptio,

112 664 249 749 sequitur
271 662 355 748 quud
378 682 438 727 unu
461 662 526 728 nult
548 662 588 725 sit
609 662 774 746 generatio*
805 662 836 725 in
859 660 1025 730 divinii'et

113 753 222 819 unicus
244 752 338 817 Filius
361 751 445 816 sulus
466 770 484 815 n
509 749 598 814 Putre
626 752 756 835 genitus.
791 748 878 815 Unde
901 749 1021 817 dieitur.

118 840 255 906 Vidimus
276 842 409 925 ylariunt
428 840 494 923 ejus
514 839 649 925 §lorium
684 840 774 925 qunti
815 838 969 925 Uniyeniti
1002 860 1025 905 u

113 929 348 1007 panniolum,
372 930 401 1007 l,
426 928 477 1005 tn
500 940 529 991 et
554 927 674 1008 ilerum:
704 929 880 1014 Uniyent'tur
914 929 1022 1007 lilius,

111 1020 164 1105 qui
184 1030 231 1083 eet
251 1020 284 1083 iu
299 1018 368 1082 rime
392 1016 507 1093 Putris,
522 1018 588 1101 ipre
610 1020 772 1082 enarravit
792 1016 1023 1096 nobinloanu„

174 1194 300 1262 Videtur
323 1206 426 1260 tumen
460 1214 497 1259 er
532 1187 711 1280 preemie'sir
748 1193 835 1279 nequi
872 1193 956 1281 quod
989 1208 1021 1259 et

108 1282 198 1349 Verbi
222 1283 314 1349 divini
337 1284 375 1349 sit
397 1281 481 1348 aliud
502 1282 644 1360 verbum,
665 1289 695 1347 et
719 1282 786 1347 Filii
824 1283 863 1347 sit
885 1283 963 1348 nlius
986 1284 1022 1350 li·

110 1373 177 1437 lius.
201 1370 367 1439 Ostentum
390 1385 435 1439 ert
458 1371 541 1437 enim
556 1370 640 1456 quod
665 1371 800 1439 Verbum
816 1372 872 1435 Dei
885 1376 923 1437 sit
938 1373 1023 1439 Deus

111 1482 211 1539 verns3
234 1474 355 1547 oportet
377 1460 469 1544 igilur
492 1463 595 1525 omniu
618 1480 699 1545 quae
733 1460 798 1525 Dee
836 1461 1024 1527 conveniunt

109 1548 210 1617 Verbo
232 1550 289 1616 Dei
313 1550 488 1615 convenire.
513 1548 596 1613 Deus
632 1561 737 1614 entem
771 1569 807 1614 eit
842 1550 1023 1615 necessitate

108 1636 1021 1813 llll¹lllllltleiilltl'ltssliilll

109 1814 226 1901 telligit,
249 1814 384 1883 Verbum
407 1812 446 1880 nb
474 1834 512 1879 eo
545 1814 683 1899 genitum
715 1815 747 1879 in
781 1815 846 1881 [len
884 1816 1019 1901 innitur,

108 1905 253 1992 consequi
277 1904 395 1968 vitietur
417 1904 499 1991 quod
523 1904 613 1967 etium
637 1917 669 1967 et
691 1902 803 1983 Verbo,
836 1905 1019 1991 inquantum

94 1995 244 2080 seipsum
268 1993 416 2078 inteiligit,
439 1990 521 2057 uliud
545 1992 674 2058 verbum
707 1993 900 2074 attribuetun
922 1996 1019 2062 etsie

110 2081 201 2147 Verbi
217 2082 273 2148 erit
295 2081 424 2147 verbum
447 2095 477 2146 et
500 2079 566 2146 Filii
584 2080 674 2147 filim.
697 2081 733 2148 Er
764 2082 840 2150 illud
879 2083 1019 2162 verbum,

108 2170 133 2235 si
158 2171 318 2249 nearest,
341 2171 453 2236 iterum
474 2171 610 2257 seipsum
643 2170 793 2255 intelliget
828 2184 859 2237 et
895 2171 1021 2238 habebit

109 2259 191 2324 eliud
215 2258 354 2336 verirunn
375 2273 406 2324 et
427 2258 472 2324 sie
493 2259 524 2328 in
546 2257 700 2325 infinitum
722 2261 882 2345 generatio
916 2260 1019 2326 divine

130 2347 262 2412 recedet.

107 2369 128 2435 p
175 2435 396 2521 liujuseutem
418 2433 528 2500 solutio
544 2455 584 2501 ex
599 2436 774 2521 praemissit
787 2436 894 2501 haberi
914 2449 1022 2524 putent.

109 2523 186 2590 Cum
209 2526 291 2589 euim
316 2537 473 2588 ostensum
484 2525 523 2588 sit
545 2524 629 2610 quod
651 2523 785 2591 Verbum
799 2525 856 2590 Dei
878 2525 1022 2606 struens,

108 2627 265 2680 ostensum
289 2625 391 2677 tumen
413 2624 459 2676 ert
481 2611 565 2698 quod
588 2631 651 2676 nnn
666 2623 712 2678 eet
733 2613 938 2680 illustremur
954 2615 1021 2681 Deo

95 2701 195 2788 eujus
217 2714 264 2767 est
286 2699 426 2780 verbum,
437 2699 493 2766 sed
515 2721 595 2766 nuus
620 2700 749 2769 omniuo
764 2702 823 2767 hoe
836 2702 903 2768 mlo
925 2704 964 2770 ub
980 2724 1020 2770 ee

107 2790 285 2856 distinctum
309 2787 393 2876 quud
420 2789 460 2855 ab
495 2809 533 2854 eu
556 2803 602 2854 eet
624 2803 658 2854 ut
695 2789 823 2856 remum
847 2793 1018 2878 procedens
1090 2812 1094 2821 “

109 2880 169 2966 (l).
193 2879 278 2946 Sient
301 2892 403 2944 nutem
427 2877 561 2945 Verbum
584 2899 651 2944 neu
670 2892 717 2944 est
747 2878 823 2944 alius
859 2880 954 2961 Deus,
976 2884 1018 2948 int

108 2988 166 3034 nee
188 2983 234 3034 est
257 2969 334 3035 alius
358 2965 540 3041 intellectus,
562 2980 597 3030 et
617 2987 673 3053 per
694 2987 886 3055 consequens
908 2991 965 3036 nee
987 2992 1020 3036 u·

109 3057 172 3122 liud
196 3056 480 3143 iutelligeretunde
502 3074 559 3120 nee
580 3055 664 3120 uliud
682 3057 819 3124 verbum.
836 3057 899 3123 Nee
914 3071 1017 3124 tumen

108 3147 245 3234 sequitur
267 3145 350 3235 qued
373 3144 412 3209 sir
434 3143 563 3209 verbum
585 3143 920 3232 suiipsius,seuuudum
937 3149 1021 3234 quod

162 3302 201 3374 (ll
224 3301 359 3357 Ostentum
379 3306 464 3352 temen
482 3304 545 3353 eri...
561 3293 689 3368 iutellige:
707 3298 848 3354 ostensum
878 3307 965 3355 temen
984 3312 1023 3358 etl

111 3376 182 3444 quod
199 3374 331 3442 (verbum
349 3371 420 3434 Dei)
437 3384 490 3424 uon
508 3376 547 3422 est
565 3369 633 3423 alius
650 3371 722 3424 Deus
751 3387 767 3425 a
796 3373 852 3426 Deo
880 3388 955 3444 eujus
983 3383 1024 3428 eet

112 3447 231 3512 verltum,
249 3443 296 3498 ted
313 3441 406 3513 (quud
424 3441 485 3507 est)
503 3455 572 3495 uuus
589 3444 696 3496 omnino
712 3457 771 3495 eum
789 3459 829 3508 eo,
847 3444 896 3498 line
917 3447 1024 3501 solenh

113 3532 144 3574 eo
155 3511 394 3587 lunanum-quoti
412 3511 446 3566 ab
457 3527 490 3566 eu
506 3519 546 3566 esi
564 3518 594 3568 ui
606 3516 716 3569 verbum
734 3516 887 3586 protereus.
