2484 3975
398 254 436 300 pa
460 256 532 301 rura
555 254 750 300 crassiana
950 234 1039 307 ,405

119 326 162 393 rcl
184 323 387 390 animalitatis.
412 326 447 390 Et
469 326 539 390 ideo
562 325 636 389 dicit
659 325 810 387 Avicenna
839 322 922 408 quod
947 328 1040 393 ratio-

121 415 223 481 nalitas
236 434 297 477 non
313 428 358 478 εει
370 412 549 492 differentia,
565 414 620 478 scil
637 412 826 477 differentiae
843 412 1039 498 principium

120 520 148 570 ει
168 504 276 569 eadem
300 503 418 567 ratione
441 504 614 567 humanitas
645 522 708 565 non
746 514 792 565 εει
828 502 945 587 ερεείεε
982 523 1041 573 nec

119 593 286 659 animalitas
309 611 417 675 genus.

185 681 334 747 Similiter
356 682 448 745 etiam
473 700 536 745 non
560 691 659 767 potest
682 678 741 743 diei
764 677 848 764 quod
885 678 963 746 ratio
986 699 1040 765 ge·

120 772 208 848 neris,
232 768 357 855 speciei,
379 768 580 847 tlillerentiae,
602 769 767 833 conveniat
782 788 850 833 εεεε
865 771 1040 837 secuudum

119 860 198 945 quod
221 872 268 923 est
290 858 442 944 quaedam
467 879 516 921 res
539 860 671 921 existens
694 872 777 920 extra
807 855 984 941 singularia,
1006 873 1041 925 ιιι

120 948 258 1036 platonici
282 947 449 1032 poneban13
472 948 542 1033 quia
566 947 609 1010 sic
639 966 736 1027 genus
759 958 790 1010 ει
826 946 943 1032 species
977 967 1039 1013 non

121 1036 368 1123 praedicarentur
389 1034 429 1099 de
452 1035 512 1100 hoc
535 1035 702 1111 individua
726 1056 788 1099 non
818 1034 902 1100 enini
940 1047 1041 1123 polest

121 1126 178 1191 dici
200 1124 282 1209 quoti
305 1123 447 1188 Socrates
469 1126 508 1188 sit
531 1126 591 1189 hoc
612 1124 697 1210 quoti
720 1126 758 1188 ab
787 1144 825 1189 co
861 1139 1039 1209 separatum

121 1228 174 1292 est,
197 1233 253 1279 nec
276 1228 450 1298 separatura
473 1212 549 1279 illul
572 1213 693 1300 proficit
710 1214 738 1275 in
755 1214 931 1299 cognitione
946 1211 1038 1300 liujus

120 1302 280 1387 singularis
295 1302 415 1385 signati.
596 1316 600 1322 ·

182 1392 218 1455 Ει
240 1392 309 1454 ideo
333 1389 516 1477 relinquitur
538 1389 623 1476 qood
647 1390 723 1456 ratio
747 1390 868 1473 generis
903 1390 952 1461 vel
972 1412 1042 1480 rpo-

118 1480 173 1545 ciei
197 1480 244 1544 uel
268 1478 457 1543 differentiae
480 1482 643 1544 conveniat
674 1481 835 1556 essentiae,
869 1482 1042 1547 secundum
1121 1542 1124 1551 .

117 1569 199 1655 qood
222 1569 374 1652 significat
397 1588 451 1654 per
475 1570 602 1632 moduni
628 1570 728 1644 totius,
753 1581 784 1631 ut
815 1568 874 1657 (in)
914 1572 1040 1635 nomine

116 1659 248 1722 lioroinis
274 1657 320 1720 vel
342 1656 495 1734 aniinalis,
519 1672 609 1742 prout
633 1658 779 1741 iinplicite
803 1673 833 1719 ct
862 1657 1039 1724 indistincte

115 1748 250 1811 continet
272 1759 370 1809 toturn
393 1746 452 1809 hcc
475 1745 559 1830 quod
582 1748 612 1810 iu
637 1744 794 1810 individuo
817 1756 872 1810 est.

182 1834 294 1899 Natura
318 1848 422 1897 autern
446 1834 493 1898 vcl
515 1834 645 1898 essentia
668 1835 712 1899 sio
726 1849 850 1919 accepta
868 1845 966 1920 potest
982 1835 1039 1901 dri-

116 1922 233 2011 pliciter
254 1922 452 1989 considerari:
478 1925 543 1990 Uno
567 1924 671 2003 asiatio,
694 1924 866 1986 secundum
897 1938 1038 1991 naturam

115 2026 146 2077 ει
167 2015 316 2078 rationem
340 2012 506 2099 propriam,
529 2027 560 2077 ει
583 2015 659 2078 hacc
682 2028 727 2077 est
765 2011 904 2079 absoluta
938 2015 1039 2080 oonsi-

116 2103 234 2166 deratio
256 2103 361 2188 ipsius;
384 2117 415 2166 ει
438 2102 498 2166 Ιιοε
520 2102 614 2167 modo
638 2102 713 2166 nillil
738 2117 784 2167 εει
806 2121 913 2168 ιειιιιιι
939 2105 978 2168 de
1000 2123 1037 2168 ea

114 2191 229 2269 dicare,
253 2193 309 2255 nisi
332 2190 415 2277 quod
448 2193 611 2256 conveniat
648 2192 706 2254 sibi
745 2190 917 2256 secundum
955 2193 1038 2278 quotl

114 2279 304 2362 hujusmodi
328 2281 423 2352 unde,
447 2280 595 2366 quidquid
620 2277 750 2344 aliorum
775 2280 832 2344 sibi
854 2279 1039 2356 attribuitur,

114 2366 190 2432 l'alsa
214 2383 259 2432 est
282 2369 450 2445 attributio,
475 2388 502 2433 ι.
526 2389 555 2453 g.
580 2368 710 2442 laomini,
733 2370 763 2431 in
800 2388 838 2432 eo
872 2368 956 2454 quod
993 2383 1040 2436 εει

113 2458 222 2535 lanino,
244 2458 387 2522 convenit
408 2457 559 2523 rationale
580 2472 611 2523 ει
634 2456 748 2521 animal
770 2469 801 2520 ει
823 2456 882 2522 alia
904 2477 984 2542 quae
1008 2459 1039 2522 in

113 2544 183 2630 cjus
205 2545 417 2615 definitionem
439 2545 565 2624 cadunt3
587 2548 694 2616 albuna
719 2565 791 2609 vero
830 2545 877 2610 vel
914 2546 1038 2630 nigrum

59 2650 62 2654 ·
112 2634 164 2699 uel
185 2635 405 2720 quodcumque
427 2635 604 2721 hujusmodi
629 2633 711 2721 quod
724 2654 786 2698 uon
809 2648 854 2698 est
869 2633 907 2697 de
920 2635 1039 2700 ratione

112 2724 326 2803 humanitatis,
349 2744 411 2787 non
434 2725 578 2788 conuenit
601 2722 719 2788 homini
743 2723 774 2787 in
798 2743 835 2788 eo
870 2723 954 2808 qood
993 2737 1039 2788 εει

110 2812 220 2878 lromo
244 2812 316 2878 ldeo
338 2813 364 2877 si
386 2827 553 2897 quaeratur
573 2826 679 2878 utrum
699 2810 764 2897 ¹ista
801 2825 910 2877 natura
944 2815 1039 2899 possit

110 2901 188 2967 dicit
211 2923 272 2966 una
295 2901 343 2966 ‘iel
379 2903 494 2987 plures,
531 2917 676 2967 neutrum
713 2901 947 2966 concedendurn
982 2919 1038 2980 εει,

108 2991 185 3076 quia
210 3005 376 3075 utrumque
399 3004 446 3053 est
468 3005 552 3055 extra
575 2990 764 3054 intellectum
789 2991 985 3054 humanitatis
1010 3013 1040 3054 ει

108 3093 282 3166 utromque
305 3093 405 3168 potest
424 3079 483 3148 sibi
517 3078 666 3144 accidere.
701 3077 734 3142 Si
766 3077 849 3147 enim
883 3077 1040 3165 pluralitas

109 3182 197 3233 εεεει
219 3171 259 3232 de
283 3170 401 3234 ratione
424 3171 501 3253 ejus,
530 3187 689 3252 uunquam
724 3183 827 3254 posset
864 3189 931 3231 esse
969 3187 1041 3241 una,

107 3277 187 3321 curn
211 3272 315 3324 tameo
338 3278 399 3322 una
428 3260 468 3322 sit
488 3259 661 3322 secundum
685 3257 769 3341 quod
792 3267 840 3320 εει
862 3257 892 3320 in
906 3258 1041 3320 Socrate.

108 3344 273 3425 Similiter,
295 3347 321 3412 si
345 3345 445 3412 unitas
479 3359 560 3411 esset
593 3346 632 3409 de
670 3345 826 3410 intellectu
862 3359 891 3408 ει
925 3349 1042 3410 rationo

108 3435 197 3520 ejus,
219 3448 291 3501 tunc
314 3448 395 3500 esset
418 3454 479 3500 uua
501 3448 532 3502 ει
554 3433 664 3500 eadent
701 3449 807 3498 patina
847 3433 980 3500 Socratis
1014 3448 1045 3505 ει

108 3522 264 3606 Platonis,
287 3545 346 3592 uec
368 3537 471 3613 posset
493 3523 525 3591 iu
548 3521 688 3613 pluribus
711 3523 887 3612 plarilicari.
910 3561 955 3576 ν-
976 3523 1043 3589 illio
