2484 3975
433 230 490 276 cra.
516 231 554 275 rv.
584 230 649 276 aar.
672 229 721 274 an.
953 210 1017 278 aar

10 326 12 361 t
112 329 117 337 ¹
166 295 233 364 Non
258 297 342 364 euim
367 309 413 362 est
436 296 764 384 inconveniensqucd‚
781 319 844 364 uno
868 313 1029 385 peccante„

100 402 259 475 peccatum
293 388 324 451 iu
362 406 471 452 curares
509 388 640 453 dicimus
675 407 732 474 per
769 387 920 472 originem
957 409 1025 456 esse

101 490 315 564 propagatum,
337 476 480 562 quamvis
504 478 717 561 unusquisque
740 495 777 540 er
809 477 933 562 proprio
956 492 1026 544 totu

100 565 243 630 laudetur
267 564 316 630 vel
340 564 543 650 vituperetur,
566 579 599 630 ut
623 564 812 651 primaratio
828 565 1025 650 procedebat.

98 653 192 720 Aliter
216 654 301 718 euim
327 666 373 718 est
397 653 428 717 in
449 654 497 718 his
520 675 600 740 quae
624 666 695 718 sunt
711 653 803 718 unios
830 653 977 720 individui
994 669 1026 722 et

97 742 187 807 aliter
210 742 240 806 in
263 742 310 806 liis
332 755 512 827 quaesunt
535 745 627 807 totius
651 756 780 808 naturae
802 742 927 827 speciei3
951 763 1024 809 nam

98 830 333 916 participatione
356 831 468 915 speciei
493 846 564 894 sunt
588 831 692 917 plures
723 830 863 894 homines
891 831 973 898 velut
989 853 1026 897 u-

95 939 156 985 uus
179 920 286 993 homo,
299 934 331 984 ut
344 917 532 1004 Porphyrius
554 919 637 984 dicit.
661 919 824 984 Peccatum
837 919 929 1003 igitur
941 922 1025 1008 quod

95 1007 135 1072 ad
159 1006 285 1090 aliquod
308 1005 502 1072 individuum
528 1009 593 1072 sive
616 1027 782 1095 personam
807 1009 940 1074 hominis
956 1029 1025 1097 per-

95 1097 173 1160 tinet
196 1094 282 1160 alteri
306 1115 368 1158 non
392 1095 563 1182 imputatur
575 1097 614 1160 ad
639 1095 762 1182 culpam
794 1097 849 1160 nisi
874 1100 1025 1183 peccanti,

97 1205 136 1248 eo
160 1184 243 1270 quod
267 1183 470 1269 personaliter
494 1206 574 1250 uuus
596 1186 635 1252 alr
674 1185 734 1249 alio
769 1185 884 1250 divisos
918 1201 974 1262 est3
997 1190 1023 1254 si

98 1273 182 1359 quod
206 1285 309 1336 autem
336 1286 496 1357 peceatum
536 1287 583 1338 est
619 1273 704 1359 quod
744 1275 842 1361 ipsam
880 1289 1025 1343 naturam

95 1360 207 1446 speciei
230 1361 384 1446 respiciat,
407 1381 470 1426 non
491 1375 538 1426 εει
561 1363 781 1427 inconveniens
804 1363 888 1447 quod
912 1385 1025 1432 exona

96 1463 282 1536 propagetur
306 1450 337 1513 in
361 1447 507 1526 alterum,
531 1451 610 1516 sicut
633 1465 663 1516 et
686 1466 793 1516 natura
833 1454 944 1538 speciei
969 1476 1025 1541 per

94 1557 191 1602 uuum
215 1537 282 1602 aliis
304 1539 565 1603 communicatur.
606 1538 684 1604 Cum
724 1553 828 1604 autern
863 1555 1023 1627 peccatum

93 1626 212 1691 malurn
234 1626 393 1714 quoddam
417 1628 457 1691 sit
483 1627 642 1693 rationalis
665 1641 803 1706 naturae,
829 1631 944 1695 malum
968 1653 1023 1699 au·

94 1730 158 1780 tem
180 1716 219 1780 sit
242 1715 371 1802 privatio
395 1715 480 1794 boni,
504 1716 680 1782 secundum
704 1716 780 1782 illud
798 1717 915 1784 bouum
938 1723 1022 1805 quod

95 1805 233 1890 privator
267 1803 472 1889 judicandum
496 1819 719 1890 estpeecatutu
759 1805 884 1890 aliquod
907 1809 946 1873 ad
969 1831 1024 1874 na·

94 1909 196 1958 turam
219 1913 419 1958 conrmuuem
445 1892 493 1957 vel
517 1894 556 1958 ad
591 1895 727 1981 aliquam
764 1914 927 1981 personam
952 1919 1021 1985 pro

72 1981 193 2069 ,priam
217 1983 382 2070 pertinere.
404 1981 532 2049 Peccata
555 1982 650 2068 igitur
672 1984 801 2050 actualia
834 2006 914 2071 quae
937 2008 1021 2053 com-

93 2070 230 2137 muniter
252 2072 291 2137 ab
315 2071 492 2137 hominibus
530 2087 675 2156 aguntur,
711 2072 853 2139 adimunt
893 2076 1020 2163 aliquod

94 2159 211 2224 bouum
234 2179 386 2245 personae
409 2160 575 2246 peccantis,
590 2175 664 2248 puta
687 2164 818 2247 gratiam
830 2176 861 2228 et
877 2166 1019 2231 ordinem

93 2248 232 2313 debitum
268 2249 401 2334 partium
435 2250 569 2320 animae:
607 2251 691 2315 unde
729 2253 901 2337 personalia
936 2270 1018 2334 sunt,

93 2356 163 2413 neo,
186 2357 250 2402 uno
274 2350 432 2423 peccante,
455 2337 543 2403 alteri
566 2338 768 2425 imputantur.
804 2340 942 2407 Primum
967 2364 1020 2409 au-

93 2438 157 2491 tem
180 2439 339 2511 peccatum
363 2427 452 2512 primi
477 2428 611 2493 hominis
635 2448 698 2493 non
714 2428 816 2493 solum
839 2444 1018 2516 peccantem

91 2512 231 2579 destituit
254 2516 380 2602 proprio
402 2530 434 2579 et
464 2515 620 2601 personali
645 2516 739 2594 bono,
774 2517 889 2583 scilicet
922 2522 1019 2603 gratia

93 2616 126 2667 et
147 2602 253 2667 debito
283 2602 392 2669 ordine
415 2605 548 2682 animae,
570 2603 625 2668 sed
665 2605 759 2669 etiam
797 2605 879 2672 bono
904 2609 944 2674 ad
966 2630 1020 2675 na·

94 2704 197 2757 turam
219 2711 420 2757 communem
444 2693 630 2778 pertinente.
648 2692 779 2757 Uteuim
797 2714 888 2781 supra
903 2697 1019 2764 dictum

94 2794 152 2859 εει,
174 2781 218 2845 sic
241 2794 349 2846 natura
373 2780 510 2845 humana
532 2779 590 2846 luit
604 2782 741 2847 instituta
765 2782 867 2849 insui
890 2788 1020 2873 primor-

94 2868 148 2934 dio
170 2868 256 2955 quud
278 2867 440 2933 inferiores
463 2870 544 2935 vires
581 2870 718 2957 perfecte
742 2870 853 2937 rationi
891 2876 1022 2963 subjice

94 2970 213 3035 rentur,
250 2958 329 3023 ratio
366 2956 434 3022 Deo
471 2970 503 3021 et
526 2958 649 3024 animae
686 2979 825 3047 corpus,
862 2962 929 3033 Dea
968 2984 1024 3052 per

93 3046 225 3132 gratiam
266 3046 431 3131 supplente
470 3046 502 3111 id
539 3046 623 3134 quod
660 3047 700 3112 ad
739 3050 799 3114 hoc
837 3049 943 3117 deerat
966 3073 1023 3140 per

94 3148 249 3201 naturam.
283 3133 466 3220 Huiusmodi
510 3151 614 3201 autem
649 3134 849 3217 beneficium,
882 3141 965 3226 quod
1004 3161 1022 3206 a

95 3223 282 3310 quibusdam
316 3223 475 3309 originalis
509 3222 627 3308 justitia
667 3224 804 3304 dicitur,
840 3226 884 3292 sic
922 3230 1022 3315 primo

95 3312 215 3378 homini
238 3311 384 3377 collatum
409 3310 464 3376 suit
487 3327 521 3377 ut
544 3314 583 3377 ab
606 3332 645 3377 eo
683 3312 777 3378 simul
801 3333 872 3380 cum
910 3332 1018 3383 natura

97 3400 233 3467 humana
257 3414 480 3488 propagaretur
502 3400 534 3465 in
569 3414 720 3488 posteros.
757 3400 885 3469 Ratione
918 3421 1022 3475 autem

98 3510 153 3576 per
175 3503 337 3579 peccatum
360 3489 451 3577 primi
475 3488 611 3558 hominis
634 3509 668 3558 ae
691 3487 926 3561 subtrahentes
950 3495 1029 3563 tub-v
