2484 3975
235 217 299 283 llll
545 236 603 280 utu.
628 235 667 280 tt.
689 234 753 280 mr.
776 233 867 281 xxxu.

233 305 293 370 hoo
316 302 405 370 Arius
428 316 565 389 negaret,
589 318 695 369 tamen
717 303 811 368 etiam
833 315 938 367 eontra
962 322 1034 368 eum
1063 325 1157 390 prae·
1224 366 1225 391 2

234 393 313 459 dieta
339 393 476 479 procedit
499 392 586 470 ratio,
610 393 681 478 quia
705 413 767 458 non
790 392 891 457 solum
915 391 1000 458 Deus
1022 413 1159 480 nonpo-

232 495 292 548 test
314 503 381 547 esse
406 482 505 547 forma
529 483 678 566 eorporis,
702 480 757 546 aed
780 501 839 546 neo
862 481 954 545 etiam
977 481 1088 568 aliquis
1102 505 1158 549 su·

233 571 467 655 percoelestium
492 571 669 657 spirituum,
692 570 872 655 interquos
895 590 1078 657 supremum
1104 572 1157 638 Fi·

233 659 309 724 lium
332 658 389 723 Dei
415 660 503 724 Arius
526 660 671 746 ponebat3
695 659 753 724 nisi
776 658 854 724 sorte
877 659 1048 724 seeundum
1071 663 1157 747 poti-

231 749 349 816 tionem
373 745 529 830 Origenis,
552 748 605 831 qui
632 747 734 834 posuit
756 748 874 811 animas
897 747 1050 812 humanas
1071 747 1158 833 ejus-

233 836 305 901 dem
328 837 441 922 speciei
465 849 494 900 et
516 848 649 902 naturae
671 857 748 911 eum
765 835 1042 920 supercaelestibus
1065 841 1159 924 spiri·

233 925 314 989 tibus
338 944 416 1000 esse3
445 923 532 1007 eujus
556 923 709 1010 opinionis
734 922 896 989 falsitatem
920 941 1012 1010 supra
1049 926 1089 1012 (l.
1124 929 1158 1010 2,

233 1033 259 1078 e.
284 1013 342 1095 eu)
366 1011 566 1077 ostendimus.
735 1078 737 1082 Α

301 1101 387 1178 item,
410 1101 577 1166 Subtraeto
600 1121 639 1166 eo
662 1101 745 1188 quod
769 1112 816 1166 ast
837 1101 877 1167 de
911 1104 1029 1168 ratione
1052 1101 1159 1172 homi·

233 1191 403 1268 nissverus
427 1190 521 1255 bomo
547 1210 701 1256 essenon
732 1202 842 1277 potest.
880 1191 1076 1258 Manifestum
1109 1211 1160 1263 est

233 1291 337 1346 eutem
361 1279 496 1344 animam
518 1279 725 1365 principaliter
739 1280 779 1344 de
791 1279 911 1344 ratione
926 1282 1061 1348 hominis
1077 1304 1160 1365 esse,

235 1388 307 1434 eum
331 1367 369 1432 sit
391 1365 457 1450 ejus
481 1367 589 1433 forma.
613 1367 646 1432 Si
669 1368 762 1452 igitur
783 1367 922 1434 Christus
943 1371 1079 1436 animam
1093 1393 1160 1440 nou

238 1455 356 1531 habuit,
380 1475 470 1520 verus
493 1456 589 1522 homo
612 1477 676 1522 non
699 1455 765 1534 fuit,
787 1478 860 1522 eum
883 1472 987 1524 tamen
1009 1479 1084 1525 eum
1100 1462 1161 1528 ho-

236 1546 357 1612 miuem
381 1543 543 1630 Apostolus
567 1559 692 1624 asserat,
715 1545 831 1612 dieens:
859 1547 943 1612 [Inue
967 1559 1013 1613 est
1038 1552 1162 1618 medio·

238 1646 286 1698 tor
298 1631 360 1700 Dei
371 1643 400 1697 et
412 1633 578 1712 ltnntinom,
589 1635 678 1699 ltomo
693 1635 944 1713 Christos-tosus,
958 1639 971 1702 l
989 1637 1069 1702 Tim.
1083 1641 1118 1718 ἢ,
1129 1643 1163 1708 tt.

304 1720 422 1800 Adhuc,
447 1722 488 1786 litt
512 1721 614 1786 anima
638 1744 700 1788 non
723 1724 826 1789 solum
850 1727 927 1790 ratio
944 1727 1091 1807 hominis,
1103 1731 1161 1796 sed

237 1822 267 1878 et
289 1810 484 1894 singularum
509 1811 643 1897 partium
665 1811 734 1896 ejus
749 1813 915 1899 dependet3
931 1816 1024 1893 unde,
1040 1833 1163 1885 remota

237 1899 351 1977 anima,
375 1900 496 1976 oculus,
520 1920 593 1964 caro
617 1912 648 1964 et
670 1901 976 1968 oslrominismortui
993 1912 1163 1992 aequivoce

237 1990 392 2067 dicuutur,
416 1990 495 2055 sieut
518 1988 627 2054 ooulus
650 1989 752 2075 pietus
775 2005 827 2056 aut
850 1992 1000 2080 lapideus.
1023 1996 1164 2083 Sijigttur

238 2080 269 2143 iu
293 2077 414 2143 Christo
439 2098 500 2143 uon
524 2077 581 2142 luit
604 2080 719 2157 anima,
742 2100 868 2145 necesse
903 2096 950 2147 est
984 2085 1068 2170 quod
1103 2103 1163 2153 uec

149 2228 153 2235 .
238 2188 309 2233 vera
333 2187 404 2231 earo
429 2166 460 2230 in
484 2186 522 2231 eo
545 2164 638 2232 luerit
659 2188 719 2233 nee
741 2168 843 2253 aliqua
867 2169 926 2235 alia
941 2174 1078 2255 partium
1101 2176 1161 2241 ho·

239 2256 342 2332 minis;
359 2276 431 2319 eum
448 2268 552 2320 tamen
569 2256 629 2321 ltoe
644 2255 798 2321 Dominus
811 2258 842 2322 in
857 2278 891 2323 se
904 2280 972 2325 esse
989 2263 1164 2345 perhibeat,

238 2345 353 2409 diceus:
379 2342 518 2427 Spiritus
552 2365 677 2411 earnem
707 2356 736 2409 et
758 2366 832 2409 osso
855 2368 917 2413 non
940 2350 1042 2429 dolet,
1079 2354 1162 2419 siout

237 2454 286 2497 ote
308 2433 419 2497 uidetis
442 2431 566 2510 dobere,
589 2434 673 2512 line,
697 2433 751 2511 ut,
773 2435 828 2499 59.

302 2521 450 2607 Amplius,
474 2522 558 2608 quod
581 2536 747 2607 generatur
769 2544 807 2588 ex
831 2524 934 2609 aliquo
964 2528 1086 2595 vivente
1124 2530 1163 2597 fi·

238 2611 297 2676 lius
320 2610 388 2695 ejus
409 2611 471 2678 ¹diei
495 2631 556 2675 non
581 2624 691 2698 potest,
714 2612 772 2676 nisi
796 2612 827 2677 in
851 2615 1163 2705 eademapeoiepro-

238 2700 337 2776 cedat3
361 2720 423 2763 non
447 2700 531 2763 enim
556 2698 801 2765 vermis-dieitur
823 2701 905 2768 tilius
943 2706 1083 2771 animalis
1122 2728 1163 2774 ex

238 2808 301 2873 quo
325 2801 500 2872 generatur.
524 2786 597 2862 Sed,
621 2788 646 2852 si
670 2787 807 2853 Christus
829 2792 965 2858 animam
990 2815 1051 2859 non
1065 2796 1164 2861 habe·

238 2890 296 2954 ret,
319 2897 381 2949 nou
398 2889 478 2941 esset
501 2876 640 2961 ejusdem
663 2878 777 2961 speciei
799 2899 871 2943 eum
894 2882 1167 2951 aliishominiltus:

239 2984 320 3051 ottae
345 2967 428 3029 enim
451 2965 623 3031 seeundum
636 2964 769 3031 formam
782 2967 927 3038 differunt
939 2970 1078 3054 ejusdem
1089 2994 1166 3060 spe-

238 3053 296 3119 eiei
320 3072 389 3118 esse
413 3074 475 3118 non
500 3068 638 3139 possunt.
662 3053 729 3118 Non
751 3055 845 3140 igitur
859 3058 920 3123 diei
942 3062 1053 3145 poterit
1075 3064 1164 3147 quod

238 3140 376 3207 Christus
393 3144 430 3207 sit
454 3142 534 3207 filius
557 3143 671 3208 llariae
695 3143 826 3228 Virginis
849 3160 901 3211 aut
924 3149 1007 3232 quod
1031 3149 1082 3215 illa
1120 3152 1162 3217 sit

239 3244 339 3331 mater
361 3230 438 3315 ejus3
461 3229 544 3317 quod
568 3245 672 3299 tamen
688 3230 720 3297 iu
736 3235 913 3320 evangeliea
929 3236 1086 3323 Scriptura
1110 3260 1160 3305 as-

185 3359 189 3373 ·
236 3333 357 3385 seritur.

312 3407 485 3484 Praeterea,
508 3407 542 3470 lu
565 3407 732 3493 Evangelio
755 3431 897 3498 expresse
931 3412 1042 3479 dieitur
1073 3416 1162 3500 quod

243 3494 383 3563 Christus
406 3496 542 3563 animam
566 3495 686 3579 habuit,
706 3498 785 3565 siout
805 3515 851 3567 est
874 3501 959 3569 illud:
989 3502 1100 3571 Triett't
1115 3517 1164 3570 est
