2484 3975
218 229 261 295 72
470 251 526 297 trn.
549 252 587 296 tr.
610 252 674 296 ons.
697 252 758 296 tut.
782 251 818 295 nr
841 250 900 296 xrs.

217 336 273 404 per
294 318 482 385 intellectum
504 340 594 387 suurn
621 320 761 386 omnium
776 339 856 405 quae
869 319 1141 387 naturaliteraub-

216 406 337 485 sistunt,
353 408 407 473 sed
430 410 521 474 etiam
545 409 646 474 omitia
681 408 892 474 intellectualia
926 409 1060 493 cognitio
1092 410 1138 474 ab

217 494 373 562 intellectu
396 498 500 563 divino
525 496 692 576 derivator,
713 499 792 562 sicut
813 516 852 561 ex
874 498 1084 584 superioribus
1094 497 1136 581 (l.

217 584 249 663 5,
273 605 300 649 o.
317 586 375 670 76)
398 600 489 673 patet.
515 583 645 672 Oportet
666 586 759 671 igitur
781 584 865 671 quod
903 608 959 673 per
996 586 1138 652 Verbum

216 672 284 751 Dei,
308 674 391 759 quod
414 688 460 740 eat
483 675 560 739 ratio
577 672 749 739 intellectus
771 674 876 752 diuini,
900 688 1043 741 causetur
1063 694 1137 740 ont-

216 762 263 828 uis
286 763 498 829 intellectualis
513 752 659 847 cognitio:
681 760 913 849 propterquod
935 765 1055 830 dicitur.
1088 763 1139 827 Vi·

217 861 250 915 to
272 862 341 917 erat
364 852 417 917 lun
439 852 607 922 bominum,
629 851 730 929 ioan,
753 852 784 929 l,
807 850 839 929 d,
856 852 927 938 quic
949 852 1065 917 scilicet
1087 852 1135 936 ip·
1225 867 1226 872 ’

215 956 285 1005 aum
309 940 456 1017 Verbum,
479 936 562 1024 quo‘d
600 940 740 1017 vitarent,
765 941 796 1004 in
830 960 892 1026 quo
930 941 1033 1007 omnia
1070 940 1136 1005 uita

215 1043 299 1103 aunt,
322 1028 506 1107 manifestat,
532 1042 564 1093 ut
587 1026 639 1093 lux
663 1026 829 1114 quaedam,
852 1029 1007 1094 mentibus
1031 1029 1136 1094 homi-

203 1134 294 1181 ·num
319 1118 489 1182 veritatem.
513 1116 576 1181 Nec
593 1130 645 1183 est
666 1136 705 1181 ex
727 1114 848 1182 delectu
864 1116 957 1183 Verbi
972 1116 1055 1205 quod
1068 1137 1137 1182 nora

216 1224 325 1270 ornnes
348 1205 489 1271 homines
512 1204 551 1269 ad
567 1206 701 1271 ueritatis
717 1206 924 1289 cognitionem
937 1206 1134 1293 pontonium.

217 1294 272 1357 sed
294 1294 387 1379 aliqui
403 1293 558 1359 tenebrosi
581 1294 725 1360 existunt.
749 1293 894 1360 Provenit
927 1308 1034 1360 autem
1072 1294 1136 1359 boc

115 1416 120 1433 r
219 1400 257 1446 ex
280 1381 401 1448 delectu
425 1382 587 1449 bominum
610 1383 663 1468 qui
688 1382 728 1447 ad
750 1382 887 1448 Verbum
913 1404 975 1448 non
1006 1402 1139 1447 conuer-

218 1483 326 1536 tuntur
349 1491 406 1536 nec
428 1490 500 1536 eum
525 1472 615 1557 plene
639 1490 750 1558 capere
773 1473 913 1557 poas'unt3
937 1470 1020 1536 unde
1034 1469 1139 1536 adbuc
1227 1549 1228 1552 Ἴ

218 1557 250 1623 in
275 1560 452 1626 hominibus
476 1560 624 1625 tenebrae
647 1572 819 1637 remanent,
842 1560 890 1624 rel
928 1559 1061 1645 majores
1085 1560 1138 1628 vel
1227 1639 1228 1650 ἵ

220 1649 368 1719 minores.
390 1647 562 1713 secundum
576 1647 771 1734 quodmagit
794 1648 1139 1713 etminoseouvertun·

103 1776 105 1786 ·
217 1748 269 1802 tur
291 1736 330 1801 ad
353 1737 489 1803 Verbum
513 1749 543 1801 et
565 1737 690 1823 capiunt
723 1737 835 1889 iqssum.
870 1736 957 1802 Unde
989 1737 1136 1815 loannes,

217 1839 252 1889 ut
273 1843 399 1891 omnem
424 1824 577 1891 delectum
602 1846 619 1889 e
644 1825 726 1890 mani
742 1825 868 1890 estatira
897 1825 989 1891 Verbi
1022 1825 1137 1890 virtute
1227 1827 1228 1836 ’

218 1914 370 1992 excludat,
393 1934 463 1980 cum
487 1913 613 1979 dixisset
635 1913 718 2001 quod
739 1914 807 1979 oito
828 1926 873 1980 cst
887 1915 941 1979 luo
966 1913 1136 1993 bominum,

217 2003 374 2089 subjungit
397 2002 481 2089 quod
505 2005 584 2068 luent
605 2004 638 2068 in
661 2002 805 2078 tenebris,
828 2016 858 2068 et
886 2003 1027 2068 tenebunt
1066 2023 1139 2068 eom

217 2111 279 2156 non
302 2092 607 2177 comprehenderunt,
629 2093 730 2166 loun,
755 2091 786 2169 l,
809 2092 841 2170 83
858 2113 920 2158 non
943 2092 1027 2157 enim
1050 2103 1140 2157 tene·

217 2179 292 2246 brae
315 2195 387 2247 sunt
408 2199 446 2246 et
469 2181 529 2245 boc
549 2180 634 2266 quod
656 2180 792 2246 Verbum
816 2201 878 2246 non
892 2181 1003 2259 luceat,
1025 2180 1080 2246 sed
1093 2200 1133 2245 eu

216 2269 279 2334 boc
301 2269 385 2356 quod
408 2269 501 2354 aliqui
525 2268 626 2334 lucem
651 2268 743 2335 Verbi
771 2289 834 2334 uon
874 2270 1008 2355 capiunt3
1046 2270 1139 2344 sicut,
1228 2300 1229 2341 ι

216 2355 286 2422 luce
309 2358 449 2445 corporei
473 2357 547 2423 solis
570 2377 626 2443 per
647 2357 756 2422 orbem
779 2357 900 2435 diffusa,
915 2358 1060 2423 tenebrae
1072 2377 1137 2423 non
1228 2394 1229 2399 κ

217 2459 298 2524 suut,
322 2448 378 2512 nisi
403 2448 430 2512 ei
454 2446 630 2530 quioculos
652 2446 774 2512 clausos
797 2446 845 2512 uel
879 2446 997 2512 debiles
1031 2445 1137 2512 babet.
1228 2466 1229 2493 t

280 2535 362 2602 llaec
385 2536 477 2620 igitur
500 2549 571 2600 sunt
608 2554 688 2620 quae
722 2535 763 2601 de
799 2539 998 2619 generatione
1035 2533 1140 2600 diuina

217 2635 248 2686 et
270 2623 309 2688 de
332 2626 442 2691 uirtute
466 2622 620 2709 Unigeniti
645 2622 710 2688 Filii
734 2623 803 2701 Dei,
824 2643 861 2689 ex
900 2622 1001 2688 Sacris
1034 2622 1140 2710 Scrip-

216 2712 292 2778 turis
315 2714 430 2794 edocti,
451 2726 619 2798 utcumque
641 2711 805 2798 concipere
826 2732 1002 2798 possumus.

538 2903 713 2973 CAPUT
751 2903 827 2972 XlV.

262 3105 380 3172 Solotio
404 3103 447 3167 od
468 3103 606 3167 rationes
628 3122 724 3187 supro
751 3102 895 3168 indoctos
916 3111 1026 3167 eontra
1046 3122 1141 3187 qene-

301 3194 455 3262 rotionem
476 3191 624 3256 diuinam.

286 3407 365 3491 Quia
397 3423 471 3469 vero
494 3402 605 3468 veritas
639 3422 765 3470 omnem
803 3401 965 3473 falsitatem
1004 3400 1142 3469 excludit

221 3513 250 3566 et
275 3495 462 3564 dubietatem
486 3489 634 3569 dissolvit,
656 3491 687 3556 in
711 3504 855 3581 promptu
876 3489 942 3576 jam
965 3491 999 3560 fit
1014 3512 1051 3559 aa
1075 3490 1143 3558 dis.
