2484 3975
213 193 279 259 582
580 210 770 257 nisssnmrro

214 282 265 385 vel
285 280 481 367 sophisticae
504 292 536 345 et
558 284 602 347 sic
625 282 665 346 ud
689 303 725 347 ea
749 278 897 347 solvenda
927 279 1014 347 locus
1042 281 1141 347 relin-

214 384 318 458 quntur
340 396 372 435 ι.
955 398 958 406 =

258 548 344 613 Xlll.
370 547 473 631 Strpro
494 548 596 631 ipsam
626 550 779 613 rationem
812 548 998 614 attolluntur
1028 569 1065 614 oe
1088 570 1140 617 or·
1238 554 1239 579 ³

301 638 408 739 dinem
440 640 627 706 constituunt
663 649 794 703 naturae
827 637 981 723 quaelibet
1015 650 1140 704 creatae

302 746 504 811 supertorem.

281 903 444 971 verissima
468 901 620 967 fatebatur
635 902 759 989 Brylius
775 902 846 969 fidei
859 902 1043 971 christianae
1061 906 1141 993 Mys·
1238 912 1239 915 ’

215 992 302 1071 teria,
324 1007 354 1057 et
378 992 579 1058 nihilomiuus
601 1012 673 1057 cum
698 992 828 1057 naturali
845 994 964 1058 ratione
988 1013 1139 1079 pugnare

215 1102 351 1170 pugnam
376 1082 466 1157 hanc,
493 1100 586 1168 qnam
623 1094 741 1169 putant,
764 1081 942 1160 adsumunt,
965 1082 1033 1147 loco
1058 1084 1141 1170 prin-

214 1172 287 1257 cipii
310 1171 444 1248 Deinde,
473 1183 506 1233 nt
543 1169 615 1234 inde
650 1169 816 1235 conficiant
853 1170 963 1235 eadem
997 1170 1140 1257 Mysteria

215 1260 292 1325 lolia
314 1280 393 1324 esse.
417 1258 525 1323 Fidem
542 1260 622 1323 inter
637 1260 840 1324 serationem
858 1258 992 1323 ostendit
1008 1262 1142 1346 Aquinas

215 1368 353 1434 pugnam
377 1348 513 1413 exerceri
536 1348 664 1423 nnllam;
698 1348 781 1413 unde
816 1349 1000 1435 principium
1037 1350 1144 1415 statuit

114 1497 121 1504 .
215 1457 279 1523 quo
307 1438 417 1523 impios
456 1434 586 1515 refellat,
620 1438 836 1523 mysteriorum
875 1457 910 1501 ac
945 1436 1139 1504 revelationis

217 1528 376 1591 veritatem
392 1526 567 1591 initiantes.
583 1525 711 1590 Praeter
726 1526 827 1590 divina
844 1523 1045 1609 intelligibilia
1058 1547 1138 1613 qnae

216 1614 348 1680 naturali
377 1617 486 1679 rationi
519 1628 592 1678 sunt
627 1615 742 1701 pervia,
776 1614 833 1678 alia
869 1613 958 1679 docet
993 1618 1139 1701 distingui

216 1717 360 1791 oportere
383 1724 463 1789 qnae
494 1702 624 1767 naturali
648 1704 773 1789 quidem
798 1702 907 1767 rationi
932 1723 996 1767 non
1032 1705 1138 1770 adver·

159 1867 162 1871 ¹
216 1808 335 1871 santur,
357 1808 429 1857 sunt
456 1805 591 1856 attamen
624 1814 715 1877 supra
749 1794 910 1857 rationem.
929 1792 1067 1858 ,Diserte
1101 1796 1141 1858 ait

217 1882 270 1947 ille
293 1885 334 1966 (c.
360 1884 397 1967 5)
427 1910 442 1941 «
458 1882 561 1965 aliqua
585 1880 823 1966 intelligibilium
841 1881 1042 1947 divinorum»
1067 1882 1143 1960 dari,

216 1992 298 2059 qnae
322 1972 476 2036 humanae
502 1970 712 2057 (creataeque
736 1970 914 2057 cujusque)
938 1972 1063 2037 rationis
1090 1993 1142 2059 pe-

218 2063 300 2126 nitus
323 2063 473 2125 excedant
496 2060 668 2143 ingenium3
691 2073 720 2124 et
748 2063 791 2142 (c.
816 2061 852 2146 7)
883 2062 1037 2126 «veritati
1062 2061 1144 2140 fidei,

219 2152 339 2215 tametsi
364 2151 520 2214 hnmanae
544 2150 601 2234 (et
624 2151 771 2234 creatae)
794 2149 920 2215 rationis
943 2150 1144 2236 capacitatem

216 2239 393 2318 excedenti,
417 2260 479 2304 non
501 2257 570 2302 esee
594 2251 696 2302 tamen
721 2239 888 2302 contrariae
905 2238 995 2324 (sive
1020 2249 1144 2326 primas,

216 2330 281 2394 sire
299 2329 371 2393 inde
394 2328 493 2392 illatas
507 2326 522 2412 )
536 2327 676 2391 veritates
694 2327 818 2406 rationis
832 2328 988 2390 naturali»
1013 2330 1142 2415 pervias.

285 2417 317 2482 ld
341 2419 503 2482 veritamm
530 2435 628 2500 genus
664 2417 794 2502 pertinet
828 2415 867 2481 ad
901 2415 1013 2493 Deum,
1042 2416 1143 2502 eujus·

218 2507 304 2571 modi
326 2519 370 2572 est
398 2507 429 2571 in
467 2526 510 2572 se.
534 2505 624 2591 Atqui
648 2505 788 2570 notitiam
808 2504 877 2578 Dei,
900 2505 1074 2590 cujusmodi
1098 2521 1143 2572 eet

218 2597 249 2659 in
287 2615 333 2674 se,
365 2595 483 2661 viribus
516 2594 625 2658 nativis
663 2593 804 2658 obtinere
838 2613 902 2658 non
936 2594 1014 2659 valet
1055 2615 1143 2661 mens

217 2699 331 2749 creata.
354 2683 496 2749 Natirum
519 2681 586 2767 ejus
608 2681 716 2747 lumen
753 2683 988 2748 subministrant
1010 2701 1143 2770 eaquae

218 2771 297 2838 iacta
331 2787 413 2848 sunt3
450 2784 552 2836 creata
571 2771 706 2836 scilicet
733 2770 798 2857 ipsa
836 2792 936 2851 mens,
973 2791 1053 2858 quae
1089 2793 1145 2860 per

218 2862 359 2926 intimam
382 2860 599 2927 conscientiam
623 2881 656 2924 se
680 2861 813 2926 notitae
829 2859 984 2925 tensibilia
1003 2876 1145 2948 quaeque
1238 2903 1239 2907 =

219 2950 328 3016 bansta
352 2968 548 3036 persensus.
572 2948 655 3014 llaec
678 2967 763 3026 vero,
786 2961 892 3034 utpote
914 2949 1021 3014 effecta
1044 2951 1144 3016 aliea

124 3098 132 3114 ,
218 3039 380 3126 producta,
402 3039 518 3104 ducunt
533 3037 564 3102 iu
579 3037 720 3123 ejusdem
744 3039 965 3122 cognitionem,
987 3052 1145 3126 tamqnam

220 3128 339 3212 primae
362 3147 484 3204 censen
508 3129 539 3192 a't
560 3127 684 3202 eadem,
715 3139 821 3214 utpote
855 3146 967 3192 causac
1002 3129 1145 3194 virtutem

219 3237 284 3282 non
306 3216 524 3304 adaequantes,
546 3214 661 3280 ducere
685 3235 748 3280 non
784 3231 913 3304 possunt
937 3218 968 3282 in
991 3216 1144 3302 ejusdem,

219 3305 395 3390 cujusmodi
426 3307 527 3370 estin
562 3325 607 3381 se,
640 3304 779 3368 notitiam
814 3305 1028 3392 adaequatam.
1064 3305 1145 3374 llaec

220 3397 326 3459 omnia
347 3394 484 3458 Thomas
508 3394 583 3458 locis
603 3391 669 3476 jam
686 3395 998 3481 memoratis3quibus
1015 3392 1145 3460 efficitur

221 3482 426 3567 intelligibilia
446 3483 550 3548 divina
572 3481 640 3547 dari
670 3482 829 3550 verissima
863 3503 961 3572 supra
991 3497 1146 3560 rramrom.
