2484 3975
480 271 668 317 otsseararto
973 250 1037 316 577

114 339 327 429 quaestionem
354 338 575 406 dirimendam:
600 342 681 407 llum
695 360 728 405 se
739 340 824 405 Deus
847 360 965 425 suaque
980 340 1037 405 bo·

115 431 250 497 minibus
274 429 451 494 immediata
476 430 666 495 revelatione
688 428 945 494 manifestaverit?
982 428 1039 493 ilr-

115 532 260 604 gumenta
284 517 421 601 intelligo
444 518 559 582 omnia:
583 520 672 583 insita
697 518 768 593 alia,
792 538 872 603 quae
897 538 932 581 er
966 517 1038 603 ipsis

113 608 284 673 Doctrinae
315 607 470 672 revelatae
510 608 739 672 characteribus
775 606 942 683 ducuntur3
970 606 1038 669 alia

113 697 262 763 adscititia
286 707 316 759 et
339 708 501 773 extranea,
525 716 605 781 quae
623 696 762 783 depromi
787 694 887 760 solent
911 714 948 760 ex
971 693 1039 759 illu-

74 792 79 801 ‘
113 807 184 851 rum
208 784 396 859 conditione,
425 784 477 870 qui
501 805 534 850 se
558 785 704 849 divinitus
728 784 891 869 inspiratos
919 782 1039 870 praele-

114 874 235 952 rebant,
258 893 295 938 ex
319 873 409 938 editis
432 872 600 951 miraculis,
614 894 650 938 ex
664 873 902 959 Proplratiarum
916 885 1040 945 eventu,

115 964 318 1028 conversione
342 962 463 1038 mnndi,
502 962 674 1047 Religionis
694 975 895 1047 ‘propagatae
930 960 1039 1038 modo,

116 1063 347 1137 persecutorum
373 1053 492 1115 tametsi
516 1050 683 1116 furentium
709 1049 931 1123 imbecillitate,
966 1068 1039 1113 eou-

113 1140 222 1205 stantia
235 1140 414 1225 Martyrum,
427 1160 461 1203 ac
474 1141 601 1226 perenni
615 1140 755 1205 omnium
772 1139 965 1206 saeculorum
979 1152 1038 1203 tet·

114 1228 254 1294 timonio.
269 1228 452 1293 innumerae
465 1242 603 1313 prostant
618 1228 867 1313 elegantissimae
879 1248 915 1293 ae
928 1226 1038 1293 robus·

114 1333 163 1382 tae
179 1317 339 1393 vindiciae,
362 1318 473 1402 quibus
497 1318 556 1382 boc
580 1330 797 1403 argumentum
823 1316 877 1380 viri
895 1316 1040 1395 illustres,

113 1419 231 1471 veteres
255 1419 285 1470 et
308 1420 457 1483 recentes,
480 1406 641 1483 illustrant,
656 1407 687 1471 in
700 1426 826 1470 arenam
847 1405 1038 1471 descenden-

113 1511 159 1561 tes
181 1496 345 1559 adversum
370 1494 500 1559 [livinae
526 1496 728 1559 Revelationis
746 1496 859 1571 hostes;
875 1495 952 1559 nibil
965 1514 1038 1558 vero

113 1586 242 1662 dictum,
266 1584 341 1648 nibil
367 1585 620 1669 praeclarissimis
644 1604 753 1648 eorum
783 1583 812 1646 in
851 1582 1037 1647 dissertatio·

113 1673 205 1739 nibus
230 1674 436 1757 propositum,
460 1673 543 1757 quod
568 1686 673 1738 noster
697 1670 831 1757 Aquinas
865 1692 927 1736 non
961 1670 1037 1735 deli-

114 1763 261 1827 neaverit.
286 1761 426 1825 Perenne
449 1762 589 1826 omnium
613 1760 1036 1826 saeculorum-testimonium

113 1850 308 1929 memoravit,
340 1862 374 1914 ut
397 1850 470 1913 inde
497 1863 600 1936 pateat
623 1871 686 1914 nnn
710 1848 809 1913 solum
827 1848 878 1933 jus
901 1849 1039 1913 divinum

114 1939 198 2026 quod
223 1939 365 2008 veritates
389 1940 526 2004 nativum
551 1951 672 2004 creatae
695 1937 807 2003 mentis
845 1938 949 2003 lumen
988 1957 1039 2004 ex-

114 2029 264 2093 cedentes
287 2029 514 2115 complectitur,
537 2030 680 2114 genuinis
718 2026 934 2092 traditionibus
968 2047 1040 2092 cou-

113 2117 231 2183 lirmari
255 2116 380 2195 debere,
404 2131 562 2203 tamquam
577 2117 744 2204 aptissimis
764 2117 964 2200 argumentis,
989 2136 1037 2180 ve-

113 2227 184 2272 rum
207 2204 257 2290 jus
279 2208 371 2294 etiam
397 2207 497 2292 ipsum
522 2207 673 2283 naturale,
697 2206 912 2291 utpoteaDeo
935 2206 1038 2290 quoad

115 2295 265 2382 plurimas
290 2294 432 2359 veritates
454 2315 510 2380 per
532 2316 599 2360 sese
631 2296 733 2360 nativo
777 2294 886 2358 lumini
919 2293 1039 2379 pervias

113 2383 295 2462 revelatum,
319 2382 499 2449 earumdem
525 2385 722 2449 traditionum
748 2384 927 2447 auctoritate
945 2396 973 2446 et
986 2403 1041 2469 po-

114 2469 258 2558 pulorum
285 2491 437 2537 consensu
462 2475 574 2560 exponi
598 2487 628 2537 et
641 2473 784 2538 illustrari
799 2472 934 2536 inarime
951 2492 1042 2558 posse

115 2581 152 2626 ao
175 2559 299 2626 debere.

130 2738 183 2802 XI.
209 2737 379 2820 Perperom
405 2737 593 2822 objiciuntur
616 2757 694 2822 quae
718 2737 868 2822 Mystert'a
890 2738 1029 2803 revelata

190 2826 358 2912 jactabunt
383 2827 524 2893 Gentiles
546 2847 583 2891 ae
598 2828 725 2912 jactant
747 2827 968 2892 Mdbttmetoni.

134 3013 137 3023 '
184 3001 402 3069 inconcussam
427 3004 608 3088 hujusmodi
633 3016 889 3088 argumentorum
913 3004 975 3067 vim
999 3017 1044 3068 at·

115 3107 246 3156 tenuare
270 3093 410 3158 nituntur
432 3093 532 3177 impii,
555 3106 620 3157 tum
645 3094 745 3179 primo
770 3091 948 3176 exemplum
966 3091 1044 3178 obji-

116 3182 233 3246 cientes
270 3179 367 3245 lalsae
391 3181 571 3266 Religionis,
597 3182 644 3246 vel
671 3179 840 3246 Gentilium
865 3180 913 3243 vel
939 3181 1044 3245 Mabu-

116 3270 219 3348 metis,
243 3270 336 3355 longe
360 3270 481 3355 lateque
506 3282 703 3356 propagatae,
728 3284 792 3335 tum
808 3282 965 3357 praeterea
981 3269 1044 3354 lly-

115 3358 212 3423 steria
237 3358 307 3423 lidei
330 3372 465 3435 nostrae,
488 3359 581 3423 veluti
604 3359 715 3424 rationi
740 3358 876 3432 adversa,
902 3358 1045 3422 eaeteris-

115 3467 179 3532 que
202 3447 392 3524 veritatibus‚
414 3466 494 3532 quae
517 3446 648 3511 naturali
680 3449 876 3530 innotescunt
916 3445 1044 3524 lumine,

115 3536 271 3602 contrariu
295 3535 498 3602 traducentes.
522 3536 647 3601 Nullum
686 3557 746 3603 nou
765 3547 889 3601 movent
903 3533 1040 3622 lapidem
