2484 3975
187 221 254 288 btu
558 237 729 284 onosoutuu

251 309 284 378 Si
301 307 369 396 quit
384 319 489 376 eutem
506 306 598 374 uellet
613 306 802 393 respondere
816 305 901 394 qood
915 306 1107 374 intellectum

184 399 226 466 eb
250 419 310 466 unt
333 397 500 463 substantio
523 408 663 484 soporato
686 411 718 462 et
750 396 939 462 intellectum
973 396 1012 463 ob
1046 395 1109 461 elie

183 506 248 554 non
271 500 436 552 estonum
459 485 570 571 speeie,
594 485 667 570 quie
689 486 860 552 intellectus
883 484 1109 569 dilieruotspe·

185 578 244 655 οἱα,
267 575 402 660 teipsum
441 574 606 662 deciperem
642 575 714 660 quio
747 575 779 640 id
816 573 901 660 quotl
927 572 1109 657 intelligitur

184 675 382 751 comparetur
404 663 443 730 od
466 661 639 747 intelligere
670 677 702 729 et
733 663 773 728 etl
806 662 997 728 intellectum
1029 660 1108 726 sient

184 754 340 838 objectum
365 750 402 818 ed
427 763 529 818 toturn
553 764 584 816 et
608 752 789 838 potentium.
816 750 981 838 Objeetum
1003 763 1109 816 eutem

184 863 248 908 non
273 840 380 927 recipit
402 840 537 928 speeiem
559 839 598 905 ob
621 854 691 906 totu
715 861 855 926 nequeo
884 839 1030 926 potentino,
1051 837 1109 902 setl

186 931 284 1016 magis
307 951 325 994 e
347 949 507 997 contento.
531 929 581 994 Est
597 947 674 1013 ergo
683 929 864 1016 simplicitet·
874 925 1110 994 eoncedendum

186 1020 268 1106 qood
294 1019 483 1084 intellectum
507 1019 599 1082 unius
622 1019 677 1094 rei,
701 1032 773 1104 {tuto
797 1017 915 1104 lepidis,
937 1030 985 1082 est
1008 1035 1111 1080 unum

186 1120 319 1187 tantum,
340 1127 402 1173 non
424 1106 526 1172 solum
539 1106 569 1172 in
584 1105 729 1173 omnibus
745 1107 934 1186 hominibus,
945 1106 1000 1172 oetl
1013 1104 1109 1168 etiem

187 1199 219 1262 in
244 1195 392 1263 omnibus
408 1194 623 1261 intellectibus.

254 1284 314 1350 Sed
338 1282 556 1369 inquirendum
579 1295 675 1350 restet
696 1283 771 1370 quid
793 1287 832 1348 sit
855 1284 955 1370 ipsum
989 1279 1109 1346 intelle·

186 1385 283 1438 otum.
309 1372 341 1438 Si
376 1374 459 1438 euim
493 1372 595 1438 dieunt
629 1373 713 1459 qootl
748 1372 935 1438 intellectum
967 1384 1015 1436 est
1047 1389 1110 1434 uno

183 1463 303 1548 speeies
327 1460 536 1528 immaterialis
569 1459 703 1527 'existens
726 1461 757 1527 in
781 1461 937 1528 intellectu
960 1459 1109 1547 possibili,

187 1551 261 1617 latet
283 1552 364 1637 ipsos
388 1549 471 1636 quod
494 1549 726 1636 quodammodo
748 1561 908 1616 transeunt
930 1550 961 1614 io
994 1548 1110 1635 dogunt

187 1639 334 1719 Platonis,
357 1639 408 1727 qui
433 1639 534 1727 posuit
556 1637 640 1724 quod
663 1638 703 1704 tle
726 1637 821 1704 rebus
832 1637 1028 1704 sensibilibus
1040 1636 1113 1702 nul·

187 1729 215 1794 le
240 1729 364 1796 scientio
388 1739 487 1815 potest
510 1727 630 1804 baberi,
651 1727 705 1792 setl
729 1727 830 1792 omnb
863 1727 989 1792 seientia
1013 1726 1110 1792 babe-

188 1830 238 1884 tur
261 1817 300 1882 de
323 1818 422 1884 torno
446 1835 507 1881 unu
531 1829 682 1901 separato.
708 1814 789 1882 Nibil
824 1814 908 1882 enim
942 1813 1036 1881 refert
1068 1815 1109 1879 od

188 1907 379 1991 propositum
404 1917 506 1970 utrum
531 1903 641 1990 uliquis
665 1903 745 1969 dieat
767 1904 851 1992 quod
873 1905 999 1970 seientia
1029 1924 1111 1990 quoe

188 1995 322 2061 babetur
344 1996 384 2061 de
407 1992 508 2080 lepide
530 1993 663 2059 babetur
696 1992 736 2059 de
769 2015 831 2059 uno
866 1993 965 2061 forme
1000 1991 1112 2078 lapidis

187 2097 339 2168 senoreto,
363 2096 414 2149 out
437 2082 476 2147 de
499 2102 560 2147 uno
585 2080 683 2147 formo
706 2082 813 2167 lopitlis
836 2102 917 2169 quoe
939 2095 986 2149 est
1007 2084 1038 2147 in
1062 2082 1111 2147 in·

62 2228 66 2236 ,
189 2172 322 2249 tellectu;
346 2171 510 2257 utrobique
532 2170 615 2235 enim
638 2172 777 2257 sequitur
791 2171 874 2256 quod
885 2172 1032 2237 scientiae
1046 2189 1111 2236 non

188 2274 259 2327 sunt
284 2261 323 2329 de
346 2260 440 2327 rebus
463 2280 543 2344 quoe
565 2271 638 2325 sunt
659 2259 709 2325 bie
731 2260 794 2344 (ll,
816 2259 872 2325 sod
894 2259 933 2327 de
955 2261 1049 2325 rebus
1062 2279 1113 2323 se·

190 2351 303 2435 potatis
327 2350 437 2416 sotum.
464 2349 538 2421 Sed,
570 2348 642 2434 quio
677 2347 764 2413 Plato
799 2350 900 2434 posuit
932 2347 1111 2435 hujusmodi

187 2437 304 2504 t'ormeo
339 2436 558 2503 immateriales
592 2456 648 2524 per
680 2457 715 2501 se
747 2437 959 2515 subsistentes,
992 2449 1114 2518 poteret

189 2530 283 2592 etiem
307 2548 377 2593 oum
402 2526 460 2591 boe
484 2545 600 2613 ponere
623 2523 727 2611 plures
742 2525 1112 2613 intellectusportieineo·

189 2630 235 2681 tes
259 2614 297 2681 nb
321 2636 381 2681 uno
406 2613 503 2679 [ormo
526 2628 666 2701 seperate
691 2614 782 2679 unius
804 2613 940 2681 veritatis
960 2614 1113 2699 oogoitio-
1222 2690 1227 2701 ι

191 2724 275 2769 nem.
300 2703 347 2769 lsti
373 2717 475 2769 eutem
499 2703 551 2787 qui
576 2715 694 2789 ponunt
716 2701 893 2789 hujusmodi
916 2701 1032 2769 formu
1052 2702 1115 2768 ltn-

189 2791 374 2869 nttterioles,
396 2812 472 2877 quos
495 2791 601 2856 dicunt
615 2811 691 2856 ‘esse
713 2790 878 2870 intellecto,
907 2811 1038 2857 neeesse
1059 2790 1117 2857 be-

189 2882 264 2947 boot
300 2900 415 2967 ponere
438 2880 519 2966 quod
544 2881 582 2944 sit
605 2899 685 2946 unus
708 2879 878 2946 intellectus
900 2892 1030 2955 tontum,
1052 2899 1117 2947 non

189 2970 290 3035 solum
314 2969 453 3035 omnium
477 2968 653 3042 bominum,
676 2967 729 3033 sed
753 2968 846 3034 etiem
869 2969 1058 3057 simplieiter.

258 3058 306 3123 Est
329 3077 403 3142 engo
427 3056 604 3133 dicendum,
627 3056 799 3123 seeundum
831 3059 1016 3124 sententium
1049 3057 1116 3122 bri·

189 3146 317 3224 stotelis,
340 3145 423 3233 quod
448 3145 639 3211 intellectum
663 3144 747 3230 quod
769 3155 935 3213 estonum
969 3160 1017 3212 est
1048 3146 1116 3233 ipse

189 3249 299 3300 notura
322 3234 371 3300 vel
392 3232 546 3320 quidditos
569 3233 627 3298 rei.
648 3233 697 3299 lle
718 3232 1116 3301 tebusneoitnestsoieotitt

191 3322 339 3404 naturalis
362 3338 391 3387 et
415 3322 491 3386 oliae
514 3322 669 3400 scientiae,
687 3342 755 3406 non
777 3322 819 3387 de
839 3324 1002 3409 speeiebuo
1027 3321 1143 3393 intel.

191 3410 287 3474 lentis.
312 3409 343 3473 Si
367 3410 450 3475 enim
474 3410 664 3475 intellectum
697 3424 779 3477 esset
811 3428 874 3476 noo
906 3412 972 3499 ipse
1006 3425 1115 3481 notun

241 3510 281 3581 (l)
301 3510 373 3580 Quos
391 3518 453 3566 tunt
470 3513 524 3579 bio,
543 3513 562 3565 i.
581 3528 604 3569 e.
624 3528 692 3584 quoe
711 3520 774 3569 sunt
791 3514 937 3571 individuo.
