2484 3975
328 261 367 306 nr
390 250 573 329 sunsrrrrrrts
595 261 749 307 srrrnrns
936 240 995 308 bOl

91 329 161 396 mles
183 328 319 394 deiectus
342 344 372 394 et
394 331 608 416 corruptiones
631 349 815 407 communes
831 329 874 398 eis
893 342 922 394 et
935 332 1002 396 aliis

90 419 327 505 corruptibilibus
360 421 465 497 rebus,
498 419 749 505 superadduntur
772 419 898 505 insuper
921 419 1003 484 melu

89 508 221 573 vitiorum
251 520 286 593 ¹et
324 507 569 572 inordinatorum
608 522 788 586 eventuum,
824 521 897 594 putu
932 529 1003 572 cum

86 596 167 681 justis
197 597 351 663 multoties
376 596 470 662 multa
494 597 574 662 molo
599 598 735 673 veniunt,
759 595 876 681 injustis
899 613 1003 664 cutem

88 687 171 752 bona.
194 685 323 769 Propter
346 685 405 752 hoc
428 687 521 770 igitur
542 687 636 771 aliqui
655 688 903 752 existimaverunt
926 687 1002 752 diri·

86 797 153 841 nom
175 774 398 860 providentium
433 795 467 839 re
490 776 656 841 extendere
679 797 777 863 usque
801 774 839 839 nd
863 776 1005 842 substan·

87 865 140 930 tius
161 864 375 929 immateriales
399 877 428 929 et
451 865 694 948 incorruptibilia
719 878 748 929 et
771 864 912 930 coelestio
938 878 1005 930 cor·

90 973 169 1040 poro,
190 954 221 1018 in
244 953 356 1038 quihus
387 952 506 1018 nullum
532 953 648 1018 mulum
683 953 839 1030 videbunt3
862 953 1005 1020 inforiore

89 1056 183 1107 nutem
208 1042 419 1125 providentioe
441 1040 531 1106 subdi
555 1042 699 1108 dicebant
722 1043 844 1108 divinoe
868 1042 916 1108 rel
932 1043 1005 1108 olin-

88 1152 152 1196 rum
173 1131 376 1216 spiritualium
393 1130 633 1196 substantiarum
651 1145 802 1219 quantum
827 1131 864 1196 ud
877 1152 1003 1218 genero,

90 1241 148 1286 non
169 1234 271 1286 cutem
295 1236 444 1305 quonturu
467 1220 506 1285 ad
528 1219 695 1286 indiuiduo.

152 1310 184 1375 lit
207 1311 277 1394 quio
299 1330 334 1373 eo
359 1331 438 1394 quoe
461 1308 614 1396 proedicto
638 1324 710 1378 sunt
743 1312 900 1376 communi
935 1313 999 1398 opi·

88 1399 169 1464 uioni
192 1399 353 1462 hominum
384 1410 568 1484 repugnent,
592 1419 653 1463 non
677 1398 778 1465 solum
818 1399 927 1481 plebis,
950 1400 1005 1466 sed

88 1489 176 1554 etium
199 1488 394 1571 sapientium,
417 1487 509 1552 certis
531 1487 702 1554 rationibus
719 1487 946 1554 ostendendum
963 1505 1009 1554 est

81 1577 239 1665 'proedicto
265 1577 518 1641 ueritatemuon
542 1576 666 1642 habere·
682 1591 713 1642 et
752 1578 885 1642 rationes
922 1599 1013 1664 pree·

91 1667 197 1733 missos
213 1686 276 1730 non
293 1665 352 1731 hoc
368 1664 558 1730 concludere
573 1665 657 1750 quod
675 1667 848 1731 intendunt:
867 1681 896 1732 et
913 1668 1014 1754 primo

89 1756 226 1842 quidem,
249 1768 398 1840 quantum
423 1753 462 1818 od
478 1753 614 1820 divinam
631 1755 851 1840 cognitionem3
868 1755 1015 1835 secundo,

87 1857 239 1931 'quantum
264 1843 303 1908 od
327 1841 395 1928 ejus
419 1843 657 1930 providentium.
1046 1839 1050 1854 '

156 1931 285 2019 Oportet
309 1946 412 1998 nutem
439 1952 475 1998 er
493 1934 675 1997 necessitate
691 1933 750 1999 hoc
768 1932 896 2001 firmiter
913 1947 1019 2001 tenere

88 2024 173 2110 quod
190 2024 274 2088 Deus
295 2022 435 2087 omnium
452 2022 706 2105 cognoscibilium
723 2043 919 2109 quocumque
937 2039 1014 2089 tem·

87 2134 165 2199 porc
200 2112 246 2177 vel
282 2132 298 2175 o
338 2131 535 2194 quocumque
570 2125 787 2195 cognoscente,
810 2113 1017 2178 certissimam

87 2202 298 2284 cognitionem
325 2200 448 2264 hubent.
476 2199 511 2263 Ut
535 2200 618 2264 enim
654 2221 746 2287 supra
780 2200 918 2267 hobitum
958 2214 1012 2280 est,

86 2290 146 2355 Dei
170 2289 340 2354 substantio
364 2302 410 2352 est
433 2290 534 2373 ipsum
558 2288 625 2373 ejus
649 2288 816 2354 essebon
840 2306 885 2355 est
908 2303 1012 2355 sutem

87 2380 120 2443 in
145 2399 184 2443 eo
207 2378 289 2455 aliud
312 2391 493 2462 essentque
527 2377 610 2442 eliud
634 2378 815 2463 intelligere
849 2380 893 2445 sic
926 2380 1009 2445 enirn

87 2488 155 2532 non
190 2480 270 2532 esset
300 2464 434 2550 periecte
456 2466 596 2552 simplex,
626 2466 709 2531 unde
742 2487 799 2531 nec
832 2468 1013 2555 simpliciter

86 2557 238 2644 primurn.
266 2553 394 2640 Oportet
417 2555 510 2638 igitur
531 2555 626 2641 quod,
650 2556 727 2621 sicut
751 2557 817 2641 ejus
840 2557 1010 2623 substantia

85 2658 136 2711 est
159 2665 252 2710 suum
275 2664 355 2718 esee,
377 2646 417 2708 ita
440 2644 531 2707 etium
556 2644 622 2728 ejus
648 2644 814 2711 substantio
849 2646 887 2711 sit
919 2668 1012 2711 suum

86 2734 267 2815 intelligere
290 2754 345 2797 sen
376 2731 586 2817 inlelligentic,
610 2747 643 2799 ut
676 2735 768 2799 etiem
809 2734 1016 2823 Philosophus

89 2823 254 2889 concludit
276 2823 289 2902 (
301 2822 480 2908 Metaphys„
506 2822 582 2907 tu).
606 2822 690 2887 Sicut
721 2824 813 2908 igitur
846 2824 912 2908 ejus
945 2826 1018 2890 sub-

88 2913 207 2979 stantia
222 2924 267 2983 est
283 2913 383 2999 ipsum
406 2930 475 2975 esse
496 2925 683 2997 separatum,
700 2912 740 2975 ita
756 2925 786 2977 et
798 2912 864 2995 ejus
880 2912 1021 2979 substen-

90 3002 136 3066 tin
163 3015 211 3066 est
234 3002 334 3084 ipsum
363 3000 534 3082 intelligere
568 3014 754 3088 soporatum.
790 3000 821 3065 Si
845 3016 948 3067 autem
987 3003 1026 3067 sit

91 3089 203 3175 ulique
228 3088 327 3155 lormo
351 3104 502 3173 separato,
525 3089 602 3153 nihil
626 3088 709 3175 quod
727 3089 764 3153 od
780 3091 929 3156 rationem
943 3092 1025 3156 illius

90 3178 223 3244 formae
247 3184 401 3263 pertinere
430 3192 533 3263 posset
555 3179 584 3242 ei
607 3176 839 3256 deesse13sicut
866 3180 892 3244 oi
917 3179 1028 3246 albedo

90 3283 245 3353 separato
278 3281 369 3343 esset,
404 3265 480 3330 nihil
514 3266 598 3352 quod
633 3267 691 3334 suh
726 3269 843 3333 ratione
877 3268 1029 3333 albedinis

89 3355 379 3441 comprehenditur
402 3356 430 3418 ei
454 3354 610 3420 deiiceret.
635 3354 805 3441 Cujuslibet
839 3370 942 3422 nutem
976 3378 1029 3421 co·

88 3445 284 3528 gnoscihilis
308 3444 443 3529 cognitio
467 3446 524 3510 sub
548 3444 711 3511 universali
735 3447 853 3511 ratione
877 3446 1028 3531 cognitio-

88 3534 147 3600 nis
172 3534 360 3601 continetur.
384 3530 515 3623 Oportet
536 3534 629 3621 igitur
663 3534 730 3602 Deo
763 3535 877 3602 nullius
912 3554 1026 3623 cogno·
