2484 3975
223 215 289 281 pto
469 233 525 282 un
548 232 587 276 ru.
612 231 675 279 cte.
700 233 766 278 uun.
792 232 825 276 ur
850 232 928 280 uvrrr.

224 305 315 368 tradit
338 300 401 367 titio
425 302 552 388 parvulo
574 314 605 365 et
629 301 686 366 aiio
707 302 772 386 jum
796 301 910 379 adulto,
934 301 978 366 sie
1006 313 1037 366 et
1059 299 1153 367 Deus

223 404 430 477 congruenter
453 391 511 456 aliu
534 404 725 458 sacramenta
765 402 795 454 et
818 408 980 478 praecepte
1002 404 1075 456 ante
1100 393 1151 456 in-

223 481 434 546 carnationem
458 479 550 548 trudit
585 480 624 545 ad
663 478 899 562 significandum
934 479 1046 555 sutum,
1086 479 1151 546 alia

223 584 294 656 post
315 569 556 635 incarnationem
586 567 626 634 ad
660 567 871 635 exhibendum
907 567 1081 654 praesentia
1117 584 1154 634 et

222 656 496 723 rememorandum
520 658 693 744 praeterito.

289 747 384 830 Magis
407 759 512 810 autern
533 743 749 814 irrationabilis
784 757 829 810 est
867 743 1094 810 Nazaraeorum
1118 757 1156 812 et

222 835 434 902 ldelooitorum
457 854 545 898 error
566 831 634 921 (1),Ι
652 835 704 921 qui
716 850 906 900 sacramenta
931 833 1039 917 legatia
1052 835 1153 900 simut

223 944 294 989 cum
319 923 484 1008 Evangelio
506 923 651 989 dicebant
674 943 741 990 csse
764 922 926 988 serrendo:
942 923 1017 1008 quia.
1037 925 1154 1008 hujus·

222 1013 307 1078 modi
331 1033 418 1077 error
455 1013 542 1097 quasi
580 1013 733 1078 contraria
765 1010 918 1097 impurae
951 1015 1024 1077 dum
1061 1013 1153 1076 enim

222 1115 346 1165 servant
367 1100 542 1184 euangelica
566 1115 768 1177 sacramenta,
800 1100 983 1186 protiteotur
1006 1101 1154 1166 incarna-

224 1192 339 1254 tionem
363 1188 473 1254 etalio
497 1187 607 1254 Christi
633 1191 775 1275 mysteria
796 1191 860 1272 jaro
892 1209 960 1254 esse
998 1187 1152 1274 periecta;

223 1280 298 1342 dum
322 1292 424 1342 autem
448 1278 540 1341 etiarn
564 1292 756 1348 castanicula
769 1276 877 1362 legalia
894 1290 1026 1356 seruant,
1051 1279 1152 1364 proii-

224 1380 326 1432 tentur
348 1388 384 1432 ea
407 1385 476 1431 esse
497 1365 608 1431 sutura.

530 1543 703 1611 CAPUT
741 1543 842 1610 Lvttt.

326 1722 374 1788 De
395 1741 524 1788 numero
549 1732 818 1789 remunerarentur
838 1739 937 1786 mune
958 1721 1042 1807 lepis.

290 1899 367 1980 Quin
393 1919 480 1975 uero,
502 1912 535 1966 ut
567 1897 684 1966 dicturo
720 1913 767 1975 est
799 1899 850 1984 (c.
890 1897 974 1981 56¹),
1008 1899 1151 1965 remedia

222 1990 390 2075 spiritualis
413 1989 520 2055 suturis
542 1988 601 2055 sub
632 1990 728 2073 signis
750 1988 964 2058 sensibilibus
986 2003 1058 2053 suut
1093 1993 1152 2055 ito·

222 2077 358 2147 minibus
381 2077 501 2155 tradito,
535 2098 729 2162 consequens
761 2082 854 2143 etinur
893 2076 951 2143 suit
972 2090 1004 2162 ur
1038 2077 1152 2143 distin·

222 2180 390 2251 guerentur
425 2168 562 2232 remedio
596 2168 710 2251 aarum
744 2165 960 2251 provideretur
995 2166 1150 2251 spirituaii

221 2259 317 2333 uitae,
336 2254 509 2325 secuudum
533 2255 773 2323 similitudinem·
798 2256 877 2321 vitae
899 2254 1078 2340 corporalis.

289 2342 322 2407 ln
346 2345 406 2408 uita
429 2358 533 2411 autem
548 2342 704 2429 corporali
739 2342 893 2429 duplicem
931 2344 1073 2409 ordinem
1099 2344 1149 2409 iu-

221 2433 372 2500 uenimus
396 2432 479 2503 Sunt·
512 2435 596 2499 euim
633 2448 853 2518 propaporores
888 2442 920 2497 ct
953 2430 1153 2497 ordinatores

221 2520 390 2607 corporatis
413 2523 493 2595 vitae
518 2524 550 2589 iu
572 2520 652 2599 aliis,¹
687 2534 717 2585 et
740 2534 811 2587 suot
849 2521 901 2606 qui
936 2535 1151 2607 propagantur

220 2613 448 2678 etordr'nautur
484 2610 660 2679 muudum
685 2608 879 2695 eurpouuicru
915 2613 1021 2673 uitam.
1059 2608 1150 2676 Vitae

220 2698 499 2785 autern'eorporoli
522 2713 555 2766 et
576 2699 708 2765 traturaii
733 2699 787 2763 tria
810 2710 881 2763 sunt
904 2717 959 2783 per
980 2719 1019 2762 sn
1038 2718 1148 2763 raeces

219 2788 309 2864 saria,
326 2800 357 2851 et
368 2802 512 2872 quartum
537 2806 593 2873 per
615 2786 767 2855 accidens.
793 2784 1017 2872 coartarentur
1041 2787 1149 2873 priruo

218 2875 313 2960 quod,
339 2896 393 2960 per
416 2878 650 2960 generationem
673 2895 728 2940 seu
765 2876 962 2953 nativitatem,
1002 2896 1054 2939 res
1091 2876 1150 2941 eli-

218 2984 278 3047 qua
304 2967 396 3033 uitam
419 2966 561 3051 accipite
578 2964 722 3033 seeundo
740 2963 823 3048 qnod
848 2983 902 3049 pec
940 2978 1146 3047 aatpmcnurm

217 3051 257 3117 ud
282 3052 419 3119 debitam
442 3054 643 3139 quantitatem
667 3068 700 3121 ut
729 3054 825 3120 robur
861 3055 1028 3137 perseniae
1052 3056 1148 3118 tertio
1227 3054 1228 3073 *

217 3141 257 3205 ad
278 3144 544 3211 consecratorem
571 3142 651 3210 ritae
672 3162 728 3227 per
751 3143 987 3225 perieratiuncru
1005 3139 1149 3226 'adeptae

217 3239 248 3292 et
271 3230 310 3300 ad
326 3245 536 3315 augmentum.
555 3231 732 3315 perductae,
754 3245 801 3297 cst
839 3232 1049 3297 mensurnam
1083 3251 1149 3295 nu-

219 3320 408 3385 trimentum.
433 3318 467 3387 Et
500 3322 577 3387 naec
599 3320 727 3404 quddam
750 3329 820 3385 sunt
844 3338 902 3404 por
930 3338 965 3383 se
1002 3336 1148 3383 necessa-

270 3437 309 3504 (Ι)
326 3438 365 3489 Gi.
383 3440 415 3489 de
433 3439 474 3490 iris
490 3439 624 3493 erroribus
643 3438 669 3492 S·
689 3440 764 3507 Aup,
791 3435 824 3491 de
848 3436 967 3501 flueren,
985 3457 1006 3491 e.
1026 3438 1052 3505 93
1075 3438 1140 3490 Piti-

218 3507 304 3559 louctu
321 3516 347 3561 ct
365 3509 390 3562 S.
410 3508 540 3577 Epiphan-
