2484 3975
377 235 432 281 aas.
457 237 496 282 iv.
525 239 589 288 ctu.
612 238 678 286 axx.
703 239 740 286 ur
762 238 838 284 axst.
988 219 1053 284 aut

72 295 82 310 ’
130 305 247 384 bentia,
269 315 375 390 utpote
398 304 521 391 spiritus
547 307 727 394 prophetiae
740 321 769 372 et
783 306 971 396 hujusmedi,
985 327 1055 374 eva·

131 409 262 462 euentur
284 413 354 458 eum
379 395 497 459 venerit
518 397 601 482 quod
626 394 796 482 perfeetum
832 410 888 474 est,
921 397 1054 462 ebaritas

131 485 164 550 iu
185 483 239 549 iiio
262 480 457 568 perfeetionis
480 497 560 550 statu
573 483 756 550 remanebit.
769 521 814 533 -
830 485 869 549 Ea
887 504 960 549 reru
973 505 1055 572 quae

131 593 171 638 ex
194 570 321 658 epistola
343 570 469 636 loannis
492 572 616 643 inducta
639 585 711 638 sunt
734 572 804 639 iden
827 573 1053 659 dicunturquia

132 660 216 726 duna
239 659 368 746 Spiritus
402 658 505 726 Sancti
543 661 654 748 quibus
692 662 788 727 bomo
825 661 987 746 adoptatur
1022 663 1054 728 in

132 748 232 816 fliium
256 747 303 814 vel
327 747 497 814 renascitur
519 750 551 815 in
578 751 689 816 Filium
730 750 797 826 Dei,
837 751 1056 835 quantum'est

132 836 174 904 de
196 858 241 912 se,
264 850 379 902 tantam
403 837 520 904 babent
542 840 687 904 virtutem
711 839 793 924 qunti
817 837 1057 906 bominemsins

133 939 260 1015 peecata
273 944 457 992 conservare
470 943 608 1013 possunt:
621 947 678 993 nea
695 927 790 993 bomo
806 947 934 1013 peceare
958 939 1056 1013 potest

132 1015 305 1082 seeundum
328 1034 365 1077 ea
389 1015 505 1092 vivens3
529 1029 629 1102 potest
652 1030 754 1080 tamen
778 1031 883 1081 eontra
901 1037 937 1080 ea
961 1036 1056 1100 agere
1155 1035 1160 1044 ’

133 1115 165 1168 et
186 1102 227 1168 ab
250 1103 294 1168 eis
327 1101 517 1170 discedendo
553 1125 694 1190 peceare.
732 1103 782 1168 Sie
820 1107 902 1168 enirn
939 1105 1054 1177 dietum

132 1205 190 1257 est:
213 1191 282 1257 Nun
304 1202 406 1273 petest
424 1191 630 1278 peeeure‘qur'
653 1213 691 1258 eu
730 1195 795 1257 Deo
829 1206 921 1258 rantes
955 1194 1050 1269 esti

130 1280 253 1356 innan,
275 1278 306 1356 3,
329 1279 361 1356 9,
382 1279 461 1345 sieut
482 1282 507 1345 si
531 1282 687 1348 diceretur
732 1281 792 1348 und
817 1281 952 1346 eaiidum
991 1293 1053 1347 nnn

131 1381 232 1454 petest
255 1367 432 1452 infrigidare
454 1370 512 1453 (id
529 1384 632 1436 tamen
646 1301 728 1455 quob
742 1384 788 1436 est
801 1371 934 1436 eaiidum
954 1383 1054 1456 potest

130 1457 198 1524 {ieri
222 1455 379 1541 trigidum,
402 1470 433 1520 et
456 1458 499 1522 sie
522 1457 749 1544 infrigidata),
786 1461 833 1524 rei
858 1459 935 1524 sieut
958 1459 982 1522 si
1007 1459 1053 1523 di.-

130 1558 261 1647 eeretur:
284 1545 388 1610 iustus
410 1545 523 1630 injusta
547 1568 609 1612 non
635 1547 710 1632 agit,
731 1548 845 1614 suiiieet
869 1548 1050 1634 inquantum

128 1645 176 1698 est
193 1647 304 1720 gustus.

441 1721 739 1790 CAPUTLXXL

130 1901 222 1998 Queri
257 1901 346 1966 bento
365 1919 498 1984 preeunt
519 1912 589 1984 pest
611 1911 878 1968 sacramentorum
915 1901 1051 1986 gratiam

347 2001 449 2082 puteat
469 1989 660 2075 adpretism
683 1992 828 2057 eerrusrti.

196 2168 238 2233 Ex
262 2164 436 2253 praemissis
460 2181 564 2232 autem
606 2168 765 2254 apparebit
799 2168 929 2234 uiterius
967 2166 1051 2254 quod

130 2258 227 2322 bomo
250 2269 318 2342 post
352 2257 606 2321 sacramentalem
642 2258 770 2341 gratiam
806 2272 977 2343 surreptam
1019 2256 1049 2319 in

129 2361 290 2433 peceatum
314 2343 427 2409 cadens
453 2345 563 2409 iterum
576 2345 712 2431 reparari
737 2359 835 2430 potest
858 2346 896 2411 ad
909 2345 1049 2425 gratiam.

197 2433 235 2498 Ut
256 2433 340 2497 enim
375 2447 533 2498 ostensum
566 2445 623 2511 est,
662 2433 810 2519 quamdiu
845 2434 894 2498 bia
932 2434 1052 2510 vivitur,

129 2522 270 2588 veluntas
293 2521 448 2587 mutabilis
471 2534 517 2586 est
541 2522 711 2587 seeundum
725 2521 831 2585 vitium
845 2534 876 2585 st
896 2522 1050 2585 uirtutem.

129 2610 215 2677 Sicut
238 2610 331 2695 igitur
353 2624 421 2695 post
443 2624 599 2695 aeaeptam
623 2612 751 2693 gratiam
778 2622 877 2695 potest
913 2628 1051 2694 peecare,

129 2702 171 2765 ita
209 2714 279 2765 eta
313 2713 454 2785 peceato,
475 2714 507 2765 ut
530 2698 661 2776 videtur,
697 2711 795 2785 petest
833 2698 872 2762 ad
908 2700 1050 2763 virtutem

130 2788 245 2855 redire.
727 2840 729 2843 .
769 2842 771 2848 .

199 2876 286 2954 item,
308 2874 501 2942 Manifestum
517 2888 564 2941 est
577 2875 693 2941 bonum
706 2894 774 2940 asse
787 2876 941 2961 potentius
957 2874 1052 2951 maim

130 2986 204 3032 nam
228 2966 344 3031 malum
369 2985 431 3029 nun
454 2966 516 3049 agit
538 2965 595 3029 nisi
618 2965 729 3029 uirtute
744 2964 827 3041 boni,
851 2978 987 3048 utsupra
1005 2976 1051 3029 ast

130 3067 289 3120 ostensum
313 3052 359 3138 (l.
383 3054 414 3130 ὅ,
437 3074 463 3118 e.
488 3052 529 3119 ib
543 3057 567 3137 ).
589 3052 621 3117 Si
646 3052 736 3137 igitur
759 3052 899 3118 veluntas
917 3051 1051 3119 beminis

131 3164 149 3207 a
173 3157 258 3218 statu
276 3143 392 3227 gratiae
415 3161 470 3227 per
493 3141 822 3227 peecatumavertitur,
839 3140 1050 3225 multomagis

131 3251 188 3318 per
209 3234 339 3315 gratiam
364 3242 503 3314 potesta
526 3243 652 3316 peceato
675 3230 827 3295 revecari.

198 3319 317 3396 Adime,
335 3317 534 3383 immobilitas
547 3317 710 3384 voluntatis
726 3337 788 3382 non
802 3315 1050 3401 competitalieui

130 3408 280 3496 quamdiu
303 3419 349 3471 est
373 3408 404 3471 in
429 3408 486 3473 via.
511 3407 573 3476 Sed
597 3405 745 3493 quamdiu
770 3406 819 3471 bin
850 3406 944 3471 bomo
967 3404 1051 3479 vivit,
1161 3440 1168 3451 ·

132 3499 234 3565 estin
259 3497 306 3561 via
329 3495 474 3563 tendendi
498 3496 529 3563 in
554 3496 700 3563 ultimum
724 3494 831 3563 finem.
854 3494 922 3561 Nun
959 3495 1054 3580 igitur
