2484 3975
391 245 428 290 nu
453 245 574 292 untrtru
590 245 783 292 tnrnttscrns
983 225 1048 295 bib

122 328 234 382 nerent
257 312 361 402 plures
395 316 583 384 substantiae
618 312 848 392 intellectuales,
885 313 1047 384 destructis

122 403 316 491 corporibus,
339 419 520 489 sequeretur
552 403 637 490 quod
671 416 774 468 essent
810 404 936 481 otiosae,
969 407 1049 473 sicut

122 491 301 558 Aristoteles
324 492 532 579 (Metaplays,
555 494 605 575 9)
628 504 861 577 argumentatur
895 493 988 579 quod,
1021 495 1048 561 si

122 593 228 648 essem
250 581 442 646 substantiae
465 597 624 668 separatae
647 602 710 646 uon
733 595 892 647 motetrter
924 603 1048 670 corpus,

122 683 227 736 essem
250 671 377 746 otiosae,
399 671 424 736 si
447 669 527 736 bene
550 671 682 737 litteram
705 669 873 736 aristotelis
905 671 1048 739 conside·

122 771 240 835 rarent,
261 757 300 822 dc
323 757 402 824 lucili
428 774 551 844 possent
574 759 751 825 dissolvere.
767 757 844 824 Nam
860 759 1047 840 Aristoteles,

121 860 287 933 antequam
312 847 392 914 lianc
414 849 564 914 tutionem
583 849 716 923 inducat,
740 847 916 933 praemittit:
936 849 1048 931 «Qua-

122 955 157 1002 re
181 949 212 1001 et
234 935 418 1001 substantias
452 950 482 1001 et
516 939 664 1024 principia
699 935 867 1001 immobilia
902 951 946 1000 tot
978 957 1048 1004 esse

122 1024 272 1091 rationale
294 1037 339 1090 est
362 1025 528 1112 suscipere
550 1026 759 1092 necessarium
796 1025 880 1089 euim
915 1026 1048 1093 dimitta-
1078 1048 1081 1054 ’

120 1126 171 1177 tur
205 1111 382 1179 fortioribus
405 1114 557 1192 dicere»;
579 1136 617 1180 ex
641 1135 703 1201 qun
736 1125 819 1201 patet
856 1115 940 1198 quod
981 1118 1047 1201 ipse

121 1200 370 1289 probabilitatem
394 1204 561 1289 quamdam
584 1204 733 1290 sequitur,
755 1223 818 1267 non
833 1204 1047 1270 necessitatem

120 1290 246 1356 inducit.
270 1290 400 1370 Deinde,
422 1312 492 1357 cum
517 1293 650 1359 otiosum
672 1292 710 1357 sit
732 1291 816 1377 quod
840 1311 902 1356 non
932 1293 1046 1380 pertiu-

119 1380 162 1464 git
185 1379 224 1444 ad
249 1379 342 1444 linem
367 1379 405 1444 ad
429 1395 602 1466 quemvest,
625 1401 687 1446 non
718 1391 817 1467 potest
856 1379 914 1445 dici
952 1382 1046 1448 etiam

120 1467 318 1554 probabiliter
329 1467 412 1554 quod
424 1469 610 1534 substantiae
632 1484 790 1557 separatae
805 1482 908 1534 essent
919 1470 1047 1551 otiosae,

119 1558 144 1622 si
170 1577 232 1622 uon
257 1569 417 1622 moverent
440 1577 581 1645 corpora,
604 1559 662 1624 nisi
694 1557 773 1623 lorte
806 1557 925 1651 dicutur
961 1559 1045 1646 quod

121 1661 224 1711 motus
246 1661 410 1730 corporum
434 1646 494 1711 sint
517 1647 593 1712 fines
615 1647 855 1712 substantiarum
890 1662 1045 1733 separata·

121 1755 204 1812 rum;
228 1735 310 1822 quod
334 1746 380 1798 est
402 1736 529 1800 omuino
564 1735 763 1822 impossibile,
796 1754 869 1800 cum
902 1735 971 1800 linis
1007 1740 1047 1804 sit

122 1826 224 1910 potior
247 1824 295 1889 bis
318 1841 399 1909 quae
413 1836 484 1890 sunt
508 1823 546 1890 ad
570 1824 675 1889 linem.
693 1823 779 1889 Unde
795 1843 852 1888 nec
867 1823 1045 1893 Aristoteles

123 1911 239 1978 inducit
262 1911 344 1999 quod
358 1925 463 1977 essent
477 1913 604 1990 otiosae,
616 1913 641 1978 si
654 1933 717 1978 non
730 1928 891 1978 moverent
905 1934 1046 2003 corpora,

122 2001 177 2067 aed
200 2002 283 2088 quod
314 2020 475 2067 «omnem
510 2002 712 2069 substantiam
745 2001 966 2089 impassibilem
996 2026 1046 2073 se·

122 2090 259 2157 cundum
284 2108 321 2155 se
340 2091 492 2177 optimum
523 2091 617 2157 linem
651 2091 790 2157 sortitam
824 2110 893 2156 esse
926 2108 1047 2179 oportet

120 2181 286 2245 aestimare
307 2200 340 2255 »ς
362 2195 409 2245 ert
431 2180 513 2245 enim
532 2179 788 2267 perfectissimum
805 2180 1047 2270 uniuscujusque

121 2269 167 2335 rei
192 2281 307 2334 utnon
330 2267 433 2333 solum
456 2269 495 2334 sit
518 2269 549 2333 in
573 2290 607 2334 se
631 2269 760 2348 bonum,
781 2268 837 2335 sed
861 2281 895 2333 ut
929 2270 1048 2337 bonita-

120 2371 183 2423 tem
218 2356 249 2422 in
285 2355 352 2421 aliis
373 2371 486 2425 causet.
510 2356 577 2423 Nun
605 2373 672 2424 erat
704 2372 807 2423 autem
846 2356 1045 2427 manifestum

119 2445 252 2532 qualiter
272 2446 460 2511 substantiae
482 2459 643 2534 separatae
677 2459 838 2513 cantarent
874 2444 1045 2516 bonitatem

122 2536 154 2599 iu
177 2533 384 2609 interioribus,
408 2534 465 2599 nisi
489 2556 543 2621 per
567 2548 686 2601 motum
720 2534 896 2621 aliquorum
934 2554 1046 2623 corpo·

121 2643 203 2691 rum.
227 2622 314 2689 Unde
337 2640 374 2687 es
399 2622 458 2687 bon
481 2622 837 2710 Aristotelesquamdum
852 2622 1046 2710 probabilem

122 2715 274 2778 rationem
297 2711 434 2789 assumit,
457 2710 496 2777 ad
520 2713 746 2778 ostendendum
782 2714 866 2797 quod
889 2732 953 2779 nou
976 2730 1049 2782 sunt

122 2800 243 2888 aliquae
268 2799 458 2867 substantiae
480 2813 652 2889 separatae,
673 2799 732 2867 nisi
754 2820 834 2887 quae
866 2823 923 2890 per
945 2819 1047 2871 motus

122 2888 301 2955 caelestium
334 2908 499 2976 corporum
536 2888 780 2969 manifestantur,
812 2890 954 2976 quamvis
988 2892 1048 2959 boc

122 2977 335 3045 necessitatem
359 2997 424 3043 non
448 2977 570 3053 babeat,
598 2993 632 3043 ut
646 2978 775 3066 ipsemet
797 2978 880 3045 dicit.
897 2979 1046 3047 Concedi-

121 3086 192 3133 mus
215 3080 318 3133 autem
341 3064 425 3153 quod
448 3068 549 3135 anima
572 3066 709 3133 bumana
731 3087 749 3131 a
771 3086 903 3155 corpore
924 3088 1047 3157 separa·

122 3169 151 3221 ta
175 3156 354 3225 nonhabet
378 3154 519 3221 ultimam
543 3154 765 3243 perlectionem
800 3176 875 3222 suae
908 3172 1046 3241 naturae,

119 3244 254 3311 sumsit
277 3265 347 3332 pars
370 3256 500 3309 naturae
534 3244 701 3322 numanae
735 3243 818 3310 uulla
853 3246 938 3311 enim
975 3266 1046 3335 pars

121 3332 215 3399 babet
237 3331 449 3399 omnimodam
462 3330 696 3419 perlectionem,
712 3333 739 3398 si
754 3353 772 3398 a
787 3345 852 3399 tuto
873 3350 1044 3420 separetur.

121 3420 190 3489 Non
211 3434 315 3488 autem
339 3433 464 3509 propter
487 3421 546 3487 hoe
569 3436 615 3487 est
638 3419 761 3501 frustra,
794 3424 865 3509 quia
900 3442 965 3489 nou
997 3439 1046 3492 est

121 3511 410 3586 auimarbumanac
433 3508 503 3577 finis
526 3529 649 3579 movere
661 3530 784 3601 eorpus,
795 3510 851 3580 scd
862 3510 1046 3602 intelligere,
