2484 3975
438 239 512 285 vetn-
529 239 569 287 rr.
593 239 656 287 atr.
679 240 711 289 n.
1005 217 1040 287 ll

127 308 270 377 stamenti
306 308 554 393 frequentissime
591 311 755 376 invenitur.
793 309 912 377 Dicitur
950 310 1046 375 enims

125 401 223 466 Nemo
244 399 329 464 renuit
350 397 466 465 Filium
487 402 549 465 nisi
570 400 676 476 Peter,
712 418 807 483 neque
830 399 956 465 Patrem
978 401 1047 484 pais

126 492 222 568 nouit,
242 488 305 553 nisi
327 488 436 567 Filias,
458 486 565 554 Matth.
589 489 642 566 lh,
679 488 733 553 Ἠ.
769 485 890 566 adhuc,
925 487 1046 555 Marsus

124 598 216 644 suum
239 575 441 659 Euangelium
463 575 569 665 insipit
592 576 706 643 disens:
736 576 863 641 Iaititaa
885 577 1047 662 Eaaapelii

123 666 196 732 desa
223 666 348 745 Christi,
371 666 446 730 Filii
469 666 536 732 Dei.
559 668 694 733 loannes
720 666 814 730 etism
854 665 1045 751 Evangeiista

123 754 184 821 has
205 754 383 841 frequenter
405 752 548 835 ostendit;
571 755 684 821 dieitur
706 754 800 819 enim:
825 754 1048 842 Paterdih'pit

122 844 251 921 Filiam,
273 854 305 907 et
327 845 431 909 amaia
454 844 542 910 dedit
576 846 610 909 ia
647 862 743 908 manu
780 844 856 927 ejas
891 844 992 921 donn,
1016 844 1048 923 5,

122 932 176 1011 55,
198 945 238 997 et:
263 930 347 996 Siout
367 932 464 997 'Pater
500 934 630 999 suscitat
662 942 800 997 mortum
837 943 867 997 et
900 932 1046 1021 nidificat,
1147 948 1152 956 ’

121 1023 166 1086 sio
189 1031 218 1084 et
241 1020 339 1084 Filius
361 1041 436 1105 quos
456 1022 524 1087 uult
543 1022 800 1105 uiuificatloan,
813 1019 844 1099 h,
860 1021 914 1087 hl.
930 1021 1044 1090 Paulus

120 1109 212 1174 etiam
225 1108 386 1193 Apostolus
400 1112 476 1175 haee
490 1110 583 1177 verba
600 1110 778 1195 frequenter
794 1110 958 1190 interserit
972 1111 1045 1177 dieit

121 1198 213 1263 enim:
240 1196 422 1283 Seprepatas
445 1201 475 1263 ia
517 1198 716 1287 anttpeliam
752 1200 821 1276 Dei,
856 1200 939 1285 qaod
973 1212 1045 1265 ante

118 1288 307 1371 promiserat
324 1308 383 1371 per
406 1287 578 1371 Prophetas
601 1308 673 1353 sitos
694 1289 729 1352 ia
768 1287 937 1372 Seriptaris
970 1310 1042 1355 saa-

117 1376 177 1441 otis
212 1378 251 1441 de
273 1377 336 1463 fih'o
369 1398 435 1455 saa,
458 1376 546 1443 Rom.
587 1378 617 1451 h,
657 1377 724 1453 1-53
758 1391 799 1442 et:
837 1377 1044 1462 Maltifariam

119 1467 283 1549 multisque
319 1465 421 1530 modis
448 1466 523 1529 olim
563 1460 647 1531 Deus
684 1467 809 1551 loquens
843 1465 989 1550 patrihae
1010 1468 1043 1532 ia

122 1554 296 1636 Prophetis,
318 1554 481 1620 nouissime
502 1554 610 1618 diebus
631 1555 700 1619 istis
735 1556 854 1619 montiis
885 1567 934 1621 est
953 1556 1052 1622 nobie

123 1645 157 1707 ia
177 1644 269 1719 Filio,
292 1641 395 1721 Heba,
421 1644 450 1717 l,
475 1643 538 1709 tu.
562 1644 628 1708 Hor.
661 1644 754 1708 etiam
791 1643 932 1719 traditur,
971 1646 1043 1711 lieet

7 1766 9 1771 ·
124 1732 232 1812 tarius,
257 1733 288 1796 in
301 1732 456 1823 seripturis
471 1733 589 1798 Veteris
605 1731 803 1797 Testamenti:
818 1731 930 1798 dieitur
944 1735 1042 1799 enirn:

126 1820 215 1901 Quod
236 1840 345 1884 nornen
366 1832 414 1885 est
436 1822 511 1904 ejas,
533 1832 563 1885 et
584 1823 667 1905 qaod
688 1840 799 1885 nautea
831 1822 907 1886 Filii
929 1826 994 1908 etas
1015 1825 1043 1887 si

122 1908 221 1975 nostrl
242 1908 389 1974 Proverb.
414 1910 466 1988 hh,
489 1910 520 1986 t;
544 1921 574 1973 et
611 1910 733 1996 legitur:
775 1910 925 1976 Dominae
961 1913 1042 1978 aira

121 2000 164 2063 ad
185 2018 243 2062 me:
268 1998 366 2062 Filias
387 2019 473 2064 meets
496 2019 528 2063 es
553 2010 595 2078 ta,
617 1999 699 2065 Psal.
722 1999 753 2072 ἓ,
781 2001 813 2077 7;
850 2013 880 2064 et
902 2001 1040 2068 iterum:

2 2136 8 2165 ,
54 2169 55 2173 Ἰ
120 2087 191 2170 Ipse
212 2085 366 2152 iauoeaht't
387 2107 444 2152 me:
468 2089 562 2153 Pater
591 2109 679 2154 mens
715 2109 747 2154 es
781 2100 824 2166 ta,
857 2089 963 2162 Paul,
988 2091 1042 2168 88,

121 2177 173 2241 27.
196 2175 231 2241 Et
254 2176 394 2262 quamvis
416 2177 493 2242 haee
516 2177 578 2242 duo
602 2178 710 2243 ultima
745 2177 839 2242 rerba
862 2177 955 2264 aliqui
980 2180 1044 2244 uel·

3 2263 9 2275 '
80 2271 82 2276 ’
120 2264 184 2328 lent
207 2264 246 2329 ad
269 2285 394 2330 sensum
418 2266 512 2332 alium
536 2279 731 2353 retorquere,
753 2280 787 2330 ut
809 2267 892 2351 quod
922 2267 1052 2332 dieiturt.

121 2351 272 2416 Dominus
294 2354 374 2417 atra
398 2356 440 2418 ad
462 2375 520 2418 rae:
544 2355 643 2419 Filias
665 2375 752 2420 meas
773 2375 806 2419 es
830 2354 1041 2441 semipsum

7 2491 10 2498 ,
121 2438 218 2504 David
242 2438 401 2518 reseratur,
424 2441 507 2525 quod
531 2461 605 2506 vero
628 2443 749 2509 dieitur.
784 2443 855 2524 Ipse
888 2443 1043 2508 ianoeahit

121 2547 183 2592 me:
207 2527 302 2592 Pater
324 2548 409 2594 meas
432 2549 463 2592 es
487 2541 531 2603 tu,
553 2528 711 2595 Salomoni
727 2529 921 2610 attribuatur,
937 2545 1041 2597 tamen

122 2635 157 2681 eo
181 2635 261 2702 quae
283 2615 515 2701 sotijunguntur
538 2621 661 2704 utrique
683 2619 894 2684 hos‘omnino
926 2623 1042 2686 nonita
1115 2676 1118 2679 .

121 2725 188 2770 esse
213 2705 389 2770 ostendunt.
413 2704 520 2791 Neque
542 2705 626 2770 enim
650 2707 761 2772 Davidi
783 2721 883 2793 potest
919 2731 1044 2796 sompe-

120 2806 183 2859 tere
207 2794 290 2880 quad
314 2794 444 2860 additur:
468 2793 531 2882 Epo
564 2795 655 2860 hodie
688 2796 779 2882 penui
816 2806 854 2876 te,
891 2810 922 2862 et
955 2799 1040 2885 quod

119 2882 282 2948 subdtrure
300 2882 389 2948 Dabo
425 2881 480 2950 tihi
519 2895 622 2970 pentes
655 2884 855 2950 hereditatem
894 2897 989 2985 taam,
1012 2900 1043 2954 et

9 3006 12 3012 ·
115 2974 338 3056 possessionem
350 2984 436 3038 taam
452 2976 598 3038 terminos
614 2985 810 3051 terraneam
827 2972 895 3058 ejus
909 2995 1041 3060 regnum

119 3081 183 3125 non
199 3081 304 3148 usque
327 3060 365 3125 ad
389 3062 536 3128 terminos
559 3075 659 3127 terrae
689 3061 783 3128 luerit
815 3063 986 3140 dilatatum,
1009 3077 1043 3129 ut

119 3149 245 3216 historia
269 3149 338 3214 libri
356 3150 478 3236 Regum
496 3150 642 3228 desieram
658 3171 760 3237 neque
774 3152 865 3215 etiam
882 3151 1041 3218 Salomoni

120 3252 219 3324 potest
241 3237 368 3303 omnino
391 3251 569 3325 competere
591 3239 675 3325 quod
706 3240 827 3330 dieitur:
851 3240 934 3324 lpse
956 3241 1041 3305 iada·
1157 3282 1160 3289 ‚

120 3326 203 3391 eaht’t
223 3347 283 3390 me:
306 3326 401 3392 Pater
422 3347 507 3392 meus
531 3349 563 3392 es
588 3340 632 3394 tet:
656 3348 727 3393 sum
743 3327 902 3393 subdatur:
920 3329 1039 3394 Portam

119 3414 153 3477 ia
174 3417 329 3479 saeculam
341 3417 457 3481 saeculi
468 3437 571 3482 sernert
586 3420 663 3500 ejas,
678 3429 709 3482 et
723 3417 865 3481 thronum
880 3419 945 3502 ejas
958 3419 1040 3483 sient
1106 3452 1118 3472 κ

120 3503 185 3568 dies
206 3506 294 3570 oaeh'.
319 3502 406 3570 Unde
428 3504 519 3571 datur
541 3506 667 3593 intelligi
681 3505 776 3594 quod,
792 3506 863 3594 quia
881 3505 1038 3595 quaedam
