2484 3975
388 254 426 299 nn
451 252 571 299 narrare
586 253 778 300 inrntacrcs
977 235 1041 302 batt
1098 244 1127 298 g

117 324 224 408 ipsum
249 318 329 387 uniri
351 322 473 409 corpori
486 335 519 388 ut
531 323 673 399 incanam,
688 342 752 386 nan
768 320 892 408 quidem
906 322 945 388 ita
957 325 1041 410 quod

117 413 187 496 ipsa
212 407 391 474 intellectiva
416 411 550 497 potentia
573 412 612 476 sit
645 409 773 496 alicujus
806 412 912 494 organi
946 429 1042 491 aaran

116 499 176 565 sed
200 499 271 585 quia
294 511 341 562 ast
365 500 458 564 virtus
482 502 603 566 animae
625 519 706 589 quae
728 514 774 564 est
795 513 881 566 actus
903 502 1041 588 corporis

12 599 14 602 ’
116 589 237 675 physici
260 587 407 672 organici.

184 677 301 754 Adbuc,
323 675 493 743 secundnm
517 677 646 742 istarum
669 679 866 764 positionem,
878 676 1041 762 destpuun·
1108 700 1113 716 ¹

117 779 171 830 tur
195 766 319 831 nturalis
343 764 735 853 pbiinsnpbiaeprincipia.
748 766 945 832 Subtrahitur
957 767 1040 832 enirn

116 852 270 940 quidquid
292 867 339 918 est
362 854 392 920 in
405 854 504 919 nabis.
520 853 587 920 Nan
610 856 694 920 enirn
717 870 762 922 est
775 854 889 941 aliquid
905 856 936 920 in
952 855 1041 922 nabis

118 943 178 1008 nisi
196 963 251 1030 per
266 942 465 1020 voluntatcnn
478 943 560 1008 unde
573 958 604 1008 et
627 944 686 1010 boc
708 944 809 1032 ipsuru
833 943 1039 1010 valurrtarium

118 1033 231 1098 dicitur
242 1031 325 1118 quod
341 1033 372 1095 in
386 1033 473 1096 nobis
486 1047 540 1098 est.
555 1032 700 1099 Voluntas
721 1049 824 1100 autem
840 1036 871 1097 iu
884 1033 1040 1098 intellectu

118 1135 176 1200 ert,
192 1135 225 1185 ut
236 1134 318 1207 patet
334 1141 389 1208 per
404 1120 518 1186 dictum
542 1122 723 1201 Aristotelis,
746 1123 801 1207 (de
817 1121 936 1199 Anima,
946 1122 992 1207 5),
1010 1134 1040 1187 et

118 1210 246 1295 per‘bnn
261 1210 344 1295 quad
361 1209 391 1274 in
414 1209 589 1275 substantiis
604 1214 753 1298 separatis
769 1224 817 1277 est
827 1210 997 1276 intellectus
1010 1220 1039 1277 ει

119 1299 271 1376 salutatas,
289 1311 319 1362 et
332 1318 386 1384 per
402 1297 565 1364 bonatista
582 1299 664 1385 quad
677 1297 824 1386 contingit
835 1320 891 1386 per
901 1300 1040 1365 salutata·

118 1387 304 1472 temeliquid
318 1387 349 1451 in
361 1387 524 1453 universali
537 1408 642 1454 amare
655 1390 703 1456 rel
713 1387 1041 1465 odisse‚sieutadimus

119 1476 274 1542 latrnuurn
298 1495 406 1560 genus,
429 1489 462 1542 ut
492 1477 667 1541 Aristotcles
699 1477 772 1542 dicit
795 1479 826 1542 in
849 1498 904 1542 sua
928 1477 1040 1544 libetu-

114 1567 194 1630 rina.
218 1565 251 1632 Si
275 1566 366 1650 igitur
388 1564 560 1631 intellectus
581 1585 644 1631 non
668 1579 715 1632 est
736 1565 850 1652 aliquid
873 1564 964 1650 bujus
986 1566 1039 1631 bn·

121 1653 282 1720 minisve!
306 1674 367 1719 nna
391 1667 437 1718 est
464 1673 535 1718 vere
560 1673 656 1718 unuin
679 1674 751 1720 cum
773 1675 822 1733 ea,
857 1653 912 1720 scd
936 1656 1041 1721 unitur

121 1745 149 1808 ei
174 1743 274 1808 solutu
301 1763 355 1828 per
376 1741 589 1828 phantasmata
614 1744 661 1807 vel
683 1745 760 1808 sicut
780 1755 892 1821 motor,
907 1763 970 1808 nou
983 1745 1041 1810 crit

121 1831 153 1896 in
177 1832 236 1897 bac
258 1831 385 1896 banaiae
408 1830 557 1910 veluntas,
580 1833 635 1896 sed
657 1831 689 1896 in
711 1831 866 1897 intellectu
887 1847 1040 1918 separatu

121 1934 153 1985 et
175 1921 215 1986 ita
237 1920 287 1984 bic
311 1919 404 1984 boma
429 1939 491 1984 non
521 1920 582 1990 ,erit
605 1919 749 1986 damnas
771 1921 820 1988 sui
852 1937 955 1996 actua
983 1942 1041 1989 nec

121 2008 230 2095 aliquis
252 2030 319 2094 epus
342 2024 426 2075 actus
449 2010 506 2074 erit
539 2010 701 2076 laudabilis
738 2010 786 2075 nel
822 2010 1040 2098 vituperabilia

121 2099 204 2183 quad
228 2113 274 2163 cst
308 2098 455 2164 divellere
478 2098 626 2185 principia
659 2098 783 2165 moralis
817 2099 1039 2187 philosophiae.

121 2188 212 2269 Quntl
235 2208 306 2252 cum
329 2188 368 2251 sit
389 2186 557 2251 absurdum
581 2201 610 2253 et
634 2190 713 2253 vitae
739 2188 894 2255 laumense
916 2203 1039 2255 cantra·

119 2278 200 2341 rium
224 2276 316 2362 (non
339 2276 423 2341 enirn
447 2289 525 2340 esset
549 2296 675 2341 necesse
697 2276 850 2342 consiliari
873 2297 932 2343 nec
955 2276 1040 2361 leges

120 2366 201 2431 ierrc
218 2368 242 2449 )‚
265 2366 402 2450 sequitur
425 2364 508 2450 quod
542 2365 715 2431 intellectus
737 2365 783 2430 sic
805 2365 928 2431 uniatur
948 2365 1040 2432 nobis

120 2470 154 2521 ut
176 2475 247 2519 vere
270 2473 306 2519 ex
330 2474 368 2518 en
399 2466 429 2517 et
452 2452 540 2519 trabis
569 2452 621 2519 fiat
644 2474 752 2531 unum3
774 2453 859 2540 quad
881 2474 954 2519 vere
975 2475 1039 2521 nan

121 2556 308 2629 potestesse
332 2540 389 2607 nisi
413 2561 450 2607 ec
475 2541 568 2607 inodo
597 2564 660 2628 quc
694 2542 808 2607 dictum
842 2556 897 2621 cst,
936 2556 968 2607 ut
1001 2544 1041 2609 sit

119 2634 212 2699 etiarn
237 2630 371 2718 potentia
394 2631 516 2695 animae
539 2650 617 2716 quae
642 2632 747 2696 unitur
768 2632 858 2697 nobis
882 2645 915 2697 ut
930 2630 1042 2697 torna.

120 2720 311 2807 Relinquitur
332 2720 425 2805 igitur
458 2720 502 2785 sic
525 2720 641 2807 absque
662 2719 748 2785 anani
773 2720 971 2787 dubitatione
991 2735 1040 2786 te·

118 2809 267 2887 nendum,
289 2830 353 2874 unu
375 2808 477 2878 salum
512 2823 638 2895 propter
660 2806 877 2875 revelatiutem
900 2808 984 2888 fidei,
1007 2823 1039 2876 ut

120 2899 236 2977 dicunt,
257 2897 314 2963 sed
350 2898 421 2983 quia
456 2896 516 2963 bac
548 2897 731 2963 subtrahere
764 2913 810 2963 est
845 2898 900 2963 niti
933 2912 1040 2965 cantra

120 2986 281 3053 manifeste
310 2986 497 3073 apparentia.

188 3076 334 3142 Rationes
358 3095 431 3140 vera
454 3094 530 3160 quas
553 3074 584 3141 in
601 3074 787 3141 centrarium
803 3072 962 3141 adducunt
976 3095 1040 3145 nan

119 3162 244 3233 difficile
268 3178 313 3230 est
335 3164 466 3229 saltere.
490 3162 603 3248 Dicunt
624 3165 708 3229 eninr
739 3162 823 3249 quod
844 3183 883 3229 cx
906 3164 964 3230 bae
985 3184 1041 3251 po-.

119 3255 228 3321 ritiaue
250 3253 386 3339 seqnitur
409 3251 491 3337 quud
514 3252 687 3338 intellectus
709 3252 748 3319 sit
759 3250 858 3317 forma
870 3251 1039 3321 materialis

121 3357 151 3409 et
173 3364 236 3409 ann
265 3343 303 3408 sit
336 3340 489 3407 denudata
527 3340 567 3407 ab
601 3340 746 3407 omnibus
784 3340 900 3405 naturis
933 3360 1039 3408 rernm

119 3431 322 3509 sensibilium
344 3442 375 3496 et
398 3449 452 3517 per
475 3448 667 3515 consequens
679 3428 832 3517 quidquid
847 3429 991 3516 recipitur
1001 3431 1038 3496 in

120 3520 286 3603 intellectu,
306 3520 453 3607 recipitur
476 3518 554 3607 sicut
573 3520 606 3585 in
639 3518 767 3587 materia
798 3516 1042 3607 individualiter,
