2484 3975
367 265 369 276 ,
479 222 668 270 orssrnmrro
972 205 1031 271 aut

113 302 172 366 est,
193 304 227 356 ut
248 310 285 357 er
309 311 418 358 eorum
453 293 684 361 delinitionibus
707 291 851 379 inspectis
873 295 1038 359 manifeste

115 395 251 465 apparet,
275 382 462 469 impossibile
496 397 541 448 est
580 384 639 447 illis
663 381 818 467 principiis
855 401 934 467 quae
958 387 1037 448 ratio

114 469 293 535 naturaliter
314 472 471 555 cognoscit
494 472 683 560 praedictam
700 473 856 537 veritatem
877 472 947 536 lidei
961 493 1036 537 con·

115 569 238 622 tranum
262 579 330 624 esse
353 585 384 619 »-

179 644 267 711 llatio
288 649 427 734 sequitur
449 648 518 728 alia,
542 646 857 735 aptissimoexemplo
875 648 1035 716 illustrata.

112 730 252 821 Namque
283 763 296 793 ι
319 736 395 803 illud
419 737 512 817 idem,
535 738 634 824 inquit
657 736 802 822 Aquinas,
826 737 909 823 quod
942 736 1035 804 indu-

111 821 189 888 citur
211 824 243 888 in
265 825 405 892 animum
428 825 567 914 discipuli
590 846 611 898 a
632 825 762 890 docente
785 852 817 903 ι,
839 828 904 911 ipsa
943 853 956 885 ι
979 827 1035 892 do·

111 913 204 976 ctoris
226 913 352 978 scientia
376 916 522 995 continet,
549 913 606 980 nisi
630 915 738 979 doceat
763 913 843 992 licte3
878 915 961 1000 quod
995 917 1036 981 de

111 998 179 1065 Deo
202 1000 287 1067 nelas
310 1016 357 1068 est
383 1005 487 1069 dicere
521 1032 552 1070 ».
576 1003 665 1090 Atqui
698 1004 955 1090 «principiorum
981 1025 1036 1069 na·

112 1089 250 1154 turalitcr
270 1106 417 1157 notorum
440 1096 575 1179 cognitio
599 1093 687 1159 nobis
704 1092 849 1157 divinitus
865 1107 911 1157 est
927 1092 1037 1173 indita,

110 1197 182 1241 cunt
205 1180 271 1264 ipse
293 1182 378 1246 Deus
407 1182 445 1246 sit
482 1196 589 1248 auctor
623 1195 746 1247 nostrae
781 1196 963 1259 naturae»,
998 1203 1034 1247 ac

110 1266 261 1332 rationem
284 1268 449 1349 indiderit,
481 1292 561 1358 quae
597 1271 740 1336 ueritates
778 1270 941 1335 nonnullas
977 1291 1033 1357 per

107 1375 177 1419 sese
198 1356 297 1423 claras
320 1360 498 1425 immediate
528 1361 688 1445 cognoscit
712 1358 848 1444 aliasque
872 1374 1030 1445 praeterea

107 1443 226 1509 lumine
248 1448 386 1532 priorum
410 1449 613 1514 collustratos.
655 1448 759 1532 ltaque
801 1448 914 1513 «baec
949 1457 1033 1533 prin·

108 1534 187 1619 cipia
210 1535 411 1622 (omnesque
437 1539 578 1603 veritates
603 1556 679 1624 quas
703 1534 859 1601 naturales
895 1537 1032 1623 appella-

107 1628 204 1707 mus)
231 1627 323 1688 etiarn
357 1626 461 1691 divina
499 1626 656 1713 Sapientia
691 1626 836 1690 continet.
873 1624 1030 1710 Quidquid

107 1710 236 1794 igitur»
282 1713 461 1779 adversatur
506 1713 699 1802 «principiis
722 1741 737 1771 ι
779 1734 814 1777 ac
853 1715 1031 1782 veritatibus

114 1827 129 1857 ι
152 1797 354 1885 hujusmodi,
388 1817 434 1868 est
466 1803 589 1869 divinae
623 1802 797 1889 Sapientiae
831 1802 1032 1879 contrarium

105 1908 172 1953 non
194 1891 286 1974 igitur
308 1913 325 1955 a
350 1892 416 1957 Deo
451 1913 518 1959 esse
542 1906 652 1980 potest.
678 1891 718 1955 Ea
751 1891 844 1976 igitur
877 1910 956 1976 quae
994 1912 1031 1958 ex

106 1977 295 2044 revelatione
317 1980 418 2046 divina
442 1983 614 2069 perfidem
638 1994 797 2056 tenentur,
820 1999 883 2045 non
901 1997 1031 2069 possunt

104 2069 238 2132 naturali
261 2073 427 2154 cognitioni
452 2092 519 2136 esse
541 2073 695 2136 contraria
718 2097 749 2134 n.

172 2155 310 2222 Tertium
335 2159 450 2245 profert
472 2161 502 2226 S.
538 2160 675 2224 Thomas
711 2171 902 2222 momentum
938 2159 1030 2224 ratio·

101 2247 162 2310 nist
204 2274 219 2303 ι
251 2247 417 2313 Contrariis
452 2250 633 2328 rationibus,
670 2249 822 2334 inquiens,
857 2248 1030 2313 intellectus

101 2347 209 2400 noster
231 2334 343 2420 ligatur
372 2352 405 2403 ut
442 2338 481 2402 ad
515 2341 577 2402 teri
612 2338 821 2421 cognitionem
859 2335 1028 2420 procedere

100 2438 247 2509 nequeat.
270 2424 302 2488 Si
325 2426 418 2510 igitur
440 2428 612 2492 contrariae
650 2426 840 2510 cognitiones
875 2425 965 2490 nobis
1011 2446 1029 2490 a

101 2511 172 2576 Deo
194 2513 434 2580 immitterentur
456 2516 614 2602 (naturali
649 2520 752 2601 pervia
776 2512 885 2577 lumini
922 2513 1028 2591 altera,

101 2600 252 2666 etaltera
285 2603 478 2669 revelationis
517 2604 634 2670 lumine
672 2601 812 2689 innixa),
852 2621 889 2666 ex
927 2603 1027 2668 ltoca

100 2689 238 2755 ueritatis
261 2692 632 2776 cognitioneintellectus
670 2704 774 2758 noster
812 2690 1026 2776 impediretur3

101 2778 188 2863 quod
212 2801 229 2843 a
253 2779 412 2846 Decesse
435 2802 498 2847 non
523 2796 674 2868 potest».
705 2780 889 2865 Brylianum
924 2799 1028 2849 orons·

100 2877 221 2933 trusum
255 2884 467 2935 commentum
501 2871 541 2935 de
574 2870 646 2936 lidei
670 2889 773 2957 pugna
812 2888 883 2933 cum
907 2871 1027 2934 ratione

99 2954 356 3024 luculentioribus
378 2961 569 3044 argumentis
599 2980 694 3024 nenio
725 2955 854 3044 explosit
878 2978 1026 3044 unquam.

97 3043 179 3111 ilinc
201 3067 275 3111 uero
297 3046 505 3133 colligendum
530 3048 667 3114 Thomas
691 3047 792 3122 docet,
822 3065 1027 3132 «quaecum-

97 3153 162 3219 que
185 3151 368 3220 argumenta
392 3152 498 3203 contra
511 3136 584 3203 lidei
600 3135 742 3224 Mysteria
766 3151 930 3222 ponantur,
948 3136 1026 3202 baec

95 3242 136 3288 ex
160 3225 319 3314 principiis
342 3226 451 3313 primis
472 3242 602 3292 araturae
636 3225 752 3303 inditis,
787 3244 843 3310 per
876 3243 910 3288 se
944 3227 1026 3290 notis

93 3309 259 3400 (aliisque
296 3334 335 3379 ex
369 3314 547 3380 veritatibus
584 3313 806 3397 naturalibus)
844 3331 906 3376 non
942 3327 1026 3378 reete

93 3405 277 3488 procedere.
302 3403 390 3469 Unde
414 3424 472 3492 pec
495 3402 744 3469 demostrationis
772 3404 833 3467 vim
858 3400 1024 3478 haberent,

89 3491 151 3558 sed
174 3490 223 3558 uel
243 3507 316 3561 sunt
338 3493 473 3561 rationes
492 3493 671 3584 probabiles
704 3493 765 3583 (et
794 3493 1023 3579 apparentes),
