2484 3975
416 244 453 287 tu
477 244 550 288 euru
573 246 610 290 cr
635 246 767 290 essenus
987 224 1052 291 589

124 311 264 389 rjendam
287 310 455 377 dicendum
479 328 525 378 εει
548 313 622 398 quid
663 316 788 379 nominc
828 311 986 377 Esecutiee
1023 324 1055 378 ει

91 460 95 466 .
124 400 212 467 dotia
240 400 440 484 significetur,
463 414 495 466 et
516 403 674 487 quomodo
699 403 729 467 in
753 402 882 469 diversis
897 402 1056 469 inveniun-

125 542 290 595 virtualium.
309 539 430 609 inprime
444 546 484 591 εει
499 541 611 609 cognitio
624 542 848 611 quacognoscitur
860 541 1007 595 substantia
1028 543 1055 594 in

123 615 219 683 scipsa,
228 628 279 663 non
293 612 455 679 penetrando
465 618 562 677 tamen,
570 614 714 681 cicognitio
727 630 778 683 qua
784 614 948 681 cognoscitur
960 628 1056 683 corpus

125 692 271 754 utoorpus,
289 689 386 753 etqua
404 698 501 753 corpus
519 684 704 739 auimatumut
722 687 768 750 sie,
783 690 871 753 etqua
882 684 958 737 bomo
972 691 1002 737 ut
1020 686 1057 737 sie

125 772 228 825 semper
246 755 345 823 absque
368 756 560 823 penetratione,
578 754 647 807 idest
665 757 764 826 absque
782 756 830 807 boe
848 756 918 824 quod
928 756 1058 809 habeatur

36 851 39 857 ·
126 828 194 880 ratio
208 827 323 879 formalis
336 827 405 877 clara
418 832 444 876 ει
463 828 585 878 resoluta.
599 826 674 879 -ln
694 827 806 880 secunda
820 832 882 878 sunt
896 827 1059 895 cognitiones

127 899 264 969 oppositae
284 897 451 966 supradictis,
470 898 567 949 seilicet
587 914 640 967 qun
663 899 819 962 substantia,
835 905 861 949 ει
883 914 935 967 qua
962 914 1058 968 corpus

128 977 155 1022 ει
172 985 224 1039 qun
243 968 349 1032 animal,
367 975 393 1019 ct
413 984 465 1036 qua
485 968 563 1021 bomo
593 968 768 1039 quidditative
796 977 996 1035 cognoscuntur.
1022 998 1058 1009 -

128 1042 158 1095 ln
177 1042 256 1093 tertia
275 1045 337 1091 sunl
354 1040 514 1107 cognitiones
532 1040 630 1109 quibus
647 1041 805 1106 substantia,
828 1056 934 1109 corpus,
962 1054 1058 1111 corpus

126 1114 272 1166 auimatum
289 1117 315 1162 et
334 1112 420 1163 anima
438 1118 640 1179 cognoscuntur,
658 1128 710 1164 non
729 1112 907 1179 componendo
937 1128 996 1164 eum
1015 1113 1055 1165 in·

130 1183 281 1237 senioribus.
298 1212 333 1220 -
351 1180 381 1235 ln
398 1189 494 1250 quarta
512 1189 575 1235 sunl
589 1184 749 1251 cognitiones
767 1183 807 1234 bis
837 1184 981 1253 oppositae,
1009 1183 1060 1236 sei·

117 1258 189 1320 ,licet
206 1270 259 1324 qua
277 1251 425 1306 substantia
442 1252 496 1321 jum
515 1268 574 1305 eum
593 1256 647 1307 suis
675 1253 843 1307 interioribus
872 1254 988 1323 periente
1018 1271 1061 1307 co·

128 1327 271 1394 gnoseitur,
290 1326 470 1395 componendo
491 1330 576 1378 totum
608 1328 767 1379 universale.
795 1327 891 1377 seilicet
917 1342 974 1377 eum
1003 1323 1059 1380 suis

131 1398 259 1468 partibus,
277 1402 303 1447 et
320 1413 374 1466 qua
392 1413 488 1467 corpus
506 1397 627 1449 similiter
644 1414 705 1449 oum
724 1396 778 1450 suis
797 1397 919 1465 partibus
935 1392 1060 1471 subjecti-

133 1471 172 1523 eis
190 1467 361 1537 penetratum*
377 1474 403 1520 et
422 1470 458 1521 sic
477 1468 509 1519 de
527 1468 593 1521 aliis.

183 1540 248 1593 Cum
277 1549 364 1591 autem
384 1555 417 1590 ex
434 1540 510 1591 dietis
529 1545 618 1609 pateat
636 1539 707 1608 quod
725 1539 791 1591 ordo
809 1539 985 1607 cognitionum
1004 1555 1066 1592 oon·

130 1614 250 1667 iusarum
270 1612 412 1662 actualium
431 1612 478 1672 sit,
499 1611 542 1661 via
559 1610 677 1678 originis,
698 1612 770 1679 prior
800 1610 918 1673 coeteris,
950 1613 1065 1683 primum
1112 1601 1120 1621 ⁸

131 1678 266 1753 cognitum
285 1682 422 1734 inordine
439 1682 594 1751 cognitionis
612 1682 736 1734 contusae
754 1682 862 1735 actualis
880 1683 931 1732 erit
950 1678 1067 1753 primum

131 1756 264 1823 cognitum
283 1754 443 1824 simpliciter.
459 1772 473 1803 ιι
492 1752 524 1804 Ει
541 1754 633 1819 sic,eit
652 1750 801 1819 Cajetunus,
820 1759 872 1805 stat
889 1753 957 1805 inter
975 1770 1022 1806 nos
1040 1759 1068 1806 ει

133 1828 240 1879 Scotum
260 1824 400 1877 difficultas
419 1826 446 1877 in
463 1824 521 1889 hoc,
537 1839 570 1875 en
588 1826 616 1875 in
635 1825 729 1879 ordine
760 1825 915 1893 cognitionis
943 1824 1070 1877 couiusee

134 1899 256 1959 actualis,
278 1897 318 1947 via
338 1896 454 1965 originis,
472 1897 588 1966 primum
607 1898 741 1965 cognitum
761 1892 796 1949 sit
825 1912 881 1958 ens,
905 1912 939 1947 an
971 1893 1071 1967 speeies

135 1968 330 2041 specialissima.
348 1986 361 2017 ιι

188 2041 269 2093 Juxta
288 2039 404 2104 Scotum,
422 2039 539 2109 primum
558 2039 692 2106 cognitum
712 2039 857 2106 cognitione
888 2038 995 2091 contusa
1026 2055 1069 2091 ac·

135 2113 200 2166 tuaii
220 2119 259 2164 est
271 2113 369 2179 species
389 2112 583 2181 specialissima;
601 2112 677 2181 Juxta
696 2111 723 2162 S.
742 2111 879 2175 Thomum,
907 2125 952 2162 ens
983 2115 1022 2161 εει
1041 2111 1069 2162 id

134 2184 206 2256 quod
218 2183 360 2234 intellectui
370 2188 461 2234 nostro
474 2184 559 2252 primo
570 2183 738 2251 imprimitur.
749 2181 821 2233 Hanc
830 2182 1020 2234 conclusionem
1030 2181 1067 2234 sie

135 2255 231 2327 probat
249 2253 400 2320 Cajetnnus,
415 2254 573 2321 quibusdam
593 2254 790 2321 quaestionibus
821 2253 933 2322 praeviis
962 2253 1066 2305 solutis:

195 2344 210 2375 ιι
227 2325 375 2394 Conceptus
401 2325 643 2393 imperfectissimus
671 2325 786 2374 omnium
814 2330 854 2374 est
884 2325 993 2392 primus,
1025 2326 1066 2378 viu

136 2397 254 2466 originu3
270 2397 316 2448 scd
334 2404 475 2464 conceptus
494 2397 603 2448 actualis
622 2394 745 2447 contusus
764 2395 831 2446 entis
857 2399 896 2444 εει
924 2401 1065 2462 conceptus

137 2468 377 2538 imperfectissimus
394 2467 518 2532 omnium;
538 2483 601 2535 ergo
619 2473 659 2518 est
678 2467 787 2534 primus,
801 2467 840 2518 via
854 2465 970 2532 originis.
984 2467 1067 2533 Major

137 2547 220 2611 patet,
236 2540 299 2610 quia
316 2536 509 2609 imperfectiora
525 2545 588 2590 sunt
605 2537 703 2607 priora,
723 2538 763 2590 via
774 2537 947 2605 generationis
965 2535 973 2600 (
982 2535 1066 2590 Mala·

137 2612 227 2681 playn,
248 2610 274 2678 o,
294 2616 358 2664 text.
378 2626 470 2662 comm.
492 2607 524 2660 lb
537 2618 552 2676 ις
573 2611 659 2661 minor
677 2610 755 2660 etiam
775 2614 814 2660 est
833 2607 864 2658 de
896 2623 923 2660 se
951 2610 1066 2674 evidens,

140 2684 203 2752 quia
221 2685 305 2735 omnis
324 2683 390 2734 alius
408 2687 557 2748 conceptue
576 2697 635 2734 eum
649 2680 728 2732 addat
747 2680 779 2732 ad
810 2677 877 2730 entis
903 2685 1068 2750 conceptum,

140 2762 181 2807 εει
216 2754 337 2806 erieotior
357 2753 409 2815 illo,
427 2754 494 2803 sicut
512 2758 596 2803 totum
614 2768 662 2804 sua
682 2757 765 2820 parte.
784 2769 797 2799 ιι

113 2873 115 2877 ,
195 2772 225 2877 fn
243 2827 330 2894 primo
349 2824 382 2876 ad
402 2823 568 2875 Dialectieam
580 2823 773 2891 prolegomeno,
787 2819 1072 2890 CrescentiusKrisper

143 2896 278 2949 adversam
298 2895 405 2964 exponit
423 2895 580 2964 epimonem,
599 2893 639 2946 bis
659 2893 727 2945 Scoti
747 2893 835 2944 verbis
855 2893 970 2947 innixus:
991 2908 1004 2939 ιι
1017 2893 1074 2946 Pri.

144 2983 215 3019 mum
234 2968 371 3019 actualiter
390 2967 522 3034 cognitum
542 2965 657 3029 confuse,
675 2965 767 3017 ordine
780 2964 897 3030 originis,
916 2971 955 3014 est
976 2964 1075 3032 species

142 3038 337 3107 specialissima,
356 3033 432 3108 cujus
450 3037 583 3104 singulare
602 3035 730 3088 efficacius
750 3041 776 3086 et
794 3033 889 3086 fortius
919 3037 1004 3103 primo
1019 3051 1075 3086 mo-

143 3117 189 3160 vet
210 3125 326 3174 sensum,
345 3109 401 3161 sive
430 3109 465 3160 sit
496 3108 619 3173 audibile,
647 3107 703 3159 sive
728 3107 838 3170 visibile,
863 3107 917 3158 sive
943 3108 1078 3175 tangibile.

143 3179 333 3249 Quodcumque
350 3178 420 3231 enim
439 3178 603 3232 individuum
635 3177 729 3231 lortius
762 3184 848 3229 movet
876 3193 992 3244 sensum,
1020 3179 1078 3246 ejus

143 3252 242 3322 species
261 3255 347 3321 primo
365 3250 467 3318 cognita
486 3257 524 3301 est
544 3249 690 3318 cognitione
710 3249 827 3314 conluso3
846 3255 872 3300 ει
881 3250 929 3302 hoo
945 3249 1081 3318 supposito

143 3323 215 3392 quod
234 3324 366 3391 singulare
385 3324 429 3382 sit,
449 3321 583 3373 indebita
602 3322 784 3389 proportione,
805 3335 929 3388 praesens
948 3321 1043 3372 sensui.
1063 3339 1077 3370 ιι

146 3393 230 3459 (Scot.
249 3393 347 3446 Corum.
366 3396 393 3445 iu
413 3394 472 3444 libr.
495 3391 567 3444 Scnl.
588 3391 625 3445 Ι).
646 3391 670 3457 l,
690 3409 735 3462 qu.
755 3391 781 3458 5,
799 3392 823 3460 §-
845 3390 882 3458 ι.)

195 3464 275 3533 Quod
293 3467 329 3519 sic
347 3465 443 3534 probet
471 3463 636 3516 crescentius
668 3463 787 3531 Krisper,
815 3463 885 3515 Scoti
916 3462 1078 3530 argumentis

141 3542 230 3590 utens:
250 3554 264 3586 ιι
283 3537 441 3603 intellectus,
460 3551 510 3607 pro
529 3535 577 3589 boc
607 3542 688 3606 statu,
716 3536 748 3590 ad
774 3537 947 3604 coguitionem
970 3534 1077 3586 ducitur
