2484 3975
186 310 190 316 ¹
439 259 495 304 are.
519 258 556 304 rr.
581 257 644 308 etr.
668 258 694 302 ι.
963 241 1023 307 901

101 339 176 482 Em
198 347 277 404 sum,
300 337 331 392 et
351 326 383 389 in
403 327 540 410 pcccatis
563 329 701 410 concepit
725 347 773 392 mc
811 339 912 393 muter
949 351 1028 409 meu,

130 416 228 494 salm,
252 415 306 492 50.
328 415 360 486 7:
383 415 467 500 quod
490 436 553 480 oon
577 429 677 503 potest
700 414 826 500 intelligi
852 416 891 482 de
905 433 1030 504 peccato

102 504 225 583 actuali,
248 523 320 570 cum
345 504 442 569 David
466 525 503 568 en
527 503 669 588 legitimo
694 505 894 570 matrimonio
918 527 1029 573 conce·

103 605 173 678 ptus
198 606 229 657 et
244 607 333 658 natus
356 590 638 678 dicatur.·.0portet
661 593 755 677 igitur
778 605 812 660 ut
836 592 1028 684 hocadpec-

103 694 208 746 catum
232 681 383 767 originale
406 680 568 746 celeratur.

171 770 322 856 Amplius,
345 770 472 835 Dicitur:
499 772 575 850 Quis
605 781 708 855 potest
743 770 845 855 secere
880 774 1029 839 retundunt

104 858 144 922 de
165 859 326 923 immundo
348 870 525 944 conceptum
547 860 681 924 semine?
704 880 802 924 cronno
828 870 860 924 tu
882 863 935 945 qui
946 863 1031 928 solur

104 947 154 1012 es?
176 946 245 1024 lob,
270 947 323 1020 ld,
344 948 375 1012 i.
398 947 440 1012 Ex
463 967 525 1032 quo
544 945 708 1013 rnaniieste
719 948 815 1034 accipi
830 961 931 1035 potest
946 951 1030 1038 quod
1130 961 1136 984 ‘

106 1055 145 1099 ex
169 1035 363 1101 immunditia
386 1036 513 1102 humani
548 1036 674 1101 seminis
698 1035 799 1123 aliqua
834 1038 1029 1104 immunditia

107 1121 148 1187 ad
171 1123 331 1189 bominem
355 1145 392 1189 ex
416 1125 536 1190 semiue
558 1136 742 1211 conceptum
762 1127 929 1210 perveniam
945 1128 1029 1214 quod

107 1226 228 1297 oportet
253 1211 379 1297 intelligi
403 1212 442 1278 de
479 1212 674 1279 immunditia
711 1215 838 1301 peccati,
880 1236 936 1301 pro
969 1235 1029 1302 qua

107 1300 172 1365 sola
197 1300 292 1366 lmmo
314 1302 344 1366 in
366 1301 520 1387 judicium
536 1301 709 1376 deducitur3
723 1303 1031 1384 praemittiturenim:

106 1388 147 1452 Et
166 1389 293 1474 diqnum
315 1390 403 1455 ducis
425 1411 519 1474 super
541 1391 751 1475 brq'uscemodi
772 1392 897 1476 aporire
926 1395 1030 1460 oculos

107 1488 184 1554 tuos,
207 1489 236 1541 ct
259 1479 414 1543 adducore
436 1501 504 1545 cam
529 1492 626 1544 tecum
641 1479 675 1542 in
699 1479 871 1563 judicium?
892 1481 961 1561 lob,
979 1481 1030 1562 tt,

109 1567 140 1631 3.
164 1565 215 1632 Sic
239 1567 331 1651 igitur
354 1567 478 1654 aliquod
503 1582 661 1655 pcccamm
678 1568 822 1652 estquod
847 1570 942 1636 homo
957 1591 1029 1639 cona

108 1654 199 1721 trahit
222 1655 262 1720 ab
286 1655 350 1739 ipsa
373 1658 420 1721 sui
445 1659 575 1742 origine,
598 1655 683 1743 quod
692 1656 841 1740 originale
864 1658 984 1726 dicitur.

174 1743 261 1820 ltem,
285 1744 460 1830 Baptismus
492 1758 523 1810 et
555 1745 614 1809 alia
652 1759 844 1811 sacramenta
878 1747 1028 1814 Ecclesiae

108 1846 181 1897 sunt
203 1833 357 1918 quaedam
381 1833 518 1899 remedia
541 1847 647 1899 contra
672 1847 844 1920 peccatum,
882 1849 915 1902 ut
950 1835 1028 1904 inira

108 1921 235 2008 patebit.
259 1921 426 1988 Exhibetur
441 1937 544 1989 autem
561 1922 741 2011 baptismus,
757 1922 928 1990 secundum
944 1945 1029 1993 oom-

107 2029 236 2075 munem
249 2010 402 2076 Ecclesiae
417 2011 683 2089 cousuetudinem,
708 2012 810 2095 pueris
823 2027 964 2081 recenter
975 2036 1030 2102 na-

109 2098 159 2163 tis.
181 2098 306 2164 Frustra
328 2099 421 2185 igitur
443 2102 654 2179 exhiberetur,
677 2100 734 2165 uisi
758 2100 788 2165 in
813 2102 857 2167 cis
880 2117 960 2169 esset
975 2105 1031 2172 ali·

110 2186 194 2273 quod
219 2200 390 2274 peccatum.
415 2188 482 2254 Non
509 2202 556 2253 cst
590 2202 693 2253 autem
730 2189 761 2253 in
796 2190 840 2255 cis
870 2207 1029 2277 peccatum

110 2275 239 2352 actuale,
262 2277 333 2361 quia
356 2291 462 2342 casem
485 2300 541 2343 usu
580 2277 668 2342 liberi
702 2277 830 2357 arbitrii,
865 2281 931 2345 sine
952 2304 1030 2369 quo

109 2363 213 2428 nullus
236 2379 322 2429 actius
346 2365 464 2430 homiui
490 2368 520 2432 in
544 2366 666 2452 culpam
693 2366 869 2452 imputatur.
904 2367 1035 2457 Oportet

108 2452 202 2534 igitur
224 2452 327 2519 dicere
350 2454 380 2517 in
404 2456 448 2519 eis
485 2475 552 2520 esse
589 2468 749 2541 peecatum
789 2475 845 2539 per
880 2458 1034 2545 originem

108 2540 294 2620 traductum,
316 2562 386 2607 cum
412 2544 442 2607 in
466 2544 613 2631 operibus
628 2543 693 2607 uei
717 2555 748 2607 et
771 2542 924 2610 Ecclesiae
957 2548 1035 2615 nihil

108 2629 284 2695 sitvanum
308 2636 339 2695 et
362 2630 483 2698 trustra.
508 2668 552 2680 —
586 2631 618 2695 Si
654 2644 757 2695 autem
792 2631 914 2698 dicatur
951 2636 1035 2722 quod

109 2716 281 2805 baptismus
305 2718 472 2787 infantibus
496 2720 598 2799 datur,
623 2740 684 2785 nun
710 2732 743 2784 ut
767 2740 783 2783 a
809 2738 1036 2805 peccatomuu·

111 2806 235 2883 dentum
258 2807 313 2871 sed
339 2822 371 2873 ut
394 2809 432 2874 ad
471 2829 607 2893 regnum
649 2808 705 2873 bet
745 2811 935 2895 perveniant,
973 2834 1035 2900 quo

111 2894 265 2981 perueniri
288 2916 350 2960 non
375 2912 475 2984 potest
498 2900 565 2965 aine
588 2897 741 2983 baptismo
765 2898 852 2979 (cum
883 2900 1034 2968 Dominus

109 2983 201 3047 dicat:
225 2984 295 3049 Nisi
315 2986 384 3065 quis
406 2999 533 3052 renatus
554 2987 649 3069 facerit
672 3006 709 3050 en
743 3006 827 3070 equa
861 2999 890 3052 et
915 2989 1038 3073 Spiritu

113 3070 238 3149 Sancto,
260 3086 444 3157 computent
464 3076 593 3140 introire
615 3076 649 3138 in
671 3094 798 3159 requam
821 3074 891 3154 Dei,
914 3079 1001 3144 ioan.
1028 3130 1037 3158 ,

111 3160 146 3238 5,
168 3160 216 3246 b),
241 3161 299 3228 hoc
323 3183 435 3229 vanum
458 3180 513 3229 est.
537 3163 644 3228 Nullus
668 3164 750 3227 enim
787 3184 805 3228 a
844 3186 940 3249 regno
979 3166 1036 3234 Dei

111 3248 285 3315 excluditur
306 3251 366 3338 nisi
389 3266 513 3338 propter
535 3253 669 3339 aliquam
693 3251 827 3337 culpam.
852 3254 937 3319 Finis
953 3256 1037 3321 enim

111 3337 215 3402 omnis
238 3339 394 3405 rationalis
417 3356 576 3406 creaturae
599 3354 651 3406 est
672 3354 706 3406 ut
739 3340 779 3404 ad
818 3343 1038 3409 beatitudinem

113 3427 287 3511 perveniat,
306 3448 386 3514 quae
408 3450 476 3494 esse
499 3451 561 3494 non
586 3441 686 3515 potest
709 3428 767 3492 nisi
793 3431 823 3495 in
848 3452 946 3517 regno
970 3432 1039 3512 uei,

114 3514 199 3606 quod
215 3514 341 3601 quidem
365 3518 442 3584 nibil
464 3533 509 3585 est
525 3518 607 3586 aliud
632 3536 725 3607 quam
749 3519 889 3587 ordinata
911 3520 1039 3588 societas
