2484 3975
348 241 385 285 oa
407 241 593 291 suosrartrtts
615 243 769 290 sertnarts
943 222 1002 290 brt

94 309 203 389 salitate
225 320 298 375 sunt
320 309 541 400 determinatae
564 327 596 378 et
621 313 854 400 quodammodo
890 329 1012 382 contra·

93 414 175 478 ctae,
207 418 244 464 ex
268 400 326 464 boc
350 400 416 485 ipso
440 403 522 484 quod
546 424 563 466 a
587 402 790 486 singularium
815 402 1011 489 phantasma-

93 489 167 555 tibus
189 487 419 561 abstraltuntur;
443 505 474 554 et
496 493 540 556 sic
564 492 658 556 ltonto
677 560 680 565 ,
697 491 861 576 singularia
886 491 1011 577 quidem

91 578 241 661 cognoscit
264 596 485 662 pertaesum,
509 581 691 644 universalia
717 601 790 645 vero
814 601 869 666 per
892 580 1011 646 intelle·

91 679 179 743 erunt.
202 665 263 730 Sed
287 665 474 752 altiores(l)
496 661 760 736 intellectus'sunt
783 669 1012 735 universalioris

91 755 203 820 virtutis
226 755 255 818 in
279 757 517 838 cognoscendo,
552 772 585 823 ut
607 759 722 826 scilieet
746 779 800 846 per
831 757 1007 842 intelligibi-

91 843 148 910 lem
170 845 303 931 speeiem
329 858 494 930 utrumque
530 862 740 932 cognoscant,
775 860 805 912 et
839 846 1012 913 uniuersale

90 947 119 999 et
139 931 303 1017 singulare.

152 1021 293 1086 Secunda
317 1021 409 1086 etiam
433 1024 512 1090 ratio
543 1023 711 1093 efficaciam
734 1045 795 1088 non
813 1023 915 1090 habet.
932 1022 1012 1089 Cum

89 1111 168 1182 onitu
190 1111 302 1176 dieitur
325 1111 411 1196 quoti
432 1112 604 1178 intellectus
638 1127 685 1178 est
720 1112 866 1199 perlectis
900 1111 1010 1178 intelli-

88 1201 194 1282 gentis,
219 1201 278 1264 boc
301 1199 426 1283 quidem
451 1204 612 1267 ueritatem
629 1201 722 1266 babet
744 1202 914 1266 secundum
941 1221 1010 1287 spe-

85 1290 161 1353 ciem
193 1286 440 1372 intelligibilem,
462 1312 541 1378 quac
568 1305 614 1357 est
649 1291 748 1356 forma
782 1290 953 1356 intellectus
977 1291 1009 1356 in

87 1392 236 1461 quantum
262 1393 308 1442 est
331 1391 400 1442 actu
423 1379 617 1465 intelligens:
641 1401 703 1446 uon
727 1379 810 1444 enirn
827 1394 942 1446 ‘natura
966 1379 1009 1446 la·

84 1465 172 1552 pidia,
194 1486 274 1552 quae
297 1480 343 1530 est
366 1470 555 1547 materialis,
587 1481 634 1534 eat
658 1468 807 1556 perfectio
835 1465 1010 1534 intellectus

83 1556 222 1628 humani,
244 1555 299 1618 sad
323 1558 443 1640 speeies
469 1557 668 1641 intelligibilis
696 1557 847 1622 abstracta
871 1579 888 1624 a
912 1558 1008 1643 pban·
1051 1575 1058 1592 ⁸

84 1644 264 1709 tasmatibus
288 1664 346 1728 per⁴
380 1665 472 1729 quarn
513 1648 683 1712 intellectus
718 1645 858 1730 intelligit
897 1646 1007 1732 lapidis

83 1747 236 1798 naturam.
261 1729 390 1818 Oportet
416 1748 519 1798 autent
544 1736 649 1820 quod,
683 1755 754 1798 cum
783 1738 885 1800 omnis
909 1734 1006 1798 forma

84 1822 219 1888 derivata
241 1821 282 1884 alt
304 1820 409 1906 aliquo
441 1839 551 1907 ugente
575 1823 741 1909 procedat,
775 1837 1005 1906 agens-autem

82 1913 120 1978 rit
143 1909 354 1976 honorabilius
378 1913 511 1997 patiente
533 1932 587 1976 seu
612 1915 790 1999 recipiente,
814 1933 906 1976 niune
929 1911 1006 1976 illud

81 2020 178 2085 agens
198 2022 217 2066 a
239 2020 301 2085 quo
325 2000 495 2066 intellectus
512 2002 740 2086 intelligibilem
757 2002 850 2066 habet
873 2001 1005 2067 formam

80 2091 119 2153 sit
144 2089 307 2175 perfectius
331 2090 497 2166 intellectu3
520 2091 600 2155 sicut
624 2094 655 2155 in
681 2088 843 2156 'intellectu
867 2089 1005 2157 humano

80 2194 208 2264 apparet
231 2176 314 2263 quod
339 2178 511 2245 intellectus
545 2199 639 2263 agens
662 2192 708 2243 est
731 2178 865 2243 nobilior
889 2178 1008 2245 intelle*

78 2283 130 2331 ctu
155 2267 316 2355 possibili,
347 2268 398 2351 qui
423 2269 529 2353 recipit
551 2270 669 2354 speeies
706 2267 913 2353 intelligibiles
935 2282 1005 2335 actu

77 2357 118 2424 ab
143 2356 301 2422 intellectu
335 2371 446 2439 agente
480 2358 594 2431 lactas3
618 2377 679 2421 non
719 2370 822 2421 autem
847 2358 933 2443 ipsae
957 2378 1005 2423 res

76 2446 235 2510 naturales
259 2445 410 2528 cognitae,
433 2459 504 2509 suut
527 2444 682 2511 intellectu
698 2444 851 2531 possibili
875 2446 1003 2515 nobilio·

74 2554 138 2601 res.
157 2534 342 2619 Superiores
368 2549 472 2598 autem
490 2534 661 2599 intellectus
678 2533 864 2618 Angelorum
889 2536 1006 2621 speeies

73 2623 287 2708 intelligibiles
309 2624 501 2708 participant,
525 2624 571 2687 vel
588 2626 627 2689 ab
641 2623 727 2699 ideis,
743 2622 913 2689 seeundum
940 2624 1004 2709 pla-

74 2714 210 2787 tonicos,
234 2712 282 2777 vel
305 2734 323 2776 a
346 2713 445 2797 prima
467 2712 636 2778 substantia
671 2732 750 2799 qnae
773 2712 935 2791 Deusest,
959 2732 1007 2780 se·

71 2801 217 2874 curidum
241 2800 324 2887 quod
348 2820 540 2888 consequens
563 2816 610 2867 est
637 2801 676 2867 ad
701 2800 868 2888 positiones
895 2802 1013 2873 Aristo·¹

72 2889 146 2956 telis
170 2904 203 2955 et
224 2890 302 2956 sieut
331 2912 364 2955 se
388 2891 431 2955 rei
464 2891 577 2955 veritas
612 2890 715 2955 babet.
740 2888 865 2976 Species
902 2906 1005 2959 autem

70 2978 280 3063 intelligibilis
303 2978 476 3046 intellectus
499 2978 606 3057 divini,
621 2999 676 3064 per
699 2999 793 3066 quarn
825 2980 929 3045 omnia
954 3000 1006 3045 eo·

68 3068 220 3151 gnoseit,
251 3088 314 3133 non
337 3080 384 3131 est
407 3066 489 3131 aliud
514 3087 606 3154 quam
631 3068 697 3151 ejus
721 3068 899 3145 substantia,
924 3088 1005 3154 quae

66 3169 119 3222 eat
142 3176 238 3231 suum
261 3155 453 3241 intelligere,
490 3170 522 3222 ut
559 3177 652 3243 supra
691 3155 859 3242 probatum
880 3169 926 3221 est
949 3178 1005 3243 per

65 3245 171 3311 verba
196 3244 382 3331 philosophi.
407 3244 493 3310 Unde
513 3246 712 3332 relinquitur
736 3244 820 3331 quod
847 3243 1005 3313 intellectu

63 3333 183 3401 divino
205 3335 282 3407 nibil
301 3336 386 3401 aliud
419 3336 458 3401 sit
479 3335 570 3400 altius
605 3354 662 3421 per
696 3334 780 3419 quod
803 3331 1016 3420 perficiatura,

126 3455 173 3527 (l)
191 3456 233 3509 lta
248 3456 429 3524 corrigendam
452 3456 576 3509 duximus
600 3470 765 3507 communem
782 3454 919 3509 lectionem
938 3470 1006 3526 quae

61 3548 111 3597 res
132 3530 294 3615 inuitentur,
313 3529 402 3601 babet,
420 3544 539 3599 quaeque
557 3527 663 3619 nullum·
676 3525 822 3618 praesefert
836 3541 951 3593 aeneum·
974 3603 981 3615 „
