2484 3975
335 227 372 272 nn
396 226 470 273 ana
492 228 529 272 aa
551 228 687 273 ossanna
908 210 972 277 tue

67 295 128 359 erla
149 291 353 372 subsistentes
370 318 431 362 non
454 297 537 360 enim
561 296 661 361 forma
684 296 856 362 seeundum
876 310 974 367 tutum

67 405 151 468 genno
172 404 260 454 suum
284 387 410 451 materia
435 384 561 469 indiget,
586 402 619 450 ut
642 385 758 451 dictum
782 400 839 464 esu
862 401 893 453 et
917 389 978 455 bu·

71 471 181 539 wlnod
204 472 322 538 formae
343 489 416 540 sunt
438 473 668 557 intelligentiae:
704 486 736 539 et
759 474 831 539 ideo
855 496 916 540 uon
941 498 978 541 o·

67 575 151 627 iuuet
172 573 204 625 ut
225 564 377 627 essentiae
400 563 448 628 val
485 563 673 649 quidditatee
696 562 807 628 lautum
830 565 975 631 substau-

69 653 161 715 iarum
183 651 242 715 siut
263 652 349 717 alind
371 673 463 736 quam
486 652 551 738 ipsa
576 652 688 717 forma.
734 694 736 699 -

117 740 148 803 lo
171 740 228 805 hoe
249 760 325 824 ergo
347 739 452 807 differt
474 742 606 805 essentia
630 740 820 806 substantiae
846 762 974 828 eompu-

70 829 125 892 itae
146 843 175 894 et
195 829 382 894 substantiae
404 830 551 916 simplicis
574 828 658 917 quod
682 830 813 896 essentia
831 831 974 896 substan·

67 918 112 981 iae
135 919 321 1004 compositae
344 938 407 984 oon
446 934 565 985 tantum
601 918 735 983 formam
759 939 817 984 nee
855 934 975 985 tantum

67 1006 214 1083 nuteriam,
238 1006 293 1070 aed
316 1006 447 1072 formam
482 1023 514 1073 et
550 1008 711 1073 materiam
748 1008 973 1095 complectitut3

69 1096 176 1159 atentia
199 1114 271 1160 vero
294 1097 483 1163 substantiae
505 1096 651 1183 simplicis
664 1108 709 1160 est
723 1095 823 1161 forma
843 1111 972 1163 tantum.

67 1183 85 1246 :t
107 1203 142 1247 ex
165 1184 222 1249 hoo
244 1200 408 1251 causantur
430 1186 512 1253 dnae
549 1186 629 1251 aliae
663 1183 865 1251 differentiae.
882 1222 925 1235 -υ
939 1187 974 1253 Et

70 1292 108 1335 na
124 1285 168 1336 est
190 1272 273 1359 quod
295 1274 426 1340 essentia
451 1275 640 1342 substantiae
663 1276 853 1361 compositae
869 1289 973 1359 potest

67 1361 206 1443 ignifioati
231 1376 264 1425 ut
286 1376 384 1428 totum
409 1366 458 1431 vel
480 1380 512 1430 ut
528 1386 610 1451 pars,
624 1362 707 1449 quod
723 1363 833 1429 aooidit
849 1377 974 1451 propter

67 1451 193 1514 aetesiae
222 1452 482 1535 designationem,
505 1467 538 1520 ut
561 1454 677 1517 dietum
702 1466 758 1527 est;
781 1467 810 1517 et
825 1452 896 1523 ideo
911 1474 973 1518 non

68 1539 277 1605 uomodolibet
300 1542 494 1627 praedicetur
509 1542 641 1607 essentia
660 1542 704 1606 rei
730 1542 919 1627 compositae
935 1543 975 1607 de

67 1650 106 1692 ue
130 1648 165 1693 re
187 1630 370 1715 composita;
394 1652 455 1696 non
480 1634 562 1696 enim
586 1644 686 1716 potest
702 1630 761 1695 dioi
778 1631 861 1715 quod
878 1632 973 1696 homo

70 1730 80 1779 t
102 1716 255 1802 quidditas
278 1740 344 1783 sua.
368 1719 430 1785 Sed
453 1720 585 1787 essentia
614 1719 660 1782 rei
695 1719 853 1805 simplicis,
891 1740 971 1805 quae

67 1820 87 1869 tt
109 1826 163 1871 aua
187 1805 299 1886 forma,
322 1830 384 1873 uon
408 1824 508 1895 potest
529 1808 697 1893 significari
720 1808 778 1872 nisi
803 1821 836 1871 ut
861 1821 974 1886 totum,

68 1915 112 1958 tui
139 1895 216 1960 nihil
238 1897 279 1961 sit
300 1896 342 1961 ibi
368 1913 491 1983 praeter
530 1897 675 1974 formam,
714 1897 800 1983 quasi
838 1897 973 1963 formam

67 1984 203 2068 acipiens:
226 1999 257 2049 et
281 1984 363 2065 ideo,
390 2007 588 2074 quocumque
624 1986 719 2052 modo
753 2001 893 2054 sumatur
927 2008 993 2075 eeg

67 2072 138 2136 antia
162 2074 351 2139 substantiae
373 2077 530 2162 simplicis,
553 2076 592 2141 de
615 2095 651 2140 ea
670 2075 873 2161 praedicatum
890 2078 975 2142 uude

67 2161 196 2226 vieenna
220 2162 397 2250 dicitquod
422 2165 575 2251 quidditae
610 2164 798 2230 substantiae
827 2166 974 2251 simplicis

67 2264 86 2312 it
111 2251 280 2336 ipsummet
302 2253 443 2338 simplex,
466 2256 536 2340 quie
560 2274 623 2318 non
656 2267 703 2318 est
734 2254 859 2341 aliquod
894 2254 973 2320 reoi-

67 2359 130 2402 eos
155 2341 322 2425 ipsen-
337 2340 480 2408 Secunda
504 2342 677 2407 differentia
701 2357 758 2421 est,
781 2344 852 2428 quia
878 2363 913 2408 eu
938 2364 976 2410 eo

67 2427 125 2491 nod
151 2431 304 2495 esseutiae
329 2451 434 2496 rerum
459 2433 700 2517 compositarum
733 2433 923 2518 recipiuntur
946 2433 977 2498 in

68 2517 170 2580 aleria
195 2518 356 2604 designata
379 2521 428 2586 ael
462 2520 705 2607 multiplicantur
738 2521 909 2586 seeundum
934 2522 979 2587 di-

67 2608 193 2671 sionem
218 2607 298 2694 ejus,
320 2609 470 2694 contingit
492 2609 576 2694 qnod
598 2609 700 2694 aliqua
724 2611 784 2674 sint
808 2609 889 2674 idem
907 2631 975 2697 epe·

67 2708 139 2758 eet
163 2695 286 2761 diversa
310 2718 452 2763 numero.
476 2697 549 2775 Sed,
581 2719 653 2762 aum
693 2699 826 2763 essentia
861 2701 978 2784 simpli·

67 2803 121 2847 um
148 2805 214 2848 non
238 2787 276 2850 sit
299 2803 421 2872 reoepte
444 2787 476 2852 in
499 2787 639 2865 materia,
662 2805 725 2850 non
742 2799 842 2874 potest
856 2787 978 2868 ibiesse

67 2871 105 2937 lis
123 2873 355 2959 multiplicatum
378 2888 409 2940 et
432 2875 501 2941 ideo
526 2897 588 2940 uon
613 2889 735 2962 oportet
771 2876 855 2962 quod
893 2878 977 2948 inve·

67 2974 166 3025 autur
191 2961 282 3048 plura
305 2963 462 3029 individua
492 2965 585 3029 unius
623 2964 735 3050 speciei
770 2965 800 3030 in
824 2965 883 3030 illis
907 2968 978 3034 sub·

67 3049 173 3115 antiis:
197 3051 252 3116 sed
275 3067 427 3138 quotquot
451 3069 521 3118 sunt
544 3053 715 3133 individua,
748 3067 792 3118 tot
815 3067 887 3119 aunt
909 3077 979 3143 spe-

67 3159 110 3216 eS,
137 3152 174 3204 ut
200 3140 357 3206 Auioenna
382 3143 455 3207 dieit
478 3162 631 3228 expresse.

101 3226 300 3313 llujusmodi
324 3251 400 3315 ergo
424 3230 615 3297 substantiae
631 3231 771 3318 quemuis
783 3231 845 3296 sint
861 3229 980 3299 formae

67 3335 100 3378 ie
127 3319 275 3395 materie,
301 3339 364 3383 non
389 3333 491 3385 tannen
516 3319 547 3383 in
571 3321 618 3384 eia
641 3332 687 3384 est
711 3320 890 3386 omnimoda
907 3324 979 3387 sim·

67 3406 169 3482 fuitne,
197 3427 256 3471 nee
277 3422 350 3472 sunt
372 3423 457 3474 aetus
480 3410 559 3497 puri,
582 3409 637 3474 sed
661 3408 775 3474 habeut
799 3409 979 3494 permixtio·

67 3513 107 3560 nn
135 3496 311 3581 potentiae
349 3510 381 3562 et
403 3497 463 3563 noa
496 3498 540 3564 sie
566 3510 660 3586 patet.
700 3497 859 3586 Quidquid
895 3500 978 3566 euim
