2484 3975
212 199 281 270 ret
592 218 764 266 nnuscuneu
870 213 874 252 ῑ
984 283 987 288 ,

215 292 395 371 voluntatis,
418 313 434 356 a
456 312 513 356 auo
536 292 686 377 principio
709 301 780 354 sunt
794 307 939 364 .arersae;
962 288 1088 353 ethaeo
1111 289 1144 354 in

213 381 350 447 deterius
374 381 563 454 deiecerunt,
586 381 739 472 quaedam
762 377 841 464 plus,
856 379 1009 462 quaedam
1026 381 1145 458 minus,

215 472 256 536 ita
280 484 314 535 ur
338 473 413 535 base
429 471 520 534 luerit
535 489 701 555 corporum
718 466 989 553 producendorum
1006 469 1143 546 oceano,

212 571 248 624 ut
285 559 330 624 eis
368 557 585 624 immateriales
623 555 811 622 substantiae
845 557 884 619 ab
915 555 1026 619 ordine
1064 557 1141 620 boni

213 667 341 712 aversae
378 648 586 732 alligarentur,
624 647 710 732 quasi
750 663 847 730 usque
884 642 923 708 ad
959 643 1141 710 inferiorem

215 749 359 802 naturam
398 737 569 824 prolapsae.
607 734 695 799 Unde
733 748 763 799 et
798 745 891 796 totam
930 732 1142 798 diversitatem

211 841 390 912 corporum·
405 826 527 890 dicebat
559 823 729 910 precedere
751 841 788 886 ea
811 822 985 886 diversitate
1020 822 1140 886 inordi-

213 913 349 980 nationis
371 912 539 979 voluntarii-
564 927 668 978 motus
696 911 905 976 immaterialis
939 912 1143 988 substantiam

214 1014 245 1068 et
268 1023 348 1088 quae
369 1003 472 1067 minus
497 1002 596 1066 allen
620 1021 745 1066 aversae
776 999 899 1064 luerunt
933 1000 1141 1065 nobilioribus

216 1093 398 1176 corporibus
431 1091 641 1175 alligarentur:
668 1109 747 1176 quae
771 1105 872 1152 autem
887 1092 994 1172 iungis,
1018 1090 1141 1172 ignobi·

215 1179 355 1245 lioribus.

281 1267 378 1354 llrtjas
401 1281 504 1340 autem
538 1263 697 1354 positionis
720 1265 805 1333 ratio
828 1285 905 1330 vaua
926 1279 984 1340 est,
1007 1283 1038 1330 et
1072 1266 1140 1354 ipsa

215 1356 326 1442 positio
352 1357 559 1442 impossibilis.
849 1365 850 1368 ’
935 1398 937 1409 ·

282 1445 378 1530 Cujus
394 1446 522 1531 quidem
546 1444 797 1531 impossibilitatis
820 1445 897 1508 ratio
920 1442 1014 1528 aenipi
1041 1455 1144 1529 potest

213 1533 323 1599 atthis
346 1553 425 1620 quae
445 1533 509 1618 jam
532 1533 684 1598 diximus.¹
710 1534 832 1598 Dictum
857 1546 903 1597 est
936 1535 1018 1596 euim
1043 1543 1140 1617 supra

214 1623 389 1708 spirituales
411 1625 595 1688 substantias
626 1623 843 1687 immateriales
866 1639 942 1687 esse.
977 1621 1008 1684 Si
1046 1622 1141 1704 igitur
1228 1637 1229 1646 ¹

213 1711 247 1776 in
268 1713 314 1776 eis
334 1714 373 1776 sit
400 1712 501 1797 aliqua
535 1713 705 1790 diversitas,
727 1725 848 1798 oportet
881 1709 964 1796 quod
1004 1711 1064 1774 bne
1101 1711 1141 1773 sit
1228 1753 1229 1788 z

216 1800 387 1866 renaudum
407 1799 571 1870 formalem
586 1800 799 1864 differentiam.
817 1799 851 1864 ln
875 1801 921 1863 liis
935 1812 1039 1863 autem
1058 1817 1140 1884 quae
1228 1813 1229 1830 ¹

215 1888 337 1953 lormali
362 1889 534 1953 differentia
558 1889 713 1968 dilleruut,
735 1888 904 1974 aequalitas
927 1887 1056 1951 inveniri
1074 1905 1139 1950 nnn

214 1992 329 2064 potesta
354 1975 483 2065 Oportet
505 1978 588 2042 euim
611 1998 737 2043 omnem
754 1975 916 2043 lor-malem
932 1975 1141 2041 dilieremiam

215 2066 256 2151 ad
279 2068 410 2154 primam
433 2068 657 2153 oppositionem
681 2068 799 2146 raduni,
821 2088 900 2153 quae
923 2080 969 2130 est
991 2066 1140 2151 privatio-

214 2156 266 2220 nis
290 2156 329 2221 ad
355 2155 497 2220 lormam.
513 2155 615 2220 -Unde
639 2158 778 2221 omnium
803 2154 971 2221 formaliter
993 2153 1143 2237 diberen-

215 2245 296 2309 tium
335 2258 444 2309 natura
480 2245 572 2308 unius
611 2244 789 2331 imperfecta
829 2245 961 2310 existens
994 2255 1141 2327 respeetu

216 2333 353 2409 alterins,
377 2353 410 2398 se
433 2333 526 2397 babet
547 2333 586 2397 ad
611 2334 712 2420 ipsum
736 2333 906 2399 seeundum
925 2332 1140 2396 habitudinem

111 2426 113 2430 '
199 2424 394 2508 ‘privationis
417 2422 455 2485 ad
493 2421 637 2499 lnrmam;
659 2424 720 2487 bne
753 2435 857 2489 autem
891 2422 926 2485 in
959 2420 1142 2485 diversitate

215 2512 389 2597 spaniarum
413 2510 503 2576 nobis
525 2525 667 2575 notarum
698 2522 834 2597 apparet.
858 2510 908 2575 Sin
942 2510 1034 2594 igitur
1067 2529 1141 2595 spe·

215 2602 334 2666 elerum
356 2601 559 2664 differentiam
577 2600 809 2671 inanimalibus
832 2610 862 2663 et
885 2598 995 2685 plantis
1017 2612 1048 2663 et
1071 2616 1140 2663 rne-

212 2687 295 2753 tallit
315 2701 348 2752 et
382 2689 541 2753 elementis
580 2688 753 2753 invenimus
787 2688 959 2753 seeundum
980 2684 1140 2751 'ordinem

214 2791 344 2841 naturae
367 2779 545 2863 proaedere,
563 2790 601 2846 [ut
624 2776 770 2863 paulatim
793 2778 832 2841 ab
856 2775 1078 2864 imperfectiori
1100 2777 1142 2861 ad

214 2864 475 2951 perfectissimum
493 2880 600 2929 ualere
617 2878 792 2948 nouemque
806 2866 888 2951 quud
902 2868 993 2946 etiam
1011 2878 1143 2950 apparel

213 2960 247 3022 iu
269 2955 432 3041 speciebus
453 2954 594 3019 nolumus
617 2968 649 3017 et
670 2972 817 3040 saporum
841 2968 876 3019 et
895 2953 1024 3017 aliarum
1039 2954 1139 3017 sensi·

213 3042 334 3109 biliom—
350 3043 599 3131 qualitatum-lu
634 3043 687 3107 liis·
716 3059 789 3107 vero
824 3062 904 3129 quae
939 3040 1143 3108 materialiter

213 3131 370 3209 differunt,
390 3133 535 3196 eamdem
558 3130 697 3200 lormam'
714 3131 910 3209 habentibus,
933 3132 1009 3196 nihil
1033 3130 1143 3215 prelata

213 3220 504 3308 bea⁴aequaliratem
539 3220 680 3298 inuenire
718 3230 847 3305 poseant
884 3222 967 3285 euim
1000 3218 1140 3303 subjeeta'

213 3308 333 3373 diversa
356 3310 498 3373 eamdem
523 3309 657 3373 formam
676 3310 872 3396 participare,
893 3322 947 3373 ant
963 3308 1140 3373 seeundum

213 3396 441 3483 aequalilatem,
464 3396 710 3468 aeternandum
734 3418 892 3463 ereessum
917 3410 956 3461 et·
970 3396 1140 3462 delectum:

213 3482 266 3547 Sia
280 3484 373 3570 igiter
387 3484 531 3565 possibile
546 3499 627 3551 esset
642 3485 814 3572 spirituales
830 3487 1015 3553 substantias
1026 3500 1140 3557 omnen
