2484 3975
189 218 256 283 nto
415 237 470 282 un.
495 236 620 305 auctr.
645 237 719 283 utta.
745 236 780 281 ar
802 235 889 282 tatu.

192 306 322 389 gratiam
346 325 400 391 per
424 306 656 391 poeniteutiam
680 306 762 371 urade
799 319 830 371 et
862 307 1113 393 Apostolus'non

188 396 263 460 dixit
287 394 374 482 quod
399 394 587 480 impossibile
609 396 650 459 sit
672 415 728 460 eos
752 394 803 481 qui
825 396 923 461 semel
949 396 1023 482 lapsi
1038 412 1118 463 suut

188 503 295 549 rursus
318 484 453 549 revocari
478 483 525 549 tel
547 484 683 548 converti
722 484 761 548 ad
800 487 1033 571 poeniteutiam,
1055 486 1117 551 setl

187 572 272 657 qnod
297 570 487 658 impossibile
509 573 546 637 sit
569 572 723 651 renotari,
745 573 829 659 quod
860 573 1013 660 baptismo
1028 576 1117 639 attri-

188 660 285 726 buere
306 662 394 739 solet,
419 674 451 724 ut
467 674 558 747 patet:
574 660 747 726 &cundum
759 682 850 727 tuom
863 663 1116 727 misericordium

186 750 291 814 saluos
313 770 368 815 uos
389 750 471 835 fecit,
490 768 549 833 per
574 750 734 815 lavacrum
756 752 999 836 repererctiout'e
1021 763 1115 817 etre-

186 840 361 905 uooutiouia
386 838 521 923 Spiritus
546 835 663 918 Sancti,
686 838 758 918 tta,
781 840 813 916 5,
836 839 867 905 δ.

485 1045 657 1113 aanor
691 1047 808 1115 txxu.
850 1009 856 1021 ’

251 1244 298 1311 De
320 1245 500 1315 necessitate
519 1244 727 1331 poeniteutiae
750 1256 780 1310 et
797 1247 940 1331 partium
963 1247 1036 1332 ejus.

178 1514 180 1521 ,
251 1456 293 1523 Ει
317 1456 375 1523 ltou
398 1456 490 1541 igitur
513 1470 641 1543 apparet
663 1454 759 1543 quod,
780 1455 929 1543 aialiquis
948 1472 1016 1545 post
1033 1457 1109 1545 bap·

184 1546 311 1612 tismum
336 1560 451 1631 peccet,
473 1545 648 1611 remedium
661 1546 708 1611 sui
723 1547 838 1632 peccati
851 1567 907 1631 per
919 1548 1107 1633 baptismum

184 1635 302 1701 habere
323 1655 387 1699 uon
424 1647 535 1722 potest;
569 1647 610 1712 et,
647 1637 719 1721 quia
757 1634 946 1701 abundantia
983 1636 1107 1703 divinae

185 1723 413 1789 misericordiae
436 1738 466 1789 et
489 1722 625 1789 efficacia
659 1722 777 1808 gratiae
814 1722 926 1789 Christi
949 1724 1009 1790 hoc
1041 1745 1105 1791 non

184 1812 297 1899 patitur
321 1826 354 1877 ut
390 1812 507 1899 absque
541 1811 680 1877 remedio
714 1810 897 1892 dimittatur,
931 1813 1105 1880 institutum

183 1914 233 1967 est
253 1901 337 1967 aliud
360 1899 582 1965 sacramentale
606 1900 780 1965 remedium
803 1921 865 1988 quo
889 1916 1012 1988 peccata
1028 1924 1102 1990 pur-

182 2002 305 2078 gentuu
329 2004 359 2055 et
381 1991 441 2057 hoc
464 2003 509 2056 cst
533 1989 740 2077 poenitentiae
762 2006 1002 2072 sacramentum,
1017 1992 1102 2078 quod

183 2092 231 2146 eat
252 2080 405 2165 quaedam
429 2078 511 2144 velut
533 2077 698 2166 spiritualis
735 2081 864 2144 sanatio.
901 2081 986 2145 Sicut
1019 2082 1105 2148 euim

90 2167 92 2172 ’
185 2169 238 2257 'qni
261 2172 353 2235 ritum
378 2167 549 2232 naturalem
573 2187 628 2252 per
649 2169 880 2252 generationem
904 2169 1007 2255 adepti
1021 2184 1106 2245 suut,

183 2261 210 2324 ei
233 2260 366 2346 aliquem
397 2256 542 2322 morbum
576 2255 733 2320 incurrant
770 2257 823 2342 qui
857 2258 897 2322 sit
930 2258 1103 2324 contrarius

183 2347 363 2435 perfectioni
387 2346 477 2426 vitae,
500 2365 517 2410 a
540 2347 651 2409 morbo
673 2346 773 2409 curari
798 2359 935 2431 possunt,
959 2350 1105 2434 uunqui-

180 2437 255 2504 dem
279 2438 323 2502 sic
346 2449 378 2500 ut
401 2437 509 2500 iterato
534 2445 710 2511 nascantur,
732 2432 787 2503 sed
825 2433 959 2521 quadam
994 2434 1104 2503 altera-

182 2525 267 2592 tiotte
288 2537 447 2603 sanantur,
476 2524 515 2588 ita
554 2521 734 2609 baptismus,
772 2522 823 2608 qui
858 2534 903 2588 est
937 2524 1103 2610 spiritualia

182 2613 386 2700 regeneratio,
410 2633 473 2678 uon
496 2613 659 2679 reiteratur
681 2626 787 2676 eontra
804 2624 927 2699 peccata
944 2625 1013 2698 post
1027 2613 1104 2702 bap·

182 2703 308 2769 tismum
332 2702 506 2775 commissa,
528 2699 583 2766 aed
608 2699 807 2785 poenitentia,
844 2701 933 2787 quasi
966 2701 1103 2787 quadam

180 2791 332 2879 spirituali
356 2790 546 2863 alteratione,
569 2801 727 2854 sanantur.

248 2877 512 2947 Considerandum
535 2889 582 2942 est
604 2889 708 2942 autem
745 2876 829 2960 quod
865 2877 1032 2964 corporalis
1053 2900 1104 2946 sa·

182 2968 266 3035 natio
289 2968 475 3056 quaudoque
498 2964 625 3052 quidem
648 2963 687 3030 ab
708 2964 876 3046 intrinseco
892 2966 1025 3032 totaliter
1047 2982 1106 3048 eu,

181 3057 259 3124 sicut
281 3057 405 3144 quando
430 3055 539 3140 aliquis
569 3053 637 3120 sola
661 3052 772 3118 virtute
806 3068 936 3120 naturae
968 3071 1105 3137 curatum

180 3146 367 3234 quandoque
390 3157 493 3210 autem
515 3141 556 3207 ab
580 3142 746 3208 intrinseco
769 3153 799 3206 et
814 3145 985 3210 extrinseco
1001 3145 1105 3225 simul,

180 3248 287 3322 utputa
311 3233 435 3322 quando
470 3243 598 3298 naturae
626 3231 765 3319 operatio
799 3228 924 3317 juratur
957 3236 1104 3301 exteriori

180 3321 332 3390 beneficio
355 3321 538 3398 medicinam
560 3319 645 3407 quod
676 3333 780 3386 autem
819 3319 952 3387 totaliter
988 3323 1028 3388 ab
1050 3343 1103 3390 ex·

180 3411 314 3479 trinseco
337 3425 461 3478 curetur
483 3428 545 3475 non
567 3409 730 3495 contingit,
753 3410 845 3475 habet
883 3411 967 3475 euim
1001 3411 1105 3478 adhuc
1159 3482 1163 3489 ,

180 3497 213 3564 in
237 3500 339 3588 seipso
361 3497 510 3588 principia
533 3496 624 3574 vitae,
647 3517 684 3566 ex
707 3497 820 3587 quibus
842 3497 956 3566 sauitaa
974 3498 1010 3596 ‚iu
1035 3500 1104 3589 ιριιι
