2484 3975
202 202 265 269 188
455 222 510 265 uo.
535 221 572 265 ιι.
596 221 660 282 ιιι.
685 221 761 267 ιιιν.
786 221 821 264 ur
844 221 909 269 ιιι.

197 291 406 361 necessarium
430 289 487 354 tuit
511 303 544 354 ut
567 310 679 377 corpus
703 311 720 354 a
744 289 893 377 principio
909 291 1130 377 conceptionis

199 380 410 464 organizatum
434 391 464 444 et
487 377 654 444 formatum
684 392 773 444 esset.
811 379 846 444 Et
869 381 962 443 etiam
997 381 1132 456 orqani-

198 470 278 536 zatio
300 467 450 554 corporis,
473 467 583 532 ordine
605 469 812 552 generationis
829 469 1142 554 praeceditanimae·

200 557 354 626 rationalis
378 556 649 632 introductionem
687 556 780 630 unde,
814 557 913 641 posito
948 558 1130 643 posteriori,

199 667 324 714 necesse
347 643 404 711 fuit
433 665 549 731 ponere
586 658 616 709 et
654 647 747 730 prins.
782 644 981 710 crementum
1017 661 1129 711 autem

200 735 377 822 quantitatis
400 754 498 818 usque
521 733 559 798 ad
583 732 720 799 debitam
750 755 927 799 mensuram
953 735 1027 800 nihil
1051 755 1128 820 pro-

200 826 285 892 hibet
293 823 396 908 ,sequi
417 824 555 908 corporis
579 822 887 893 animationem.,Sic
926 823 1018 908 igitur
1041 825 1129 890 circa

200 913 435 999 conceptionem
475 911 608 976 hominis
654 911 803 998 assumpti
843 910 1039 978 sentiendum
1080 928 1129 979 est

201 1002 285 1088 quod
309 1003 340 1066 in
368 1001 435 1086 ipso
472 1001 681 1085 conceptionis
718 1001 878 1088 principio,
914 999 972 1065 iuit
1009 1021 1129 1088 corpus

201 1089 412 1175 organicorum
428 1102 459 1152 et
481 1085 660 1168 formatum,
683 1090 739 1154 sed
763 1088 902 1176 nondum
926 1089 1045 1156 hahens
1072 1090 1130 1156 de·

201 1179 296 1245 hiram
319 1176 533 1263 quantitatem.

510 1354 696 1421 CAPUT
733 1354 821 1422 XLV.

305 1533 395 1615 Quod
420 1531 576 1598 Christum
598 1533 703 1599 decuit
723 1533 811 1598 nord
833 1553 871 1599 cc
891 1533 1020 1619 cirpinc.

267 1711 329 1776 Per
351 1711 411 1776 huc
434 1724 537 1777 autem
562 1723 644 1797 patet
667 1710 750 1796 quod
785 1729 911 1776 neccsse
945 1711 1001 1777 fuit
1024 1713 1132 1779 humi·

201 1821 275 1866 nem
297 1801 385 1866 ihum
409 1821 446 1866 ex
470 1800 587 1884 virgine
611 1812 709 1864 matre
733 1801 827 1878 nasci,
849 1800 971 1886 absque,
992 1803 1131 1868 naturali

200 1911 333 1954 semme.

267 1977 381 2043 Semen
404 1977 488 2042 enim
521 1976 576 2041 viri
601 1975 766 2064 requiritur
789 1977 820 2043 in
843 1980 1041 2063 generatione
1069 1979 1133 2045 hu-

201 2088 293 2133 mana
316 2081 473 2153 tamquam
498 2067 682 2150 principium
707 2067 854 2143 activum,
883 2083 1008 2153 propter
1032 2068 1130 2135 virtu-

201 2168 264 2221 tem
288 2156 416 2221 activam
441 2156 573 2240 quaein
599 2157 665 2240 ipso
703 2168 759 2220 est.
795 2155 856 2221 Sed
895 2157 991 2223 uirtus
1029 2158 1130 2223 activa

201 2245 232 2308 in
267 2244 465 2328 generatione
501 2244 639 2327 corporis
676 2243 785 2309 Christi
825 2266 888 2309 non
923 2247 1021 2330 potnit
1059 2266 1130 2311 csse

204 2331 361 2411 naturalis,
385 2331 557 2397 secundum
582 2332 747 2417 praedicta,
773 2334 843 2419 quia
868 2334 962 2399 uirtus
979 2335 1129 2400 naturalis

202 2442 265 2487 non
289 2423 391 2487 subito
415 2420 533 2504 perficit
557 2435 651 2485 totum
676 2424 813 2507 corporis
831 2421 1057 2497 formationem,
1070 2424 1127 2489 sed

201 2510 240 2575 ad
265 2511 324 2575 hoc
352 2510 471 2594 indiget
492 2522 643 2595 tempore;
677 2530 789 2595 corpus
824 2524 926 2575 autem
950 2512 1071 2589 Christi,
1093 2512 1127 2577 in

201 2600 268 2683 ipso
292 2598 441 2685 principio
465 2618 539 2662 suae
573 2599 794 2685 conceptionis,
827 2598 884 2663 suit
905 2599 1072 2666 fermotum
1095 2615 1129 2665 et

201 2689 426 2771 organizatum,
449 2700 482 2751 ut
504 2700 662 2751 ostensum
687 2701 732 2751 est
756 2689 811 2773 (c.
836 2688 914 2775 tt).
931 2688 1128 2772 Relinquitur

201 2777 293 2861 igitur
316 2774 400 2861 quod
423 2775 581 2859 generatio
604 2774 715 2841 Christi
755 2777 891 2842 humana
914 2776 971 2843 suit
1009 2776 1128 2863 absque

199 2864 330 2930 naturali
353 2865 485 2929 semine.

268 2954 355 3029 item,
393 2952 508 3017 Semeu
544 2952 638 3017 maris
678 2951 709 3016 iu
744 2953 946 3035 generatione
985 2952 1129 3019 animalis

199 3042 423 3129 cujuscumque
447 3040 539 3132 trahit
563 3040 601 3105 ad
625 3060 658 3105 se
698 3042 860 3107 materiam
900 3062 993 3127 quam
1029 3056 1129 3108 mater
1229 3058 1230 3095 t

200 3132 361 3209 ministrat,
385 3131 471 3215 quasi
497 3130 590 3194 uirtus
625 3150 705 3215 quse
741 3142 787 3195 est
824 3131 855 3195 in
890 3132 1009 3197 semine
1033 3131 1128 3197 maris

200 3220 340 3287 intendat
362 3220 409 3283 sni
434 3218 528 3302 ipsius
551 3218 818 3303 complementum
843 3232 876 3283 ut
898 3218 993 3284 finem
1032 3220 1126 3285 totius

200 3308 419 3393 generationis,
443 3306 525 3371 unde
548 3320 589 3383 et,
612 3307 765 3393 completa
789 3308 1000 3393 generatione,
1024 3308 1125 3395 ipsum

201 3418 309 3463 semen
334 3397 530 3459 immutatum
553 3408 585 3459 et
607 3396 796 3481 completum
830 3410 876 3461 est
909 3396 1011 3484 proles
1044 3416 1125 3482 quae

201 3486 346 3553 nascitur.
369 3481 442 3563 Sed,
465 3482 721 3569 ingenerationc
751 3485 887 3553 humana
922 3484 1044 3568 Christi,
1066 3483 1123 3553 fuit
