2484 3975
204 202 269 268 lbb
586 224 757 269 ornsctton

200 293 231 355 in
256 292 353 368 eaelo,
376 292 434 357 nisi
459 293 618 358 ordinatus
642 295 680 358 ad
705 293 833 378 alicujus
856 292 962 357 stellae
1001 291 1139 357 delatio·

200 401 285 445 nem:
308 381 391 467 quod
416 382 488 447 satis
511 382 758 467 probabilitatem
785 383 889 458 baben
913 401 1022 446 omnes
1046 382 1137 447 enim

200 471 389 535 substantiae
412 472 534 536 urbium
559 492 628 536 esse
651 472 794 537 videntur
819 484 943 557 propter
959 484 1141 553 astraquae

200 574 272 623 sunt
295 560 445 624 nobiliora
470 562 549 624 inter
572 561 713 625 eoelestia
736 580 865 648 corpora
890 574 920 624 et
945 557 1141 625 manifestio·

202 668 268 713 rem
294 647 436 714 elleetnm
461 648 619 715 babentia.

268 736 399 801 Ulterius
424 751 527 802 autem
551 739 680 802 assumit
703 737 786 823 quod
813 758 924 815 omnes
940 737 1140 803 substantiae

200 827 376 911 superiores
401 826 603 912 impassibiles
629 840 659 891 et
682 826 904 891 immateriales
937 840 1009 891 sunt
1044 824 1140 904 fines,

200 935 271 978 eum
296 918 356 978 sint
379 916 550 980 seeundum
574 936 607 979 se
631 916 760 1000 optima;
783 922 814 979 et
837 917 897 980 boo
934 914 1060 1002 quidem
1088 934 1139 979 ra·

202 1004 391 1068 tionabiliter
430 1003 549 1068 dieitur:
584 1024 657 1067 nam
698 1003 816 1069 bonum
852 1004 945 1069 babet
979 1004 1137 1068 rationem

201 1091 282 1169 smis3
306 1092 388 1156 unde
413 1092 462 1157 illa
486 1113 565 1178 quaa
588 1105 662 1158 sunt
685 1113 739 1179 per
763 1114 796 1157 se
819 1094 936 1180 optima
951 1093 980 1157 in
998 1092 1138 1171 entibus,

203 1194 274 1246 sunt
300 1181 377 1245 fines
400 1182 542 1245 aliorum.

267 1269 327 1333 Sed
352 1270 434 1353 quod
458 1268 624 1345 concludit,
648 1270 731 1333 bime
754 1290 822 1334 esse
837 1290 1004 1334 nnmerum
1022 1271 1136 1334 imma-

202 1358 354 1423 terialium
380 1359 619 1424 substantiarum
635 1359 685 1443 qui
710 1372 756 1423 est
778 1357 956 1425 eaelestitim
979 1372 1138 1437 motuum,

201 1468 263 1511 non
286 1447 425 1532 sequitur
447 1468 484 1512 ert
503 1448 693 1511 necessitate.
718 1447 862 1512 Estenim
875 1448 944 1513 linis
961 1451 1138 1534 proximus,

202 1551 233 1600 et
256 1551 404 1613 remotus;
429 1558 490 1601 non
514 1551 561 1601 est
583 1549 686 1599 autem
711 1538 923 1602 necessarium
954 1535 1039 1623 quod
1063 1558 1137 1622 pro·

203 1625 304 1689 ximus
328 1627 397 1689 linis
420 1626 557 1711 supremi
588 1625 665 1688 caeli
705 1628 742 1689 sit
777 1646 922 1710 suprema
961 1627 1136 1691 substantia

204 1714 425 1792 immaterialis,
461 1728 609 1801 quaeest
644 1734 783 1779 summus
818 1715 912 1793 Deus;
946 1716 1000 1779 sed
1036 1717 1137 1798 magis

189 1803 367 1887 'probabile
390 1817 446 1880 est,
471 1818 502 1867 ut
525 1805 603 1867 inter
628 1804 760 1888 primam
785 1804 1020 1869 immaterialem
1061 1804 1138 1869 sub-

203 1894 347 1955 stantiam
370 1906 404 1967 et*
423 1912 534 1979 corpus
550 1893 681 1957 caeleste
695 1893 754 1956 sint
778 1894 865 1959 multi
883 1893 1007 1959 ordines
1024 1892 1138 1957 imma·

202 1980 354 2045 terialium
367 1982 619 2058 substantiarum,
636 2002 767 2066 quarum
781 1982 906 2048 inferior
920 1982 1081 2048 ordinetur
1094 1982 1136 2048 ad

201 2069 394 2155 superiorem
408 2074 486 2135 siout
503 2070 542 2134 ad
561 2072 666 2147 linem,
679 2083 709 2135 et
733 2071 771 2134 ad
790 2074 893 2136 intima
919 2093 1025 2136 earum
1050 2072 1138 2136 ordi-

201 2172 295 2224 netur
308 2179 419 2244 eorpus
436 2158 568 2223 caeleste
581 2159 660 2223 sieut
675 2159 712 2223 ad
725 2158 819 2226 finem
830 2162 1020 2241 proximum.
1033 2159 1138 2246 Opor-

205 2261 246 2312 tet
261 2249 343 2311 enim
359 2267 611 2333 unamquamque
624 2267 690 2320 rem
718 2268 786 2313 esse
798 2250 1137 2335 comproportionatam

201 2337 338 2421 quodam
364 2336 457 2400 modo
483 2357 540 2401 suo
565 2337 708 2422 proximu
732 2336 796 2416 lini;
819 2338 912 2416 unde,
936 2352 1062 2424 propter
1084 2337 1136 2401 di·

201 2427 343 2490 stantiam
369 2427 537 2492 maximam
562 2426 681 2511 primae
706 2427 918 2492 immaterialis
944 2426 1138 2492 substantiae

201 2513 239 2577 ad
263 2516 466 2579 substantiam
491 2534 673 2598 corpoream
713 2535 953 2602 quemeumque,
990 2537 1053 2580 nou
1087 2530 1137 2581 est

203 2602 364 2687 probabile
387 2604 471 2690 quod
496 2602 666 2688 corporalis
690 2604 859 2670 substantia
898 2604 1060 2669 ordinetur
1094 2605 1138 2668 ad

199 2713 377 2777 supremam
401 2693 602 2756 substantiam
626 2693 704 2756 sieut
735 2692 774 2756 ad
809 2694 984 2778 proximum
1026 2693 1137 2769 finem;

201 2781 284 2844 unde
307 2782 400 2845 etiam
425 2781 578 2845 drioenna
616 2782 719 2866 posuit
742 2803 865 2848 eausam
903 2783 1033 2868 primam
1069 2802 1137 2846 non

201 2891 268 2934 esse
292 2868 510 2934 immediatum
525 2869 617 2933 linem
632 2869 760 2955 alicujus
783 2871 960 2936 caelestium
978 2883 1137 2949 motuum,

199 2959 253 3024 sed
277 2958 446 3044 quamdam
470 2958 704 3041 intelligentiam
731 2959 875 3045 primam;
891 2974 921 3024 et
937 2958 1019 3024 idern
1038 2961 1135 3023 etiam

201 3060 301 3134 potest
324 3049 382 3112 diei
408 3047 447 3110 de
472 3047 669 3112 inferioribus
693 3049 828 3113 motibus
852 3048 1029 3114 caelestium
1063 3069 1135 3112 eor-

201 3159 322 3222 porum.
348 3137 383 3200 Et
406 3136 477 3200 ideo
500 3156 562 3200 non
587 3149 633 3198 est
658 3139 864 3203 necessarium
889 3137 972 3223 quod
997 3158 1059 3203 non
1072 3137 1135 3202 sint

202 3226 309 3311 plures
338 3224 558 3289 immateriales
581 3225 769 3291 substantiae
793 3248 885 3312 quam
913 3229 950 3291 sit
985 3245 1136 3291 numerus

200 3315 379 3377 caelestium
404 3326 555 3377 motuum.
580 3348 623 3359 -
648 3315 682 3376 Et
708 3315 767 3379 boo
795 3316 1003 3400 praesentiens
1019 3315 1135 3379 Aristo-

202 3403 278 3464 teles
303 3422 365 3464 non
391 3400 510 3464 induxit
533 3402 592 3464 boe
616 3403 701 3486 quasi
728 3405 945 3482 necessarium,
969 3403 1023 3467 sed
1042 3403 1133 3487 quasi

98 3482 106 3494 ’
201 3489 407 3571 probabiliter
430 3488 556 3552 dietum.
581 3488 632 3554 Sie
655 3477 739 3554 enirb
763 3490 1021 3579 dicit-antequam
1045 3510 1137 3580 prae-
