2484 3975
431 250 719 298 mmmm
967 229 1033 296 Ἦό

108 321 327 408 superomnia
350 340 480 407 corpora
503 319 680 386 exaltatum.
703 317 770 382 Non
794 317 887 402 igitur
909 315 969 382 hoo
993 319 1033 384 nd

109 409 264 476 humanae
287 422 416 475 naturae
439 410 598 475 utilitatem
622 406 824 474 conveniebat
847 406 932 491 quod
947 406 1032 473 Deus

105 500 278 565 humanam
301 512 445 564 naturam
467 511 650 564 assumeret.

177 588 263 664 item,
287 587 505 674 Experimento
529 586 648 652 discere
673 603 836 671 possumus
856 583 939 669 quod
953 585 1032 651 airon

111 677 360 742 incarnationem
385 675 441 740 Dei
466 676 591 763 plurimi
613 693 736 740 errores
758 686 830 738 sunt
852 674 958 738 exorti.
982 673 1034 739 Vi·

110 766 202 830 detnr
224 766 318 849 igitur
340 766 496 830 humanae
518 764 610 831 saluti
631 762 819 830 conveniens
855 781 917 826 non
941 761 1035 829 luisse

108 853 195 940 quod
219 854 304 919 Deus
326 855 547 920 inuarnaretur.

179 942 300 1016 Aditum
321 943 403 1008 luter
425 943 530 1008 omnia
554 961 635 1028 quae
672 940 757 1006 Deus
780 937 861 1017 lenit,
885 938 965 1004 istud
989 941 1033 1004 ui-

111 1029 206 1096 detur
225 1051 293 1096 esse
315 1033 486 1096 niaximum
504 1031 588 1117 quod
611 1030 742 1116 ipsemet
764 1048 890 1093 caruem
913 1049 1034 1096 assum·

113 1122 219 1205 pserit.
243 1118 285 1184 lix
308 1120 443 1186 maximo
466 1135 569 1186 autem
592 1139 688 1206 opero
711 1118 844 1183 maxima
868 1117 961 1183 dehet
982 1139 1037 1185 en«

113 1206 1031 1294 mmnmfflsffifflwmwmmfflndfflmm

112 1296 1033 1383 mmmwmmmmmmmmwmmwd

113 1384 179 1470 ipse
202 1399 300 1450 toturn
325 1388 497 1453 humanu·
520 1407 619 1470 genus
646 1385 801 1460 salvasset,
834 1405 905 1450 oum
940 1389 1033 1452 etiam

111 1474 253 1539 omnium
277 1476 440 1541 hominum
462 1476 545 1541 salus
580 1475 719 1540 uideatur
752 1493 820 1538 esse
855 1491 1036 1562 competens

113 1561 227 1628 uhlhas
249 1584 306 1648 pro
328 1585 389 1650 qua
412 1578 531 1629 tantuna
554 1585 633 1650 opus
657 1563 722 1629 fieri
758 1563 925 1628 debuhset

179 1652 329 1737 Amplius,
363 1653 395 1717 Si
429 1654 514 1718 Deus
549 1667 675 1738 propter
708 1651 838 1716 salutem
875 1653 1039 1717 hominum

113 1738 1041 1827 hmmmwmmmmmstwmffimom

114 1828 242 1894 veniens
267 1843 300 1893 ut
322 1830 389 1914 ejus
411 1829 554 1896 divinitas
577 1829 756 1896 hominibus
782 1849 838 1914 per
860 1828 1042 1895 sufficientia

115 1916 227 1983 indicio
251 1919 507 1985 manifestaretur.
532 1919 599 1984 lloo
623 1934 725 1984 nutem
751 1939 812 1982 non
837 1917 1043 1984 uideturoon·

115 2007 1040 2099 &mmmemfflwffimmmffio

113 2095 1040 2185 mmmnmmmmmummhmmewmna

114 2184 1037 2263 mmmimmmmmsmffiummmhemehmaml

113 2274 206 2338 etiarn
230 2275 347 2359 majora
383 2297 476 2361 quam
512 2275 618 2341 leoerit
655 2274 803 2341 Christus.
838 2274 906 2339 Non
940 2274 1035 2359 igitur
1124 2279 1127 2285 '

113 2361 1036 2450 mmfflmmMfflmNJmmffim

111 2450 508 2520 mmfflmmmm

182 2539 353 2617 Praeterea,
383 2542 415 2608 Si
452 2544 511 2607 hoe
545 2542 752 2607 necessarium
787 2540 845 2606 luit
878 2541 1034 2608 humanae

112 2628 203 2693 saluti
226 2631 310 2716 quod
333 2633 418 2697 [leus
439 2651 565 2697 earnem
588 2632 769 2708 assumeret,
793 2652 862 2695 oum
899 2653 916 2695 a
951 2632 1035 2717 prin·

113 2717 195 2804 eipio
219 2719 326 2784 mundi
352 2719 494 2785 homines
516 2718 641 2798 luerint,
665 2717 786 2791 uidetur
809 2718 893 2805 quod
917 2722 1036 2807 aprin-

113 2806 195 2893 nipio
219 2807 327 2873 mundi
351 2810 521 2874 humanam
546 2822 688 2873 naturam
726 2828 885 2874 assumere
919 2810 1038 2885 debuit,

114 2896 1040 2983 mmwmwmmwmfflwmmm

114 2984 203 3137 nium
227 2986 480 3070 praecedentium
505 2987 668 3051 hominum
706 2986 788 3052 salus
823 2989 1042 3074 praetermissa

129 3093 224 3138 um

183 3161 271 3238 item,
294 3163 363 3228 Pari
386 3164 516 3239 ratione,
540 3183 639 3249 usque
664 3162 819 3229 adfinem
855 3163 963 3229 mundi
988 3164 1043 3229 tle·

116 3250 235 3315 buisset
260 3272 332 3317 eum
358 3252 536 3318 hominibus
560 3253 747 3331 conuersari,
769 3266 802 3317 nt
829 3254 972 3319 homines
987 3274 1043 3319 sun

116 3342 293 3427 praesentia
318 3340 454 3405 erudiret
476 3355 507 3405 et
530 3341 726 3424 gubernaret

187 3428 305 3507 Adhuc,
340 3428 404 3495 lion
438 3431 575 3495 manime
609 3430 786 3497 hominibus
821 3430 894 3496 utile
930 3444 975 3496 est
1011 3444 1044 3496 ut

112 3513 243 3584 iuturus
266 3518 466 3585 beatitudinis
488 3520 520 3585 in
544 3520 588 3585 eis
603 3540 674 3607 spes
696 3518 851 3588 fundetur.
866 3519 952 3587 llano
989 3540 1044 3589 au·
