2484 3975
403 213 440 269 oe
464 225 537 271 anre
561 227 597 270 rr
621 224 758 271 assrnrn
970 204 1034 271 599

108 292 197 360 habet
221 294 368 367 animam,
394 315 456 359 non
491 296 715 361 determinatur
751 292 823 379 qnid
847 292 895 371 sit,
929 307 1033 361 utrum

108 404 216 469 carpos
254 383 302 447 rei
340 381 454 469 aliquid
491 383 605 449 aliod.
647 382 733 447 Unde
769 381 844 447 dicit
879 384 1035 449 Arieenna

108 472 188 559 quod
212 492 310 555 genus
335 493 395 535 non
420 486 466 536 est
489 474 519 537 in
544 472 714 540 differentia
738 472 816 537 sicut
839 492 909 558 pars
932 492 1034 539 essen-

108 565 166 627 tiae
189 560 267 646 ejus,
289 559 344 625 sed
367 559 468 625 solnm
495 562 574 627 sicot
612 582 668 625 ens
706 563 791 625 extra
829 560 1034 648 quidditatenr

107 650 169 715 rive
192 651 371 726 essentiam;
395 650 474 713 sicot
497 654 590 715 etiam
614 648 788 734 subjeetum
814 665 860 715 eat
883 650 923 715 de
946 648 1034 714 intel·

107 737 185 805 lectu
215 740 391 822 passionum
416 739 480 822 (1);
514 754 545 803 et
583 738 653 803 ideo
687 758 787 822 genos
814 760 876 803 non
914 738 1033 824 praedi·

105 842 192 893 eatur
215 826 255 891 de
277 827 447 892 differentia
472 847 526 913 per
549 848 583 891 se
607 827 775 913 loquendo,
798 842 832 891 ot
863 826 936 891 dicit
970 829 1035 891 Ari-

107 914 230 980 stoteies
253 916 319 1000 (de
344 918 464 989 Anima.
488 917 519 992 5,
542 932 572 980 et
594 916 713 1003 Topio..
727 917 773 1002 i).
795 915 853 979 nisi
869 914 1035 981 iortesieut

107 1002 278 1087 subjeetum
303 1005 497 1091 praedicatur
532 1005 571 1069 de
610 1006 763 1091 passione.
799 1004 861 1070 Sed
895 1004 1034 1069 definitio

107 1093 171 1159 sive
193 1094 312 1177 speeies
334 1094 570 1180 comprehendit
593 1110 770 1179 onornqne,
797 1093 912 1159 seilicet
936 1094 1035 1157 deter-

108 1183 255 1247 rninatanr
281 1184 442 1246 nraterianr
468 1204 561 1266 quant
586 1183 728 1267 designat
752 1202 867 1247 nornen
902 1182 1035 1266 generis,

108 1284 138 1335 et
174 1270 411 1335 determinatam
451 1270 584 1337 soranam
617 1292 712 1359 qnanr
746 1272 886 1357 designat
919 1290 1034 1337 nomen

108 1359 306 1425 differentiae.

107 1505 110 1511 ,
171 1448 205 1513 Et
228 1469 266 1513 ex
289 1449 347 1513 irae
370 1460 453 1533 patet
476 1449 553 1513 ratio
576 1458 672 1533 quare
695 1468 793 1531 genus
816 1461 846 1513 et
869 1447 987 1534 speeies
1000 1461 1034 1516 et

107 1536 277 1602 differentia
301 1558 334 1601 se
359 1538 493 1602 habeant
513 1537 784 1624 proportionaliter
807 1536 844 1601 ad
862 1538 1034 1613 materiam,

108 1625 240 1691 sormaor
263 1639 292 1689 et
316 1628 523 1712 compositum
547 1629 577 1689 in
603 1640 721 1703 natnra,
744 1628 960 1711 quentvisnon
974 1626 1035 1689 sint

108 1715 192 1779 idem
213 1734 285 1779 curn
305 1714 385 1791 ,illie
400 1716 471 1800 quia
494 1734 597 1799 neque
619 1736 718 1799 genos
741 1728 787 1779 est
814 1715 955 1789 nratetia,
978 1713 1034 1778 sed

108 1804 241 1869 sumitur
263 1825 279 1867 a
304 1805 433 1867 materia
458 1819 490 1868 ot
513 1802 690 1887 significans
714 1816 823 1878 totum,
858 1825 915 1867 nec
950 1802 1036 1867 datie·

109 1891 206 1957 rentia
230 1905 276 1956 est
295 1891 410 1971 fornia,
432 1893 486 1957 sed
510 1892 643 1956 sortitur
666 1891 794 1957 atornra
810 1907 842 1955 ut
859 1890 1036 1975 significans

109 1996 218 2046 toturn.
244 1980 329 2047 Untie
353 1980 485 2046 dieinrns
508 1981 667 2046 hominem
691 2001 759 2046 esse
794 1980 908 2046 anirnol
943 1982 1037 2047 ratio·

106 2070 192 2150 nate,
213 2084 244 2134 et
266 2091 328 2136 oon
352 2091 388 2135 ex
412 2070 537 2134 animali
560 2084 591 2134 et
614 2069 766 2148 rationali,
790 2071 867 2135 siout
905 2069 1037 2136 dicimus

107 2180 180 2224 curn
204 2179 271 2222 esse
294 2180 331 2224 er
355 2160 457 2224 aniana
481 2174 512 2224 et
538 2158 745 2244 corpore..lix
783 2179 913 2246 corpore
953 2160 1038 2226 enim

104 2302 222 2370 primam
240 2296 386 2350 differentia
405 2313 477 2364 vero,
496 2312 563 2365 quae
581 2295 689 2348 docitur
706 2311 738 2349 ex
757 2296 805 2350 trac
824 2299 864 2350 vei
883 2297 926 2350 itta
954 2297 1039 2352 forma

106 2385 177 2440 quae
195 2371 330 2422 materiam
350 2370 452 2436 generis
469 2383 518 2420 suo
536 2368 614 2421 modo
640 2375 737 2437 aetuat,
766 2370 863 2422 dieitur
892 2369 1039 2424 intellector

106 2442 242 2495 extendor.

162 2511 201 2582 ti)
219 2511 365 2582 Satrjcctom
383 2515 421 2560 ert
439 2508 470 2561 dc
488 2509 625 2563 intellectu
642 2513 802 2578 passionom.
827 2509 974 2579 Dupliciter
991 2511 1039 2564 aii·

106 2583 174 2654 quid
192 2590 231 2636 est
249 2585 281 2635 dc
299 2580 437 2635 intellectu
455 2580 565 2648 alicujus
583 2597 628 2634 seu
659 2583 729 2632 eadit
759 2581 785 2632 in
817 2582 944 2633 rationem
974 2586 1039 2649 ejus.

107 2655 167 2708 Uno
185 2655 274 2721 morto,
294 2662 324 2706 ut
346 2667 409 2722 pars
439 2653 602 2721 quidditatis3
634 2652 684 2704 alio
715 2651 803 2715 niodo,
835 2660 865 2705 ut
893 2652 1041 2724 subjectum

104 2741 175 2794 ejus.
193 2727 327 2793 Accidens,
345 2728 377 2776 de
395 2724 471 2794 cujus
488 2739 584 2791 gernere
612 2729 676 2775 sunt
705 2725 847 2792 passiones,
877 2723 1042 2792 dependeta

106 2793 238 2870 subjecto.
258 2798 317 2850 iicet
334 2790 483 2866 subjectum
503 2811 556 2847 non
574 2796 609 2847 ait
627 2795 660 2846 de
677 2797 788 2848 essentia
813 2795 960 2847 accidentis:
972 2797 1041 2850 siout

104 2877 230 2923 creatora
250 2869 407 2938 dependere
425 2873 554 2930 creatore,
574 2873 601 2918 et
628 2872 715 2917 tamen
743 2871 846 2918 creator
865 2882 916 2918 non
937 2874 976 2919 est
1009 2868 1041 2920 de

105 2943 222 2994 essentia
242 2947 387 2992 creaturae.
405 2936 555 2989 Accidentia
575 2938 664 3006 igitur,
682 2953 742 2988 com
768 2953 818 2988 non
844 2936 957 2989 habeant
984 2954 1041 2990 esso

106 3011 159 3064 nisi
178 3028 226 3082 per
245 3012 293 3064 troc
311 3009 382 3079 qnod
400 3009 491 3061 insunt
508 3005 636 3080 subjecto,
655 3009 799 3060 secundum
831 3010 1006 3076 qoidditatern
1025 3027 1040 3062 a

103 3077 229 3154 subjecto
250 3082 409 3152 dependent.
437 3079 470 3133 Et
487 3089 598 3149 propter
614 3079 663 3130 hoc
680 3086 785 3148 oportet
803 3081 872 3147 quoti
892 3080 1040 3152 subpactum

104 3154 136 3207 in
154 3157 295 3208 accidentis
312 3151 462 3206 definitione
480 3159 604 3220 ponatur,
623 3165 676 3202 non
696 3158 829 3219 tamqnam
858 3167 918 3218 pars
937 3153 1041 3219 quidni·

105 3226 184 3290 tatis,
203 3227 250 3279 sed
270 3233 403 3294 tanrqnnrn
423 3223 518 3274 illudo
536 3239 588 3291 qno
607 3223 754 3274 necessario
786 3223 901 3290 pendent
927 3225 1042 3278 essentia

104 3303 134 3349 et
154 3297 292 3349 existentia
310 3295 462 3348 accidentis.
478 3291 511 3345 Et
528 3295 585 3345 idco
607 3293 709 3351 ,dicitnr
736 3294 807 3362 qnod
839 3309 920 3360 genos
951 3299 989 3344 est
1008 3293 1041 3348 de

104 3369 246 3422 intellectu
263 3367 432 3420 differentiae.
450 3365 517 3417 aieret
534 3365 675 3433 ratrjecttarn
700 3373 737 3416 cst
756 3365 787 3415 tic
814 3365 956 3431 irrtcttrcto
977 3381 1040 3432 por·

104 3441 213 3492 aientem
230 3455 277 3493 seo
296 3438 477 3492 occidentium.
496 3437 558 3505 qttia
577 3436 769 3504 quodammodo
799 3451 880 3502 genna
908 3436 941 3485 ad
969 3435 1042 3490 diffo-

106 3513 211 3565 rentiaa
227 3528 256 3566 se
275 3511 354 3566 habet
372 3516 402 3563 ut
417 3507 568 3583 subjectum
588 3508 621 3560 ad
640 3507 773 3577 passiones
789 3523 837 3560 aen
855 3507 1008 3578 accidentia.
