2484 3975
334 237 372 283 nr
395 235 578 281 sunsrtnrns
601 231 757 280 serantrrs
937 217 997 284 lbi

92 305 296 373 materialibus
321 306 496 372 substantiis
518 304 600 390 quod
627 301 790 390 potentiale
811 305 917 381 cenail
932 327 1004 392 pro·

95 398 173 484 priua
183 395 308 461 effeetus
324 415 440 480 primae
453 395 572 459 uirtutis
588 406 618 456 et
635 391 813 457 universalia
836 393 960 460 effeetus
972 417 1004 461 a·

91 486 190 571 gentio.
202 483 392 569 impossibile
414 496 461 548 est
475 484 566 568 igitur
577 481 660 568 quod
677 479 715 546 ab
732 480 883 566 aliquibus
905 484 1005 550 causis

89 573 226 639 recondit
238 573 338 657 aliqua
349 573 559 659 producantur
569 571 604 637 in
614 590 692 646 esse,
702 589 762 633 non
773 573 1005 660 praesupposito

89 661 186 750 aliquo
197 661 307 726 elleetu
320 661 488 747 superioria
499 660 628 746 agentis3
641 674 670 723 et
682 659 726 721 siu
755 657 873 725 nullum
898 679 1004 744 egena,

88 764 153 837 poet
173 752 321 836 primum,
344 769 410 814 rum
437 762 531 814 totum
547 749 577 812 in
601 769 670 813 esee
685 745 836 834 producit,
858 750 940 836 qtrod
958 763 1006 816 est

88 839 254 924 producere
276 858 334 902 ena
356 839 538 923 simpliciter
561 856 616 922 per
649 856 684 900 se
708 850 738 900 et
761 855 822 901 non
846 857 902 924 per
924 839 1005 904 aeui·

88 928 170 1005 deno,
191 925 274 1014 quod
298 940 343 991 est
366 940 526 993 crearent
549 925 666 990 dietum
690 936 746 988 est.

149 1016 235 1093 laem,
258 1013 395 1101 Alioujus
417 1027 546 1080 naturae
569 1013 616 1078 vel
641 1013 761 1077 lormae
783 1011 894 1100 duplex
912 1033 1003 1081 eausa

87 1105 244 1170 invenitur:
270 1104 333 1168 Una
357 1103 487 1190 quidem
519 1116 666 1190 quaeest
689 1121 743 1188 per
766 1121 800 1164 ae
823 1117 852 1168 et
886 1104 1003 1190 simpli·

87 1195 158 1259 eiter
178 1213 269 1258 eausa
293 1193 361 1257 talis
384 1208 511 1257 naturae
533 1191 581 1256 uel
603 1190 738 1265 forman
757 1190 816 1254 alia
840 1212 1006 1277 veroqoae

85 1296 128 1349 eat
149 1302 239 1348 eausa
262 1281 354 1366 bojue
376 1293 504 1347 naturae
526 1280 574 1345 tel
597 1278 715 1344 lurmae
738 1278 769 1342 in
809 1280 879 1357 boe3
917 1280 1005 1365 eujus

85 1371 206 1458 quidem
231 1369 435 1437 distinotionis
458 1369 621 1434 necessitas
645 1379 780 1454 apparet,
805 1369 829 1432 ai
854 1370 1005 1454 quieeau·

82 1481 130 1526 aas
151 1459 325 1524 consideret
346 1477 455 1523 eorum
478 1478 558 1544 quae
583 1471 781 1542 generantur.
805 1456 882 1522 Corn
921 1460 1005 1524 enim

82 1569 178 1635 equus
199 1562 375 1633 generatur,
399 1567 496 1632 equor
519 1563 671 1630 generans
694 1558 739 1609 eat
763 1545 889 1632 quidem
913 1567 1006 1612 eausa

81 1637 163 1725 quod
187 1649 295 1702 natura
319 1635 391 1722 equi
414 1636 445 1700 in
470 1635 529 1700 boe
551 1655 619 1699 esee
642 1633 776 1718 incipiat,
801 1654 864 1699 non
902 1650 1005 1701 tamen

81 1739 127 1792 est
152 1745 207 1812 per
229 1747 263 1790 ee
286 1746 377 1790 eausa
401 1737 529 1788 naturae
552 1723 694 1810 equinae:
718 1721 800 1804 quod
838 1724 921 1790 enirn
960 1737 1007 1790 est

81 1835 136 1903 per
158 1835 192 1879 ae
215 1814 343 1898 alicujus
372 1833 463 1878 eausa
499 1825 627 1876 naturae
650 1811 821 1876 seeundum
859 1813 1006 1898 speeiem,

79 1915 201 1991 oportet
223 1903 306 1989 quod
333 1902 372 1967 ait
393 1922 484 1968 eausa
507 1900 574 1992 ejus
597 1901 628 1964 in
652 1899 796 1966 omnibus
821 1900 1006 1970 habentibus

79 1994 163 2059 illam
188 1994 334 2076 speeiem3
356 2012 427 2055 eum
467 1991 559 2073 igitur
592 2010 691 2075 equus
728 2008 880 2073 generans
914 1992 1007 2059 babet

79 2080 224 2146 eamdem
247 2096 389 2146 naturam
406 2079 576 2145 seeundum
593 2079 739 2164 speeiem,
756 2092 910 2164 oporteret
922 2081 1006 2167 quod

78 2183 162 2235 esset
182 2171 326 2256 tuiipsius
348 2188 451 2247 eausa,
474 2168 557 2252 quod
580 2186 650 2232 esee
683 2187 747 2232 non
782 2182 889 2253 potest3
913 2170 1006 2234 reliu-

75 2260 183 2346 quitur
205 2261 298 2342 igitur
319 2257 403 2342 quod
426 2271 556 2343 oportet,
578 2274 672 2341 nuper
694 2276 803 2321 omnes
819 2258 1004 2343 participan-

77 2361 125 2412 tes
161 2363 304 2412 naturam
343 2348 487 2431 equinam
526 2364 593 2409 ente
627 2345 761 2429 aliquant
799 2346 1005 2413 universalem

76 2456 208 2501 eausam
234 2438 327 2500 totius
348 2436 470 2521 speciei.
496 2433 596 2515 Quaen
613 2436 738 2518 quidem
763 2454 888 2497 eausam
912 2434 1008 2521 plato·

73 2525 139 2589 niei
164 2537 334 2610 posuerunt
356 2524 492 2608 speeiem
527 2536 702 2605 §operatum
739 2542 757 2587 a
795 2524 933 2602 materia,
967 2524 1006 2589 ad

74 2612 210 2678 niodum
234 2632 297 2699 quo
321 2612 460 2676 omniurn
500 2610 704 2675 artificialium
743 2610 927 2696 principium
960 2624 1008 2677 est

72 2700 178 2767 forma
203 2704 286 2778 artis,
310 2721 371 2765 non
397 2701 427 2763 in
451 2701 578 2764 materia
603 2699 1006 2770 existenusecundumtn·

70 2790 218 2855 stoteletn
243 2804 357 2867 autem,
381 2790 460 2852 bane
482 2788 687 2852 universalem
721 2808 845 2852 eausam
885 2802 1007 2874 oportet

70 2899 195 2964 ponere
218 2880 248 2942 in
271 2878 373 2962 aliquo
396 2876 573 2941 caelestium
587 2896 763 2960 eorporutn:
788 2876 914 2941 undeet
930 2878 1006 2965 ipse,

72 2968 133 3031 bas
163 2968 242 3032 duae
265 2986 374 3031 causer
396 2966 599 3047 distinguens,
623 2966 696 3029 dixit
719 2964 800 3051 quod
825 2966 920 3031 bomo
953 2988 1007 3051 ge·

70 3070 166 3120 neret
193 3056 351 3119 bominem
375 3067 405 3118 et
427 3054 484 3120 eol.
506 3053 584 3117 Cum
607 3068 710 3117 autern
734 3053 849 3137 aliquid
874 3074 929 3139 per
942 3076 1007 3119 nto·

70 3158 144 3208 tum
168 3158 323 3219 causatur,
346 3156 455 3207 notura
478 3142 653 3207 eommunia
677 3142 767 3206 alicui
791 3144 1006 3226 praeexistenti

68 3232 203 3296 advenit
227 3252 282 3317 per
303 3231 435 3296 lormnm
459 3232 606 3296 materiae
630 3230 844 3295 advenientem
859 3230 905 3295 vel
932 3231 1005 3297 sub·

65 3320 167 3405 jecto.
194 3320 296 3386 Potest
318 3320 410 3404 igitur
431 3322 475 3385 tie
488 3338 543 3405 per
560 3332 677 3383 motum
694 3338 761 3383 esse
774 3318 901 3403 alicujus
913 3340 1005 3385 eausa

62 3410 102 3474 id
128 3410 216 3492 quod
240 3408 463 3495 particulariter
485 3421 628 3472 naturam
652 3408 735 3472 illurn
750 3406 853 3485 babet,
867 3409 1006 3474 utbomo

67 3498 216 3565 bominis
239 3512 292 3564 eut
313 3517 412 3585 equus
434 3498 516 3585 equi.
539 3495 616 3563 Cum
641 3516 790 3563 veronen
808 3516 863 3585 per
886 3510 1006 3565 motum
