2484 3975
478 269 516 313 nu
539 270 722 316 rnsrtnrruus
992 249 1055 314 615

132 359 242 406 aarum
266 338 353 403 utin
377 335 526 421 subject03
549 339 615 415 sed,
649 339 719 424 quia
743 335 825 423 ejus!
847 348 957 402 natura
993 359 1055 402 nnn

133 444 179 496 est
202 426 334 515 perfecta
367 425 554 511 perfectione
587 427 703 512 gloriae
737 439 890 504 aeternae,
924 441 1058 490 nonest

134 520 165 584 in
189 537 226 582 eu
249 514 363 602 aliquid
390 514 474 601 quod
513 516 551 580 sit
586 516 652 583 aliis
691 535 848 592 mensura,
886 514 941 579 sed
964 516 996 579 in
1019 535 1057 578 eo

132 607 185 693 qui
218 606 315 690 magis
352 605 433 669 inter
466 625 574 670 omnes
603 618 649 670 εει
671 604 788 689 gloriae
811 604 972 692 particeps.
996 603 1058 667 Ma-

133 695 277 761 nifestum
301 706 346 758 est
371 693 452 758 enim
476 693 569 780 quod,
602 694 635 758 iu
669 712 799 780 corpore
837 691 1057 779 perfectissimo

133 782 218 868 quod
241 797 286 848 est
309 782 485 847 maximea
518 785 716 868 corruptione
749 793 914 859 remotum,
950 795 1058 867 utputa

134 871 268 948 caelesti,
294 885 340 936 est
374 868 456 936 uude
492 870 549 935 alia
586 885 814 948 mensurentrrr3
850 869 919 956 ejus
953 884 1057 934 autem

136 961 282 1048 perfectio
304 960 443 1045 sequitur
455 973 595 1026 naturam
612 981 713 1038 suam,
726 959 798 1046 quia
811 980 874 1024 non
890 972 935 1024 est
949 958 1057 1043 aliquis

136 1051 220 1115 nisus
244 1049 282 1114 ad
306 1048 481 1134 oppositum
505 1069 579 1113 suae
601 1047 796 1135 perfeetionis
820 1049 850 1113 in
874 1068 922 1113 en.
948 1047 979 1112 in
996 1056 1056 1112 An-

134 1137 335 1222 gaiis-autem
359 1157 421 1201 non
445 1151 492 1202 est
514 1151 575 1202 tnta
607 1136 795 1224 perfactina
829 1150 950 1210 natura,
984 1136 1056 1222 quia

136 1239 234 1312 potest
257 1226 354 1291 ineis
377 1245 445 1290 esse
467 1239 569 1290 mutus
592 1225 631 1291 ad
659 1225 845 1312 oppositum,
873 1228 951 1291 sieut
974 1240 1057 1311 patet

136 1315 175 1379 de
198 1315 256 1381 iltis
279 1314 331 1400 qui
354 1329 568 1400 peecaverunt,
590 1315 621 1378 in
646 1315 758 1402 quibus
781 1315 875 1402 aliqui
894 1313 1055 1402 persentiu-

135 1425 201 1469 rern
225 1419 367 1468 naturam
391 1403 545 1469 habebant
562 1403 666 1469 multis
678 1404 730 1490 qni
745 1403 905 1482 steterunt,
922 1424 1055 1489 quoruru

136 1507 244 1558 natura
267 1490 403 1580 perfecta
427 1505 472 1556 est
495 1513 550 1577 per
577 1492 719 1576 gluriam3
742 1507 772 1558 et
796 1492 848 1558 ille
884 1494 937 1579 qui
961 1491 1062 1579 perie-

137 1583 265 1646 etiorem
289 1592 433 1644 naturam
457 1581 550 1648 habet
573 1583 604 1645 in
629 1581 737 1666 gloria,
760 1579 854 1646 habet
877 1583 909 1646 in
933 1601 966 1646 se
981 1581 1065 1645 unde

138 1669 188 1735 alii
213 1681 441 1734 mensurentur.
473 1670 508 1734 Et
533 1670 615 1747 iden,
640 1670 812 1735 secundum
836 1669 1066 1736 Commentato-

140 1777 206 1824 rern
231 1759 293 1843 (t),
318 1757 439 1822 dicitur:
469 1787 484 1818 r
507 1757 602 1836 Deus,
625 1758 677 1845 qui
692 1771 738 1824 est
753 1758 1011 1845 simplicissimus,
1023 1774 1069 1824 est

25 1869 30 1880 ·
140 1866 285 1912 mensura
311 1847 451 1911 omniurn
474 1847 653 1935 simpliciter
675 1876 708 1926 ι,
731 1868 793 1912 nun
817 1860 973 1933 tamquam
990 1847 1070 1933 ejur-

143 1935 215 2001 dem
240 1935 374 2021 generis,
397 1933 452 2000 sed
475 1937 546 2024 quia
571 1935 818 2024 unumquodque
841 1949 959 2003 tantum
975 1936 1070 2002 habet

141 2026 180 2090 de
203 2046 270 2089 esse
293 2040 323 2089 et
347 2025 483 2091 bonitate
515 2041 665 2111 quantum
689 2027 728 2091 ad
752 2026 838 2092 illurn
862 2025 933 2113 plus
956 2046 1068 2113 appru-

141 2114 270 2199 pinquat
293 2114 345 2200 qui
369 2129 415 2179 εει
438 2116 502 2202 ipsa
527 2116 649 2182 bonitas
671 2129 702 2181 et
738 2116 838 2202 ipsum
862 2136 941 2189 esse,
965 2136 981 2179 a
1005 2136 1067 2199 quu

141 2204 243 2267 omnia
257 2205 348 2279 ¹buna
367 2217 449 2283 sunt,
461 2204 513 2291 qui
526 2218 571 2270 est
583 2205 679 2283 Deus,
691 2203 871 2270 benedictus
887 2204 918 2269 iu
932 2203 1063 2269 saecula.

140 2292 247 2358 Amen.

193 2484 234 2555 (i)
265 2485 421 2559 Mrtuphyt„
440 2488 457 2539 l.
477 2487 518 2541 10.
