2484 3975
379 247 436 292 tro.
460 247 497 294 tv.
521 250 585 296 cto.
608 251 691 296 xxtn.
950 230 1015 298 107

87 319 232 406 loquens,
254 335 325 383 cum
349 317 489 403 occipere
511 319 659 405 Spiritum
681 318 830 384 Sanctum
853 319 893 384 sit
914 334 1016 386 neter-

88 427 180 484 nurn3
202 425 276 473 nern
299 418 425 470 aeterno
450 409 545 472 verbe
569 407 732 492 cujuslibet
753 408 902 494 temporis
917 409 1016 495 opteri

86 507 229 584 possunt,
252 515 291 561 eo
312 498 398 580 quod
420 497 584 562 aeternitas
608 510 707 561 totum
730 508 854 582 tempus
876 495 1016 584 compte-

88 585 195 652 ctitur.

157 670 335 738 Secundum
360 671 471 738 eedem
502 673 594 738 etiem
629 685 758 758 nppsret
790 670 876 756 quod
909 673 1017 739 missio

88 780 153 848 qua
177 760 307 847 Spiritus
330 758 460 826 Sanctus
483 763 561 827 rnitti
585 762 698 826 dicitur
726 782 744 825 s
778 760 871 827 Patre
891 776 923 826 ct
938 761 1017 827 Filio

87 870 156 916 non
179 862 279 936 potest
301 849 486 915 concludere
510 871 581 914 eurn
605 869 674 915 esse
690 862 873 915 creaturam.
890 850 1016 916 Dictum

87 953 137 1006 est
161 939 245 1003 enirn
268 957 361 1022 supra
399 939 483 1024 quod
521 939 614 1003 Filius
649 938 707 1004 Dei
745 939 919 1005 secundum
955 940 1017 1004 boc

88 1028 205 1094 missus
227 1025 320 1091 luisse
356 1026 467 1093 dieitur
495 1027 579 1114 quod
613 1029 644 1091 in
667 1047 761 1092 cerne
782 1027 893 1094 visibili
915 1028 1018 1093 borni·

88 1115 184 1182 nibus
207 1113 357 1202 e'pporuit3
379 1129 409 1181 et
431 1118 475 1181 sic
500 1136 582 1183 novo
612 1117 749 1201 quodam
783 1117 879 1181 modo
903 1115 961 1181 luit
978 1116 1015 1181 in

87 1203 211 1270 mundo
232 1224 294 1290 quo
317 1205 401 1289 prius
424 1226 487 1271 non
512 1204 621 1282 lueret,
651 1205 766 1270 scilieet
789 1205 959 1284 visibiliter,
980 1205 1013 1270 iu

88 1312 155 1379 quo
194 1306 295 1358 temen
333 1313 457 1379 semper
495 1292 594 1358 iceret
627 1294 818 1359 invisibiliter
851 1307 885 1358 ut
918 1293 1014 1360 Deus.

90 1382 185 1464 Quod
209 1395 313 1447 sutem
336 1382 397 1448 boc
421 1382 514 1448 Filius
537 1397 654 1466 egeret,
665 1383 692 1446 ei
708 1404 725 1446 o
741 1383 833 1448 Patre
849 1382 915 1460 luit,
930 1383 1016 1449 unde

89 1485 122 1537 et
145 1471 318 1536 secundum
341 1471 402 1536 boc
425 1493 442 1536 a
467 1471 557 1536 Patre
580 1471 691 1536 dicitur
706 1473 827 1536 missus.
843 1470 894 1536 Sic
909 1484 1013 1537 cutem

90 1572 124 1626 et
145 1560 277 1646 Spiritus
300 1559 430 1624 Sanetus
452 1560 610 1625 visibiliter
633 1562 785 1646 apperuit,
806 1573 837 1625 et
857 1560 888 1624 in
911 1561 1016 1645 specie
1087 1623 1091 1627 ,

93 1647 261 1714 columbae
283 1667 377 1734 super
399 1647 555 1713 Christum
580 1650 609 1712 in
634 1647 796 1735 baptismo,
811 1661 842 1712 et
857 1648 888 1712 in
902 1649 1016 1732 linguis

93 1737 196 1821 igneis
218 1755 311 1823 super
333 1737 505 1821 Apostolos
527 1751 568 1814 et,
592 1734 661 1801 licet
694 1758 757 1801 non
794 1735 885 1801 luerit
917 1736 1016 1822 inctps

95 1823 240 1891 columbe
264 1823 313 1888 vel
346 1825 435 1909 ignis,
469 1825 547 1890 siout
580 1825 664 1890 Flins
697 1825 795 1891 iectus
828 1837 875 1890 est
908 1825 1017 1904 bomo,

92 1927 212 1990 temen,
233 1911 311 1977 sicut
333 1913 364 1977 in
386 1913 481 1999 signis
503 1914 688 2001 quibusdam
716 1914 823 1997 ipsius,
851 1913 883 1977 in
907 1913 1016 1999 hujus·

92 2001 179 2067 modi
193 2001 362 2068 visibilibus
387 2004 549 2089 speciebus
572 2005 722 2088 apparuit.
736 2004 770 2067 lit
784 2004 828 2068 sic
842 2011 936 2069 etiam
950 2005 1017 2091 ipse

93 2090 230 2175 quodam
255 2109 337 2155 novo
362 2091 467 2169 modo,
499 2093 612 2156 scilicet
636 2093 807 2170 visibiliter,
839 2092 1015 2157 inmundo

95 2178 164 2255 tute
189 2192 219 2245 et
242 2178 301 2244 boc
325 2179 352 2242 ei
377 2179 431 2244 luit
454 2202 471 2243 u
495 2180 585 2244 Patre
608 2194 638 2244 et
669 2182 757 2258 Filio;
780 2180 863 2247 unde
897 2182 1017 2268 etipse

97 2288 115 2333 c
140 2268 229 2332 Putre
252 2279 282 2333 et
305 2268 382 2332 Filio
405 2268 517 2334 dicitur
541 2270 665 2344 missus;
687 2269 772 2353 quod
795 2290 858 2334 nou
881 2270 1018 2335 minora·

96 2355 212 2422 tionem
235 2356 267 2423 in
290 2356 367 2442 ipso,
379 2356 433 2421 sed
447 2358 676 2442 processionem
692 2358 834 2422 ostendit.
849 2358 900 2421 Est
913 2372 1017 2423 tumen

97 2459 128 2509 et
150 2445 229 2510 alius
251 2444 363 2510 modus
375 2466 437 2531 quc
449 2459 511 2509 tent
528 2447 621 2511 Filius
637 2468 730 2531 quern
746 2446 876 2533 Spiritus
888 2445 1019 2511 Sanctus

97 2532 288 2599 invisibiliter
310 2533 388 2597 mitti
412 2534 564 2598 dicuntur.
581 2535 667 2598 Petet
682 2536 766 2598 enini
785 2534 1018 2619 cndictisquod

97 2620 190 2688 Filius
216 2621 354 2708 procedit
387 2622 518 2687 aPntre
553 2642 606 2707 per
643 2622 771 2687 rnodurn
808 2622 933 2687 notitiae
955 2642 1017 2707 que

97 2709 179 2775 Deus
201 2710 359 2793 cognoscit
380 2710 527 2796 seipsum,
550 2725 580 2775 et
603 2711 733 2793 Spiritus
756 2710 886 2775 Sanctus
910 2732 1019 2797 proce·

97 2797 140 2862 dit
162 2818 179 2862 s
202 2798 293 2863 Patre
316 2811 346 2863 et
371 2799 447 2863 Filio
471 2820 527 2886 per
549 2800 677 2863 modurn
710 2801 824 2864 amoris
846 2819 909 2885 quo
931 2799 1018 2865 Deus

97 2898 178 2949 eruet
200 2888 348 2973 seipsum:
370 2888 464 2966 unde,
487 2890 565 2953 sicut
592 2889 708 2953 dicturo
731 2900 787 2963 est,
811 2908 882 2953 curn
906 2888 1019 2975 nliqrtis

98 2993 152 3061 per
175 2974 323 3062 Spiritum
347 2975 494 3041 Sanctum
517 2990 638 3042 ametor
660 2976 717 3040 Dei
734 2976 876 3055 eflicitur,
886 2976 1018 3063 Spiritus

98 3062 224 3129 Sanetus
247 3077 293 3129 cst
316 3064 501 3130 inhabitator
523 3065 631 3156 ipsius3
658 3079 689 3129 et
711 3066 754 3130 sic
777 3065 912 3150 quodam
935 3085 1018 3131 novo

98 3150 190 3217 modo
224 3152 255 3216 iu
293 3151 420 3218 bomine
455 3167 510 3229 est,
544 3154 659 3217 scilieet
693 3154 866 3219 secundnm
900 3174 1017 3219 novum

98 3240 254 3328 proprium
278 3240 421 3307 effectum
446 3243 546 3328 ipsum
572 3242 755 3307 inlrobitnns.
779 3242 910 3327 thocd
932 3242 1018 3307 bunc

99 3327 238 3394 ellectum
262 3327 292 3392 in
316 3329 442 3394 bomine
466 3328 554 3395 iaciat
589 3330 721 3415 Spiritus
743 3329 885 3409 Sanctus,
918 3344 965 3394 est
987 3329 1017 3395 ei

100 3415 228 3483 sPetre
250 3429 281 3481 et
302 3417 389 3495 Filio;
413 3430 443 3483 et
466 3432 591 3505 propter
612 3420 673 3484 hoe
700 3440 717 3483 c
755 3419 847 3484 Patre
879 3431 911 3484 et
939 3418 1017 3483 Filio

99 3504 288 3574 invisibiliter
309 3505 420 3575 dicitur
447 3508 537 3587 mitti;
559 3521 589 3573 et
611 3508 682 3596 pnri⁴
712 3508 890 3575 rationein
911 3519 1018 3578 utente
