2484 3975
210 223 276 291 2l8
545 245 601 292 tu.
627 243 665 290 rt.
689 244 753 290 cra.
778 245 847 292 txtt.

210 333 282 380 curu
306 311 439 399 plurima
462 332 571 380 curum
595 313 656 380 sint
686 311 857 381 accidentia
889 311 1051 388 naturalia,
1087 335 1144 380 re-

210 403 337 490 quirunt
359 401 533 488 subjectum
556 401 780 468 determinatae
803 414 942 484 naturae,
957 422 1020 468 non
1036 403 1148 488 qualis

209 504 257 557 cst
280 503 388 557 nutura
412 490 550 577 corperis
584 491 714 558 humaui
749 489 798 558 vel
820 491 910 556 aeris.
946 489 1009 556 Nec
1042 493 1142 558 etiam

208 593 337 668 possunt
360 599 414 665 per
437 601 472 645 se
492 579 671 655 subsistere,
699 601 771 646 eunt
806 579 988 646 accidentis¹
1005 599 1075 646 ease
1099 583 1146 648 eit

208 669 310 734 ineeac
334 668 396 756 (l);
419 667 588 734 accidentia
611 681 729 747 auteur,
760 689 830 736 uum
853 670 915 736 sint
938 665 1067 748 formae,
1091 669 1143 736 in·

209 757 360 823 dividuari
385 777 448 822 nou
486 765 616 844 possunt
639 758 695 823 nisi
731 777 786 846 per
819 757 1006 844 subjectum
1041 758 1142 836 uude,

209 860 329 912 remoto
354 845 507 932 subjecto.
539 860 645 912 essent
667 845 786 912 formae
809 843 1014 914 universales.
1036 847 1144 912 llelin-

208 939 313 1023 quitur
335 937 427 1020 igitur
450 933 630 1022 hujusmodi
654 935 823 1002 accidentia
845 957 914 1002 eree
937 937 969 1002 in
996 935 1061 1000 ruis
1086 935 1143 1002 dc-

209 1025 379 1090 terminatis
401 1021 558 1110 subjeetis‚
585 1023 701 1090 scilieet
736 1025 766 1090 in
790 1025 960 1092 substantia
984 1024 1072 1112 panis
1108 1039 1143 1092 et

208 1113 280 1180 vini.
305 1113 356 1178 list
377 1113 471 1197 igitur
493 1113 535 1179 ihi
557 1112 727 1180 substantie
752 1114 839 1200 panis
862 1127 894 1178 et
916 1115 995 1190 vini,
1016 1127 1048 1180 et
1070 1134 1139 1180 nou

208 1202 379 1268 substantia
394 1203 534 1288 corporis
551 1201 675 1276 Christi.
697 1221 770 1269 cum
793 1202 1142 1291 impusslhllcvideetur

210 1291 274 1357 duo
297 1297 519 1378 corporu'esse
542 1291 645 1358 simul.

220 1421 222 1424 -
275 1381 392 1463 Quarta
415 1377 578 1449 difficultas
600 1379 711 1447 accidit
734 1400 771 1446 ex
788 1379 983 1467 passionibus
994 1393 1024 1447 et
1040 1381 1140 1448 actiu-

208 1468 311 1544 uibus‚
334 1488 413 1555 quac
441 1481 593 1556 apparent
627 1469 658 1534 in
683 1489 763 1554 pane
786 1483 817 1535 et
839 1469 909 1535 vinu
933 1483 1003 1556 pust
1023 1491 1139 1536 curtae·
1229 1469 1230 1486 ³

209 1559 380 1624 cretionem
403 1557 482 1622 sicut
504 1571 536 1622 et
562 1571 644 1623 unte.
667 1557 745 1625 Nem
770 1559 891 1636 viuum,
913 1560 938 1624 si
961 1559 994 1624 in
1019 1578 1140 1642 magna

207 1647 377 1732 quantitate
399 1659 587 1725 sumeretur,
607 1645 833 1714 calefaceretet
850 1647 1026 1723 inebriaret,
1045 1648 1140 1733 panis
1229 1665 1230 1668 ’

209 1748 313 1801 autern
335 1749 366 1799 et
388 1733 576 1800 confortaret
598 1749 631 1800 er
653 1736 795 1813 nutriret;
820 1735 964 1802 ridcutur
981 1737 1087 1812 uiam,
1111 1737 1140 1802 si

208 1824 263 1891 diu
285 1837 317 1890 ct
339 1823 462 1889 incaute
491 1835 666 1900 seruentur,
700 1823 857 1911 putrefieri
886 1837 918 1890 et
935 1845 958 1890 a
995 1825 1142 1892 muribus

208 1912 343 1991 eomedi;
371 1911 514 1978 comburi
548 1913 641 1978 etium
667 1926 848 2001 possunt‘et
871 1913 1143 1980 in-cinereunre-

208 2002 272 2089 digi
295 2015 325 2068 et
347 2017 514 2089 vupureun'
529 2023 612 2090 quae
634 2004 739 2069 emnia
763 2004 902 2091 corporis
925 2003 1038 2071 Christi
1062 2024 1141 2071 cun·

208 2092 315 2157 uenire
338 2112 401 2156 non
426 2106 564 2178 possunt,
586 2112 658 2157 curn
683 2092 761 2158 fides
784 2093 885 2179 ipsum
912 2092 1140 2179 impessibilem

209 2180 375 2269 praedicet.
398 2180 591 2266 Impossibile
629 2182 722 2265 igitur
746 2180 868 2247 videtur
903 2182 988 2268 quud
1023 2202 1143 2267 corpus

209 2270 321 2337 Christi
345 2270 376 2334 in
390 2270 450 2334 huc
465 2285 659 2336 sacramento
674 2268 916 2337 substantialiter
932 2271 1142 2342 continentur.

275 2359 390 2442 Quinta
413 2356 575 2425 difficultas
599 2358 720 2425 videtur
744 2358 920 2446 specialiter
935 2358 1076 2425 accidere
1099 2378 1142 2425 ex

209 2447 359 2514 [rectione
381 2447 480 2534 panis,
511 2468 592 2534 quae
629 2446 755 2533 quidem
795 2446 980 2529 sensibiliter
1009 2460 1143 2535 apparet

206 2557 266 2602 uec
299 2538 369 2602 siue
402 2534 543 2621 subjecto
577 2557 646 2601 esse
681 2547 789 2621 pctcet.
826 2536 1004 2602 Absurdutn
1042 2536 1139 2603 etiam

208 2628 329 2692 ridetur
351 2625 456 2691 dicere
489 2625 574 2710 quud
608 2624 690 2690 illius
722 2623 879 2690 fractionis
901 2624 1075 2710 subjectum
1098 2625 1142 2691 sit

208 2736 321 2802 eorpus
344 2713 466 2780 Christi.
505 2714 573 2779 Nou
596 2714 690 2798 igitur
723 2713 846 2780 ridetur
868 2712 910 2779 ibi
934 2733 1001 2779 eeae
1025 2733 1142 2801 cerpus

209 2804 332 2883 Christi,
355 2802 411 2869 sed
435 2802 537 2867 solum
560 2801 733 2887 substantia
756 2802 897 2889 petiiset
920 2802 992 2869 vini.

166 2907 168 2914 “
240 2920 242 2924 ·
275 2893 359 2958 llaec
382 2892 476 2975 igitur
509 2905 540 2957 et
573 2888 753 2975 hujusmodi
787 2903 860 2956 sunt
893 2905 1021 2978 propter
1057 2911 1142 2978 quae
1231 2940 1232 2957 r

209 2982 349 3049 doctriua
375 2980 486 3045 Christi
509 2994 541 3045 et
563 2980 715 3047 Ecclesiae
738 2980 891 3047 circahoc
907 2994 1140 3047 sacramentum

196 3073 289 3162 galura
315 3089 384 3137 esse
406 3069 538 3135 videtur.

263 3356 303 3425 (l)
322 3356 388 3411 Cam
404 3348 544 3407 accidentia
565 3367 619 3405 erra
637 3353 673 3403 ait
690 3352 785 3414 lucare,
804 3352 823 3403 i.
840 3366 864 3403 c.
877 3334 938 3403 curii
956 3335 990 3399 τὸ
1009 3366 1063 3407 erat
1074 3352 1143 3404 acei-

209 3449 298 3501 deutia
316 3448 351 3500 sit
368 3428 403 3493 re*
421 3446 514 3497 lucare.
532 3442 658 3495 Accidens
677 3442 746 3493 enirn
765 3457 818 3495 non
837 3447 924 3511 petest
941 3441 1055 3495 existere
1073 3441 1142 3513 quin

209 3534 352 3606 mtptetur
369 3534 397 3585 lu
415 3530 533 3600 subjecto
550 3529 593 3582 cui
611 3528 730 3582 inhaeret
747 3544 794 3584 eeu
812 3530 889 3587 inest.
