2484 3975
192 224 256 289 580
569 243 738 290 ornscmnn

190 312 359 378 similitudo
376 311 569 398 exprimitur,
586 326 615 378 ct
639 312 722 377 aliud
738 313 769 376 iu
786 331 848 397 quo
862 312 1052 392 terminatum
1069 335 1125 380 ex·

191 402 334 487 primitur
348 401 430 465 enim
448 423 464 466 a
478 421 570 467 sensu
583 416 614 467 et
631 402 814 465 terminatur
826 402 856 465 in
870 402 935 486 ipsa
949 402 1123 489 phantasia,

190 489 1121 576 cumphantasiasitmotusiactustteensusecundumactum,

188 579 360 645 secundum
385 577 609 665 Philosophum
633 579 703 665 (de
719 579 837 657 hnirne,
854 577 875 643 3
891 581 914 663 ).
940 579 1001 643 Sed
1024 601 1120 667 supra

189 666 379 734 intellectum
412 668 487 733 mntl
515 668 613 732 estin
638 688 700 753 quo
723 666 763 732 ab
787 672 853 754 ipso
878 668 993 754 aliquid
1017 670 1122 756 expri-

188 770 300 833 matun
323 769 354 820 et
376 754 448 821 ideo
472 775 535 821 nou
559 770 604 821 est
628 756 711 821 ahud
735 756 818 843 quod
851 758 994 842 exprimit
1017 757 1056 822 ab
1078 779 1120 825 en

187 847 219 912 in
242 866 305 932 quo
329 845 520 932 exprimitun
544 846 620 910 sicut
644 846 755 910 necin
779 846 845 910 Deo
864 844 947 911 aliud
966 861 1012 910 est
1027 846 1121 913 Pater

189 935 366 1022 exprimens
389 948 419 998 et
443 934 526 1000 eliud
550 936 581 998 in
605 955 668 1020 quo
680 935 827 1020 recipitur
843 954 1032 1020 expressum.
1055 935 1120 1002 Sed

189 1023 291 1089 adhue
313 1024 344 1087 in
370 1022 525 1088 intellectu
559 1038 667 1088 nostro
690 1022 907 1100 codetanus,
937 1024 1009 1109 quia
1032 1025 1118 1091 ahud

188 1125 234 1178 est
256 1110 340 1198 quod
360 1112 513 1197 exprimit,
537 1111 619 1178 aliud
645 1115 746 1199 ipsum
771 1114 899 1177 verbum
923 1133 1116 1199 expressum3

188 1200 271 1288 quod
296 1202 326 1265 in
351 1201 418 1266 Deo
450 1221 513 1266 non
548 1201 710 1278 iuvenitur3
733 1215 764 1265 et
787 1202 857 1266 iden
891 1200 1028 1267 Verbum
1057 1203 1117 1268 Dei

188 1301 235 1356 est
258 1290 352 1369 ocus,
375 1288 547 1355 intellectus
583 1303 687 1355 autem
722 1305 827 1354 noster
861 1289 991 1354 terbum
1024 1311 1119 1358 suum

188 1397 251 1444 non
282 1392 338 1456 est,
359 1397 462 1465 neque
489 1379 580 1443 etiam
619 1393 665 1443 est
701 1399 794 1444 suum
828 1378 941 1457 dicere,
964 1380 1049 1464 quod
1071 1393 1119 1446 est

188 1470 327 1554 proxima
350 1487 441 1533 consa
459 1468 556 1532 verbi.
572 1467 714 1534 Nascitur
730 1469 813 1533 enirn
829 1468 959 1534 uerbum
976 1481 1119 1535 nostrum

188 1575 226 1622 cx
249 1557 354 1622 notitia
378 1556 507 1642 aiicujus
531 1556 627 1622 hahiti
651 1557 733 1644 apud
757 1558 943 1623 memoriam
967 1572 1118 1637 nostram,

188 1663 267 1732 quae
291 1644 366 1711 nihii
393 1645 474 1711 aliud
498 1659 544 1710 est
567 1647 596 1710 in
623 1647 773 1712 hocloco
803 1665 896 1733 quom
932 1646 998 1732 ipsa
1032 1667 1118 1712 rece-

188 1733 333 1820 ptibiiitas
357 1735 478 1800 animae
514 1749 648 1813 nostrae,
677 1735 792 1822 inqua
826 1737 918 1800 etiam
953 1748 1036 1800 tenet
1071 1755 1122 1814 se,

187 1823 361 1890 secundum
385 1825 605 1909 Augustinutn,
629 1825 809 1888 etiamnum
831 1845 866 1889 se
881 1843 943 1888 nnn
960 1823 1118 1901 disceruit,

187 1911 242 2002 sed
265 1912 322 1976 ulie
347 1931 427 1999 quae
457 1914 494 1978 ab
517 1926 602 1978 extra
626 1914 768 2001 acquirit.

254 1998 378 2065 Primus
401 2022 475 2086 ergo
497 2022 660 2089 processus
684 2005 714 2066 in
749 2002 926 2086 cognitione
962 2002 1047 2068 verbi
1071 2017 1119 2068 est

186 2110 257 2155 cum
282 2090 453 2156 intellectus
478 2091 587 2177 accipit
611 2113 627 2155 a
654 2093 806 2157 memoria
829 2090 912 2177 quod
936 2091 976 2156 ab
999 2112 1034 2155 ea
1057 2091 1117 2157 sihi

186 2178 323 2256 offertur,
346 2200 408 2244 non
433 2199 502 2243 eam
535 2180 671 2266 spolians
695 2183 781 2267 qnasi
806 2182 896 2245 inea
922 2181 998 2245 nihii
1021 2179 1117 2246 reiin·

186 2288 294 2353 quens,
319 2267 373 2333 ted
397 2268 631 2334 similitudinem
656 2269 750 2334 hahiti
780 2269 811 2333 in
834 2288 868 2333 se
891 2288 1062 2346 assumens
1084 2282 1117 2335 et

185 2358 246 2423 hoe
269 2371 314 2422 est
337 2358 438 2423 simiie
462 2357 502 2421 iiii
528 2360 610 2444 quod
645 2360 676 2422 in
714 2359 866 2423 memoria
901 2359 1043 2423 habetur.
1078 2358 1116 2423 Et

186 2444 256 2510 iden
280 2461 406 2511 tonatur
429 2445 595 2531 aliquando
619 2446 693 2511 illud
718 2446 800 2533 quod
825 2446 864 2511 ab
887 2446 1041 2511 intellectu
1064 2468 1115 2512 ao·

185 2534 295 2620 cipitur
317 2534 445 2600 verbnm
479 2538 667 2610 memorium·
690 2537 744 2600 sed
783 2535 885 2600 adhuc
921 2556 985 2601 non
1020 2536 1115 2601 hebet

184 2622 351 2775 perfectam
375 2626 527 2689 rationem
560 2624 654 2689 terhi.
679 2625 814 2689 Haberet
836 2638 952 2703 tomen,
975 2626 1000 2689 si
1025 2625 1114 2690 intel-

197 2725 280 2778 ectus
303 2713 404 2778 solum
429 2713 579 2799 reciperet
603 2734 619 2776 a
645 2716 794 2778 memoria
819 2715 1022 2800 exprimente;
1044 2714 1114 2792 sed,

185 2818 255 2866 cum
279 2801 430 2866 memoria
448 2822 510 2865 nou
527 2801 640 2866 habeat
663 2816 767 2867 actum
790 2804 937 2887 aliquem,
965 2801 1020 2868 sed
1043 2802 1114 2869 ineo

184 2892 270 2954 aetus'
291 2890 394 2958 soium
418 2902 519 2956 tenent
549 2890 653 2956 iibere
677 2894 764 2978 quasi
800 2908 904 2979 parata
939 2892 1071 2978 capienti
1095 2914 1113 2956 a

183 2998 227 3055 se,
250 2978 422 3045 intellectus
446 3000 519 3043 vero
543 2980 574 3043 in
598 2979 716 3044 lumine
739 3002 796 3046 suo
818 2982 917 3066 capiet
940 3000 987 3058 en,
1011 2979 1114 3047 adhue

185 3066 351 3149 perfectam
377 3068 527 3132 rationem
554 3069 639 3132 verbi
657 3070 834 3135 nonhabet.
852 3070 885 3134 in
901 3070 1013 3134 divinis
1028 3089 1112 3150 tero,

183 3156 287 3232 Pater,
310 3157 359 3221 eui
384 3156 549 3241 respondet
585 3158 790 3223 memoriam
826 3160 946 3223 ratione
983 3158 1115 3238 ordinis,

183 3244 337 3331 complete
360 3260 497 3328 generat,
521 3245 592 3331 quia
628 3246 719 3312 Pater
755 3247 785 3313 id
809 3246 893 3334 quod
931 3248 1025 3314 hahet
1047 3266 1113 3314 non

182 3332 284 3397 solunt
309 3346 392 3399 tenet
415 3348 446 3400 ut
471 3336 623 3400 memoria
649 3337 729 3422 apud
754 3357 823 3415 nos,
854 3336 920 3413 sed,
958 3337 1030 3425 quia
1065 3352 1113 3402 est

181 3423 375 3507 suppositum
398 3424 587 3510 completum
610 3426 699 3509 cujus
714 3440 759 3490 est
776 3444 879 3511 agere,
896 3426 966 3491 iden
982 3440 1112 3509 generat

183 3508 305 3574 Filium.
321 3510 388 3575 Non
404 3512 488 3576 enim
512 3513 543 3577 in
560 3516 764 3598 generatione
780 3516 836 3580 ista
851 3515 1112 3602 praesupponitur
