2484 3975
335 233 371 278 nn
395 234 506 279 utrum
530 233 616 280 tunm
640 232 833 278 int-sturmus
984 212 1044 279 591

126 299 247 366 uidetur
280 302 538 389 propinquissima
579 303 746 387 cognitioni
786 301 930 378 relietum
965 304 1050 368 unde

130 388 217 456 multi
242 404 425 476 putaverunt
445 412 523 463 enm,
538 391 694 457 reflexam.
718 389 794 456 Cunr
825 391 909 456 enim
946 391 1049 457 enimn

125 477 288 544 informato
312 481 414 565 speeie
440 480 552 547 lorntet
577 481 705 546 terbum
728 481 758 544 in
782 499 828 558 se,
848 500 911 544 non
937 479 1050 546 lormet

125 567 226 652 ipsum
251 568 281 632 in
305 569 409 655 aliquo
431 571 477 636 sui
506 591 567 635 non
611 569 774 634 informato
811 567 924 654 speeie,
961 571 1049 656 qunti

125 655 240 741 aliquid
263 657 310 722 sui
335 658 518 724 extendero
548 680 581 724 se
617 679 680 722 nott
716 657 915 724 informatum
947 659 1050 743 specie

128 746 238 829 prime,
262 760 295 810 ut
316 746 348 810 in
372 767 410 812 eo
434 747 562 813 verbum
587 749 722 832 primum
735 746 895 822 immotum
906 761 936 812 et
947 747 1049 831 ipsum

126 831 267 917 (aliquid
290 835 365 918 sui)
389 850 468 902 esset
481 835 680 900 informatum
698 835 791 901 uerbo
807 836 838 899 in
855 854 892 899 eo
905 833 1049 913 formetm

127 921 172 986 sie
195 923 277 988 enirn
303 924 456 990 videretur
479 926 601 992 extendi
626 927 713 1009 quasi
737 926 767 988 in
791 939 921 996 rectum,
954 925 1049 990 etsie

127 1031 182 1095 per
205 1027 306 1076 uotum
331 1025 447 1079 rectum
472 1013 658 1079 formaretur
688 1013 827 1091 verbunt;
861 1011 927 1090 sed,
949 1012 981 1076 in
1002 1033 1048 1093 te,

125 1101 229 1184 speeie
253 1101 350 1186 primu
375 1100 515 1180 formate,
539 1124 576 1166 eo
600 1101 683 1187 quod
723 1101 851 1167 lormntn
885 1116 941 1180 est,
978 1117 1047 1168 notu

125 1188 261 1272 gignitur
284 1191 425 1270 terbum,
448 1206 478 1255 et
501 1213 563 1258 nou
588 1191 619 1256 in
643 1191 746 1278 aliquo
768 1191 815 1256 sui
845 1190 941 1268 nudo;
965 1191 1047 1256 unde

124 1276 244 1344 ridetur
268 1278 343 1343 lineo
366 1280 494 1364 giguitio
517 1279 673 1346 simillima
697 1279 838 1344 reflexae.

189 1366 250 1431 Sed
273 1367 433 1434 solendum
458 1381 505 1434 est
530 1368 626 1455 quod,
648 1388 720 1434 outn
749 1368 874 1434 rellerio
914 1367 966 1432 liat
998 1387 1048 1432 re·

125 1453 250 1520 denudo
273 1477 365 1542 super
388 1457 470 1522 idem
487 1465 498 1543 ζ
517 1459 567 1524 hio
584 1472 762 1523 autemnon
778 1459 812 1522 fit
828 1455 938 1522 reditio
953 1476 1046 1541 super

124 1545 258 1628 speeiem
283 1565 340 1610 nee
358 1566 451 1631 super
466 1547 655 1612 intellectum
667 1546 834 1611 formatum
850 1547 963 1631 speeie,
973 1548 1045 1630 quie

125 1652 186 1696 non
203 1633 414 1718 percipiuntur
429 1637 554 1720 quondo
571 1636 699 1702 verbum
714 1635 865 1700 formetur
881 1637 904 1716 l,
916 1635 1044 1719 giguitio

125 1721 209 1786 verbi
233 1742 294 1786 nou
317 1739 362 1787 est
384 1722 505 1790 reflexa.
530 1725 597 1788 tlon
620 1726 703 1788 enim
731 1737 897 1806 generetur
913 1725 1044 1788 verbum

124 1809 224 1895 iprum
249 1829 303 1895 per
337 1824 438 1878 uotum
470 1813 652 1891 intellectus,
687 1834 744 1878 neo
767 1815 833 1897 ejus
865 1811 1044 1889 similitudo,

123 1917 182 1964 nee
204 1899 296 1964 etiem
321 1900 488 1967 similitudo
511 1902 590 1968 illius
614 1901 727 1988 speciei
751 1903 847 1988 (quio
874 1901 1045 1965 intellectus

122 1985 306 2053 informatur
330 1991 415 2075 qussi
441 1990 570 2059 verbum
596 2006 676 2055 esset
699 1990 766 2076 ejus
795 1992 1045 2079 expressivum),

121 2078 176 2141 sed
199 2078 367 2144 similitudo
390 2080 446 2155 rei;
469 2080 551 2147 illius
575 2081 659 2145 enirn
681 2079 852 2147 similitudo
879 2093 1045 2164 generetur

123 2166 205 2250 quod
230 2167 259 2230 in
282 2188 338 2233 sua
361 2168 563 2235 similitudine
584 2170 790 2253 cognoscitur.
813 2169 863 2235 list
880 2184 982 2233 temen
998 2169 1044 2254 ip·

122 2274 191 2318 sum
215 2255 344 2321 verbum
367 2257 535 2322 similitudo
560 2258 640 2323 illius
663 2257 787 2343 speciei,
810 2270 968 2343 tamquam
979 2254 1045 2342 ejus

122 2362 185 2429 quo
209 2342 322 2409 laetum
346 2359 392 2410 est
415 2345 472 2410 sibi
494 2346 701 2422 simillimum
723 2346 891 2411 similitudo
904 2365 977 2411 tero
998 2348 1044 2410 rei
1070 2413 1074 2424 ,

122 2446 168 2496 est
191 2448 224 2496 ut
247 2433 285 2498 ad
310 2433 392 2519 quod
416 2434 565 2500 formetur
582 2447 612 2499 et
636 2435 844 2521 tamqnamud
860 2433 926 2520 ejus
941 2453 1044 2501 exem-

42 2528 44 2533 '
122 2520 198 2605 pler.
222 2520 285 2587 Neo
309 2536 435 2608 propter
473 2523 532 2587 hoe
568 2536 690 2611 oportet
724 2524 823 2609 ipsum
858 2522 1044 2589 formantem

122 2610 206 2694 prius
230 2630 295 2675 rem
321 2611 443 2689 intueri,
466 2626 496 2675 et
519 2614 649 2697 posted
672 2612 952 2678 eamverbumseu
968 2615 1045 2677 imu-

120 2697 224 2779 ginem
249 2699 347 2783 ipsum
373 2701 402 2763 in
426 2720 460 2765 se
483 2700 628 2779 formare,
651 2702 721 2787 quio
758 2701 874 2767 liobere
910 2701 1046 2787 speeiem

121 2787 166 2851 rei
190 2786 272 2872 opud
296 2808 330 2853 se
353 2788 478 2854 esttibi
503 2789 571 2857 looo
595 2803 737 2877 aspectus
759 2788 952 2877 exemplaris
975 2791 1046 2854 arti·

120 2874 192 2941 lices
216 2896 363 2962 nomque,
386 2877 538 2945 intuentes
560 2900 616 2945 sun
638 2879 837 2966 exemplaria,
861 2878 938 2943 nilril
960 2878 1044 2943 eliud

121 2964 284 3049 requirunt
310 2966 369 3033 nisi
392 2966 473 3052 ipsos
497 2970 614 3055 speeies
638 2967 871 3055 exemplarium
894 2969 971 3033 lteeo
992 2987 1047 3033 ott·

119 3066 182 3117 tem
205 3053 336 3140 speeies,
360 3074 454 3141 quent
480 3055 572 3123 hebet
593 3055 778 3134 intellectus,
801 3058 925 3123 ndreoit
946 3056 1045 3123 stbtr

118 3161 153 3205 re
176 3160 269 3227 quam
296 3144 360 3229 ipse
383 3162 448 3209 nou
471 3159 517 3211 est
539 3146 677 3223 intuitus,
698 3145 754 3211 sed
781 3166 899 3212 sensus
916 3145 950 3210 Et
972 3148 1044 3231 quin

117 3244 162 3295 est
186 3231 230 3295 rei
254 3232 433 3311 similitudo,
456 3248 502 3299 est
516 3234 701 3321 principium
718 3235 925 3319 generationis
939 3234 1043 3320 ltujus3

118 3318 203 3385 unde
225 3319 265 3385 in.
281 3320 435 3387 intellectu
459 3334 559 3410 potest
581 3342 649 3388 esse
672 3324 830 3407 generatio
846 3335 1043 3411 perrectum,

111 3429 192 3475 eum
217 3409 294 3475 ottrtt
318 3410 383 3494 ejus
406 3424 579 3494 generetur.
604 3411 727 3477 Direote
761 3412 853 3497 igitur
885 3433 903 3477 n
940 3413 1044 3498 speeie

119 3498 185 3583 ipsa
213 3499 272 3565 itur
295 3499 325 3565 in
347 3499 447 3588 ipsunt
488 3500 628 3581 verbum,
667 3521 738 3567 cum
776 3521 840 3578 non
877 3501 1043 3589 percipitur
