2484 3975
381 245 419 289 ua
443 241 564 289 utttraru
583 243 774 290 tntsttacrus
976 225 1040 290 569

115 312 318 386 substantiam
342 326 387 380 est
411 332 483 389 unu
507 313 672 398 praecipue
682 334 753 378 auro
770 311 948 386 Aristoteles
961 315 1042 381 dieat

117 411 125 476 ι
146 402 336 489 lletaphys..
359 402 406 489 8)
429 399 513 488 quod
536 422 573 466 ea
596 421 677 486 quae
699 423 761 468 uon
797 400 913 468 habent
946 416 1044 469 mate·

114 493 195 559 riam
219 512 280 557 non
305 489 418 560 habent
442 509 567 556 oausam
580 501 614 554 ut
630 491 689 556 sint
701 511 798 557 unum
811 504 842 556 et
858 512 923 557 ens.
939 491 1041 558 Unum

114 580 344 656 autem'dieitur
366 578 561 666 (Metapltys.
578 627 587 654 .
602 577 649 662 ιι)
662 579 913 667 quadrupliciter:
928 580 1044 648 scilieet

113 689 260 748 numero,
281 669 393 757 speeie,
416 687 530 754 genere
553 681 584 732 et
607 670 816 754 proportione.
839 668 902 734 Nee
928 684 975 735 est
997 669 1044 735 tli-

116 759 251 824 cendum
275 758 358 845 quod
385 758 487 844 aliqua
510 755 678 823 substantia
702 770 842 844 separata
873 758 912 823 sit
945 779 1043 825 unum

114 861 237 914 tantum
260 847 363 934 speeie
385 847 433 913 vel
457 864 583 928 genere,
605 846 676 930 quia
700 846 761 912 hoo
799 867 861 912 non
895 860 940 912 est
976 867 1044 912 esse

116 935 298 1022 simpliciter
320 957 428 1002 unum.
452 933 648 1018 Relinquitur
670 954 745 1020 ergo
783 934 869 1021 quod
890 934 1045 1022 quaelibet

115 1024 286 1092 substantia
310 1036 450 1111 separata
473 1023 512 1090 sit
535 1042 632 1096 unum
671 1043 814 1090 numero.
838 1022 901 1091 Nee
934 1023 1044 1089 dieitur

117 1112 233 1199 aliquitl
248 1133 344 1180 unum
358 1133 490 1180 numero
503 1109 627 1196 quiajsit
640 1132 737 1178 unum
755 1112 794 1178 de
816 1132 958 1187 numero;
981 1132 1044 1178 non

119 1203 203 1268 enirn
227 1221 375 1267 numerus
397 1216 444 1268 est
465 1219 556 1268 eausa
581 1201 681 1279 unius,
698 1201 752 1268 sed
767 1220 959 1276 econverso,
972 1202 1043 1288 quia

117 1289 366 1356 innumeranda
390 1309 452 1356 non
489 1287 646 1366 dividitur;
680 1311 777 1356 uuum
811 1290 895 1356 enim
930 1304 976 1356 eat
1013 1290 1043 1354 id

118 1378 204 1465 quot
229 1399 290 1444 non
314 1378 470 1446 dividitur.
493 1379 555 1444 Nee
577 1376 689 1444 iterum
703 1379 762 1444 hoa
778 1399 887 1444 rerum
902 1379 1044 1466 estquod

120 1467 222 1534 omnis
245 1488 393 1534 numerus
415 1481 559 1534 causatur
592 1468 772 1544 amateria3
811 1467 922 1534 frustra
960 1468 1044 1534 enim
1088 1498 1091 1503 ·

120 1555 296 1622 Aristoteles
318 1552 515 1642 quaesivisset
535 1572 703 1622 numerum
733 1557 973 1624 substantiarum
995 1578 1045 1621 se·

121 1658 307 1730 paratarum:
331 1645 417 1731 ponit
439 1646 532 1710 etiam
556 1643 733 1712 Aristoteles
763 1644 1044 1732 (Mamphys.,-li)

121 1733 205 1820 quod
229 1733 360 1800 multum
384 1732 540 1812 dividitur,
576 1753 640 1800 aon
675 1733 776 1800 solum
814 1754 956 1809 numero,
988 1734 1043 1800 sed

121 1825 213 1888 etiam
237 1823 339 1908 speeie
360 1836 390 1888 et
413 1843 538 1908 genere.
561 1823 624 1890 Nee
645 1824 738 1888 etiam
772 1822 833 1890 hoe
867 1843 974 1888 terum
999 1837 1046 1890 est

121 1910 204 1997 quod
229 1911 397 1978 substantia
421 1925 560 1999 separatu
584 1933 648 1978 non
671 1912 710 1976 sit
730 1911 894 1998 singularis
921 1926 951 1978 et
967 1911 1044 1978 indi·

121 2000 249 2067 riduum
272 2000 406 2087 aliquod;
429 2000 563 2087 alioquin
587 2023 650 2067 non
672 2001 945 2087 haberetaliquam
970 2022 1045 2090 ope·

122 2090 291 2167 rationem,
314 2109 385 2156 oum
411 2104 495 2155 aetus
533 2092 593 2157 sint
631 2093 731 2157 solum
765 2090 980 2176 singularium,
1014 2104 1047 2157 ut

120 2176 328 2264 Philosophus
352 2178 434 2255 dieit;
458 2177 541 2243 unde
563 2192 670 2245 eontra
697 2179 857 2244 Platonem
873 2178 1047 2264 dieit(.lle·

125 2266 268 2352 taphys.,
290 2267 337 2354 7)
360 2266 454 2354 quod,
477 2268 502 2333 si
525 2266 865 2355 ideaesintseparatae,
880 2288 942 2333 non
959 2288 1046 2355 prae·

121 2354 277 2421 dicabitur
299 2355 339 2421 de
362 2355 465 2422 multis
488 2354 556 2420 idea
580 2376 638 2421 nea
669 2356 780 2443 poterit
814 2355 947 2433 deliniri,
969 2357 1047 2422 sieut

120 2443 263 2509 uenalia
287 2443 444 2511 individua
467 2464 546 2531 quae
569 2458 641 2511 sunt
664 2445 753 2511 unica
777 2444 808 2509 io
846 2466 901 2511 sua
934 2446 1047 2531 speeie,

122 2544 157 2599 ut
181 2531 277 2597 sol-et
302 2531 385 2618 iuna.
409 2532 476 2598 Non
499 2535 582 2599 enim
613 2533 745 2606 {materia
780 2546 826 2598 est
864 2533 1047 2620 principium

122 2619 372 2688 individuationis
395 2621 427 2687 in
450 2620 543 2687 rebus
557 2621 779 2699 materialibus,
791 2621 849 2687 nisi
865 2622 1047 2708 inquantum

122 2708 253 2775 materia
278 2731 339 2775 non
364 2722 410 2776 est
432 2709 651 2797 participabilis
674 2732 690 2775 a
714 2709 864 2797 pluribus,
902 2732 973 2776 eum
1010 2712 1049 2775 sit

120 2798 258 2884 primum
283 2798 456 2884 subjeetum
481 2818 542 2863 non
566 2798 698 2865 existens
729 2799 759 2863 in
783 2796 854 2863 alio.
894 2797 981 2865 Untle
1019 2812 1049 2865 et

124 2885 165 2951 de
188 2885 256 2951 idea
280 2885 455 2953 Aristoteles
478 2885 550 2953 dicit
573 2885 668 2974 quod,
679 2887 705 2952 si
720 2885 790 2952 idea
804 2900 886 2953 esset
897 2900 1047 2975 separata,

125 2988 206 3039 esset
228 2974 381 3061 quaedam
406 2974 574 3041 substantia
599 2975 756 3041 indiuidua
791 2996 885 3059 quam
908 2976 1049 3063 impossi-

123 3062 187 3127 bile
209 3076 289 3128 esset
312 3062 482 3150 praedicari
505 3063 546 3128 de
561 3064 677 3130 multis.
692 3062 870 3130 individuae
885 3084 962 3149 ergo
977 3079 1050 3131 sunt

121 3149 313 3217 substantiae
336 3164 496 3239 separatae
519 3165 549 3217 et
571 3152 753 3237 singulares
775 3173 837 3217 non
875 3168 979 3218 autem
1002 3153 1047 3218 in-

123 3239 322 3307 dividuantur
343 3260 381 3305 ex
404 3240 543 3317 materia,
565 3240 619 3306 sed
643 3261 681 3306 ex
704 3240 763 3306 hoe
787 3240 854 3327 ipso
877 3241 961 3327 quod
984 3261 1046 3306 uon

123 3339 195 3394 sunt
217 3341 307 3393 ustae
329 3330 360 3393 in
383 3327 444 3393 alio
456 3348 523 3393 esse
536 3343 567 3393 et
580 3348 635 3415 per
647 3348 842 3413 consequens
858 3349 916 3393 neo
928 3329 1047 3414 partiei-

123 3416 188 3503 pari
201 3437 218 3481 a
233 3416 346 3483 multis.
360 3416 401 3482 Ex
414 3437 476 3502 quo
488 3418 627 3503 sequitur
637 3415 732 3503 quod,
747 3424 771 3481 si
784 3415 823 3483 sit
834 3416 935 3503 aliqua
948 3415 1045 3483 forma

125 3517 195 3573 nato
212 3504 385 3594 participari
399 3504 437 3571 ab
461 3504 563 3593 aliquo
580 3506 619 3573 ita
643 3504 726 3595 quod
749 3505 789 3572 sit
811 3518 896 3573 aetus
919 3504 1048 3594 alieuius
