2484 3975
332 231 369 275 ns
393 227 573 275 sunsraurns
596 229 751 273 serrnmis
777 243 780 250 ·
936 211 999 275 lSl

87 309 116 362 et
137 295 260 361 interius
284 299 367 364 linita
391 303 534 365 existens.
557 300 732 364 Substantia
747 294 1001 383 verospiritualis

86 400 128 450 ost
132 386 284 490 'quidem
295 388 379 452 linita
402 390 554 474 superius,
569 393 782 474 inquantuma
803 389 1001 474 primoprin·

84 474 159 559 eipio
180 476 338 561 participat
359 496 428 542 esse
456 476 628 542 seeundum
663 477 823 562 proprium
861 477 1002 554 modone

84 575 250 652 essentem
274 565 377 651 aliquo
400 565 494 630 modo
517 566 636 630 inlinita
659 564 827 642 inferius,
820 579 1002 669 inquantum

81 669 144 715 ιιοιι
166 646 363 740 participatur
385 655 418 720 io
439 653 586 738 subjecto.
611 652 751 718 Primum
774 673 848 717 uero
887 655 1002 740 prinoi-

82 741 163 826 pluur
184 742 268 827 quud
292 742 375 808 Deus
397 756 454 822 est,
473 756 521 806 ert
540 742 689 809 uornibtts
719 743 820 807 modis
836 743 1000 810 inlinituni'.
1082 739 1085 746 ’

408 919 578 986 CAPUT
616 917 674 984 tlt

135 1094 309 1180 Opirtiottet¹
322 1097 488 1162 dieeuostm
513 1096 704 1164 reiterandae
724 1097 948 1168 ι’,ιιιιιιιιιιιιιιιιιι

87 1202 213 1250 eoutom
234 1189 284 1252 eui
303 1205 371 1250 este
391 1206 452 1251 uon
475 1186 597 1262 Moero,
619 1197 778 1252 eteorum
801 1185 987 1272 reprobatio.

141 1363 225 1428 Sient
245 1376 349 1427 utitem
372 1363 528 1449 praediotr
549 1363 671 1450 positio,
693 1362 773 1430 eirea
787 1363 997 1437 eonditionsm

72 1453 277 1539 spiritualium
299 1452 551 1531 substantiarum,
572 1473 590 1517 a
611 1453 763 1518 seutorttia
799 1452 934 1518 Plutonis
950 1499 952 1506 -
967 1467 1000 1518 et

76 1541 244 1606 Aristotelis
265 1541 378 1616 deviet,
399 1542 445 1605 eir
467 1541 732 1607 immaterialitatis
768 1540 996 1628 simplieitatem

71 1630 226 1708 auferens,
264 1630 360 1694 itaet
388 1631 467 1694 eirea
506 1629 634 1694 modum
669 1630 823 1694 existendi
862 1631 996 1715 ipsarum

70 1718 207 1804 aliquis
246 1719 373 1784 ueritate
404 1721 544 1783 deviasse
579 1718 787 1798 inveniuntur,
821 1719 996 1784 auferentes

73 1827 181 1872 earum
206 1807 357 1892 originem
380 1828 397 1870 a
421 1809 523 1894 primo
545 1821 575 1872 et
598 1827 723 1873 summo
739 1820 873 1883 auetore3
890 1809 920 1872 in
932 1827 995 1892 quo

69 1897 271 1960 inveniuntur
293 1897 403 1959 diversi
428 1898 570 1961 nomines
594 1896 754 1982 tripliciter
768 1915 901 1962 errasse.
922 1897 995 1978 Quia

67 1984 144 2050 dam
167 1988 253 2050 enim
275 2000 444 2072 posueruut
468 1985 845 2074 praedietes'substantias
867 1988 996 2052 οιιιιιίιιο

67 2093 194 2139 eausam
215 2076 265 2139 sui
289 2094 357 2139 esse
393 2094 456 2140 non
493 2075 617 2139 habere.
657 2074 790 2157 Quidam
827 2088 996 2162 posuerunt

65 2182 122 2226 eas
145 2163 271 2249 quidem
295 2163 415 2228 essendi
439 2183 563 2229 eausam
585 2164 713 2243 hebere,
737 2182 798 2229 non
823 2164 995 2228 tamenim·

62 2250 204 2316 mediate
225 2272 336 2317 omnes
356 2270 411 2317 eus
429 2254 638 2339 procederes
667 2270 789 2317 summo
827 2266 857 2315 et
892 2254 994 2338 primo

66 2341 233 2428 principio,
255 2341 322 2415 sed,
346 2343 479 2427 quadem
503 2343 584 2405 serie
607 2340 736 2421 ordinis,
761 2339 919 2407 inferiores
942 2360 994 2405 ea·

62 2445 138 2493 rum
163 2450 180 2493 a
203 2431 414 2517 superioribus
434 2434 557 2495 essendi
581 2431 733 2515 originem
772 2430 898 2494 nabere.
937 2430 993 2494 lllii

61 2536 139 2582 uero
162 2517 349 2583 eonfitemur
370 2538 484 2594 omnes·
501 2519 627 2604 quidem
651 2518 827 2603 hujusmodi
850 2517 993 2583 substan

60 2606 121 2670 tias
146 2608 325 2671 immediate
346 2608 468 2673 essendi
496 2608 615 2673 nabere
647 2609 800 2692 originem
839 2627 856 2669 a
891 2607 992 2693 primo

60 2696 228 2782 principio,
251 2695 306 2760 sed
342 2696 373 2760 in
406 2698 537 2761 caeteris
570 2714 650 2782 quae
685 2698 723 2760 de
755 2696 800 2759 eis
835 2694 992 2775 dicuntur,

58 2796 137 2869 puta
162 2784 246 2870 quod
269 2798 340 2849 sunt
362 2785 508 2862 virentes,
530 2785 745 2869 intelligentes,
768 2783 992 2869 etulialtutus-

57 2871 161 2999 modi,
184 2874 359 2959 superiores
383 2874 579 2938 inferioribus
601 2894 709 2941 causas
729 2876 870 2943 existere.

129 2960 270 3025 Primum
309 2963 435 3048 quidem
474 2964 566 3046 igitur
596 2961 768 3048 spirituales
803 2961 989 3027 snbstantias

55 3050 200 3115 omnino
218 3052 390 3116 insensatas
411 3071 479 3118 esse
501 3050 686 3129 existimant,
709 3053 789 3115 lanne
809 3050 989 3143 opinionem

54 3152 220 3203 sumentes
232 3160 269 3203 ex
293 3141 340 3204 his
356 3160 436 3225 quae
447 3141 617 3204 seeundum
633 3142 796 3205 materiam
813 3153 990 3219 caueantur,

52 3238 185 3293 utemes
207 3232 364 3292 communi
387 3228 598 3314 suppositione
624 3228 752 3295 naturali
792 3226 990 3315 pliilosoplio-

51 3336 130 3379 rum
156 3317 401 3404 propriissime,
421 3316 471 3384 Eo
489 3317 588 3381 uilttlo
606 3319 690 3381 nihil
711 3320 787 3405 fieri
803 3316 876 3383 lloo
885 3330 988 3381 autom

50 3402 185 3468 uidetur
208 3404 273 3468 lieri
297 3406 380 3490 qnod
405 3407 497 3471 lnbet
518 3423 647 3471 eruum
668 3410 718 3471 sui
735 3426 812 3472 esse
828 3403 987 3489 Quidquid

49 3493 173 3576 igitur
176 3494 226 3557 sui
245 3514 326 3558 esse
337 3511 462 3559 oausam
485 3496 579 3560 habet
599 3510 733 3584 oportet
746 3495 821 3563 illud
855 3513 893 3559 etr
925 3492 987 3558 ullo

99 3580 134 3649 S.
167 3583 222 3647 Tlt.
245 3580 392 3650 Stemmoe
414 3561 495 3650 Pltil
520 3584 553 3652 l'.
578 3585 609 3650 5.
898 3581 935 3652 51
