2484 3975
378 245 415 288 ue
439 244 561 289 usuratu
578 243 771 289 munecius
970 220 1035 286 575·

112 309 321 386 numeraliter,
345 311 416 380 lieet
437 314 519 399 apud
542 313 666 378 Latinos
698 333 772 378 nou.
794 308 916 397 Algazel
951 315 1035 374 enim

112 396 224 464 latinus
246 420 309 465 nou
335 401 401 480 luit,
423 403 480 468 sed
517 402 619 478 arabs3
641 403 795 467 Anieeona
833 400 941 476 etiam,
979 399 1035 486 qui

111 485 200 552 arabs
223 486 290 569 luit,
310 491 342 555 in
365 510 422 556 suo
449 491 530 556 libro
552 490 593 556 de
614 491 723 555 Anima
748 492 793 556 sie
815 489 898 554 dieit:
928 515 943 545 ι
958 485 1035 553 Pru·

110 573 214 641 dantia
236 589 267 642 et
286 578 412 644 stultitia
434 591 466 644 et
487 580 593 667 opinio
615 592 648 644 et
669 579 729 644 alia
751 579 800 644 bis
822 574 933 643 similia
967 596 1032 641 uun

107 679 180 730 suut
202 665 261 730 nisi
283 666 315 731 iu
337 667 469 734 meentia
491 669 658 746 animae»;
679 687 755 754 ergo
777 668 881 732 anima
905 679 1032 730 nonest

107 771 181 832 una,
202 754 257 819 sed
278 768 350 821 eunt
372 756 488 822 multae
510 776 655 834 numero,
675 771 707 821 et
729 755 796 842 ejus
817 756 936 841 speeies
969 772 1032 818 una

107 853 167 908 est.
188 842 234 921 Et,
256 859 289 909 ut
312 844 446 910 Graecos
469 866 532 910 uon
554 849 745 922 omittamus,
768 844 923 931 ponenda
958 857 1030 908 sunt

107 930 188 995 eirea
200 931 260 997 boe
271 935 364 1000 verba
376 934 548 1012 Tbemistii,
560 934 788 1022 inlCommeuto
800 938 841 997 de
852 934 1031 1011 Animall).

107 1016 185 1083 Cum
209 1021 292 1085 enim
327 1023 496 1109 quaesisset
518 1022 558 1088 de
592 1023 749 1089 intellectu
783 1035 894 1107 agente
927 1037 1030 1087 utrum

106 1107 146 1170 sit
167 1127 248 1175 unus
270 1124 322 1176 aut
344 1111 461 1198 plures,
481 1111 640 1197 subjungit
653 1111 785 1176 soluens:
817 1113 891 1175 «An
913 1129 1031 1195 primus

105 1194 262 1263 illustrans
283 1212 329 1264 est
353 1221 444 1278 unus,
460 1201 600 1266 illustrati
623 1215 654 1264 et
676 1200 862 1266 illustrantes
876 1215 946 1265 suin
962 1198 1031 1284 plu·

105 1285 171 1350 res?
194 1285 246 1352 Sol
268 1287 394 1373 quidem
418 1310 498 1354 unus
521 1303 578 1364 est3
600 1289 707 1354 lumen
722 1303 827 1354 autem
843 1288 949 1353 dicens
961 1307 1029 1372 par·

40 1421 45 1430 .
105 1374 154 1437 tiri
177 1373 280 1462 aliquo
303 1377 398 1443 modo
421 1378 578 1443 aduersus.
601 1377 732 1465 Propter
754 1379 814 1443 boe
847 1379 931 1441 enim
966 1396 1028 1440 nou

103 1461 202 1528 solem
219 1465 320 1550 posuit
332 1467 364 1531 in
376 1468 640 1554 comparationem
654 1468 669 1554 (
684 1465 800 1531 scilieet
810 1465 989 1532 Aristoteles
1007 1472 1030 1552 l,

103 1550 159 1615 sed
194 1552 310 1631 lumen3
335 1555 421 1620 Plato
445 1570 547 1620 autem
583 1555 683 1621 solem
706 1555 798 1640 (9).»
829 1554 908 1638 Ergo
937 1567 1030 1642 potet,

105 1658 160 1725 per
182 1641 276 1707 verba
301 1643 473 1722 Themisti,
495 1643 578 1729 quod
603 1663 660 1708 nee
683 1642 854 1708 intellectus
869 1661 973 1727 agens,
990 1644 1030 1706 de

103 1749 165 1813 quo
188 1731 363 1799 Aristoteles
380 1733 524 1819 loquitur,
548 1745 594 1798 est
618 1753 709 1811 unus,
731 1733 784 1818 qui
801 1745 847 1796 eet
862 1731 1027 1808 illustrans,

103 1836 162 1883 nee
184 1820 276 1884 etiam
300 1823 463 1906 possibilis,
485 1821 537 1907 qui
561 1833 607 1886 est
630 1821 808 1895 illustratus;
837 1820 892 1886 sed
920 1839 1026 1884 uerum

101 1907 254 1994 estquod
277 1912 462 1999 principium
484 1910 694 1976 illustrationis
717 1922 763 1975 est
786 1929 897 1988 uuum,
911 1910 1027 1973 seilicet

101 1996 203 2081 aliqua
226 1998 396 2065 substantia
419 2014 571 2087 separata,
595 2000 645 2065 uel
666 2000 751 2065 Deus
772 2000 943 2065 seuutrdum
978 2019 1026 2063 ca-

102 2086 243 2165 tbolieos,
267 2088 314 2151 vel
337 2088 536 2173 intelligentia
574 2089 682 2155 ultima
705 2087 876 2153 seeundum
899 2088 1026 2151 Aricon-

98 2190 183 2239 uam.
209 2172 360 2242 Unitatem
385 2191 489 2242 autem
513 2175 605 2262 liujus
628 2179 769 2264 principii
792 2176 922 2263 separati
957 2196 1027 2260 pro·

100 2260 153 2326 bat
191 2262 379 2330 Themistius
413 2286 469 2353 per
508 2265 567 2331 boe
600 2266 685 2353 quod
723 2268 838 2331 doeens
870 2279 901 2329 et
938 2265 1025 2329 addi·

99 2369 188 2415 scens
204 2351 286 2417 idem
309 2354 461 2439 intelligia
484 2354 568 2441 quod
591 2375 654 2419 non
671 2369 753 2420 esset
768 2354 825 2419 nisi
842 2366 922 2418 esset
939 2353 1022 2417 idern

100 2439 285 2527 principium
309 2443 474 2509 illustrans.
497 2443 559 2508 Sed
582 2463 689 2508 verum
724 2459 770 2508 est
804 2446 887 2528 quod
918 2455 1023 2526 postea

98 2528 171 2593 dicit
183 2531 333 2616 quosdam
357 2532 513 2598 dubitasse
537 2532 576 2597 de
592 2531 747 2597 intellectu
765 2530 901 2617 possibili
918 2543 1021 2594 utrum

99 2618 138 2680 sit
161 2638 251 2683 unus.
274 2620 337 2685 Nee
358 2621 439 2686 eirea
475 2622 534 2685 boe
568 2620 638 2707 plus
676 2620 821 2706 loquitur,
855 2620 926 2704 quia
960 2638 1022 2683 nou

98 2717 165 2769 erut
187 2708 315 2772 intentio
339 2708 405 2794 ejus
429 2721 555 2794 tangere
578 2709 713 2773 diversas
737 2709 897 2795 opiniones
920 2706 1018 2793 pbilo-

95 2794 277 2879 sophorum,
300 2799 355 2863 sed
379 2818 536 2885 exponere
558 2802 725 2862 sententias
748 2796 927 2873 Aristotelia,
951 2797 1020 2859 l'lu·

149 2950 188 3020 (l)
206 2954 264 3009 Lib.
283 2954 310 3023 5,
325 2973 348 3011 e.
365 2956 409 3024 δι,
424 2951 502 3029 juxta
520 2954 582 3007 edit.
601 2954 731 3008 Hermolui
751 2954 870 3009 Barbari·

146 3023 185 3091 (2)
204 3026 352 3080 Secundum
372 3029 565 3080 translationum
585 3024 716 3079 Hermolui
735 3026 852 3079 Barbari:
875 3046 888 3073 o
906 3022 946 3075 dn
966 3026 1020 3093 pri·

94 3110 166 3147 mum
185 3098 289 3165 quidem
310 3100 467 3151 intellectum
487 3098 676 3149 illuminantem
694 3098 764 3150 eredi
782 3114 862 3151 unum
876 3102 1019 3163 oporteret,

93 3166 253 3220 illuminatos
272 3185 335 3222 vero
357 3177 382 3222 et
402 3169 512 3223 subinde
531 3169 708 3221 illuminantes
719 3169 829 3222 nrultos?
842 3166 1016 3234 Quemadmo-

93 3236 166 3304 dum,
185 3255 344 3308 quamquam
362 3241 400 3293 sol
418 3246 458 3292 est
476 3254 554 3305 unus,
572 3246 660 3292 tamen
679 3240 733 3305 lux,
751 3256 818 3310 quea
836 3240 868 3291 de
887 3239 939 3290 sote
958 3252 1017 3306 pro-

93 3308 132 3361 dit
150 3316 176 3362 et
193 3312 317 3376 mittitur,
335 3312 410 3382 quasi
429 3311 584 3377 abjungitur
601 3310 636 3363 ab
661 3325 693 3363 eo
715 3317 741 3363 el
764 3310 907 3373 divellitur,
935 3316 1017 3377 utque

92 3380 129 3433 ita
146 3381 176 3435 iu
192 3383 288 3435 multus
305 3383 414 3436 obtutus
433 3381 827 3450 distrahiturdistribuiturque.
840 3378 1016 3446 Quamobrem

92 3452 243 3505 Aristoteles
261 3455 420 3506 intellectum
440 3466 491 3505 nou
509 3452 566 3519 suli,
583 3453 630 3504 sed
648 3453 740 3506 lumini
758 3452 928 3522 comparauit,
943 3448 1016 3504 Pluto

93 3528 180 3577 autem
199 3522 248 3577 soli
265 3542 292 3577 o.

117 3634 119 3641 ·
186 3596 238 3659 ln.
263 3594 409 3663 Summae
431 3594 512 3661 Pttt.
537 3593 570 3662 V.
595 3594 627 3661 5.
928 3594 970 3657 58
