2484 3975
374 239 429 282 tto.
454 237 491 282 ιν.
516 238 580 283 ean.
607 233 706 282 xtxtv.
953 213 1015 278 lbi

95 307 149 374 elit:
178 307 218 372 Ut
240 308 436 391 adoptionem
458 307 598 389 filiorum
619 305 834 388 reciperemus,
848 300 959 375 Gulae,
982 303 1016 378 l,

97 397 127 462 b.
151 395 280 483 Oportet
302 397 395 481 igitur
416 395 548 461 verbum
571 392 706 479 Apostoli
729 389 857 473 intelligi
886 388 925 455 de
937 390 1015 456 Filio

36 562 39 571 ¹
97 485 153 550 Dei
177 485 317 552 naturali.
341 484 425 549 Deus
447 485 538 568 igitur
559 484 620 548 Dei
643 479 779 546 Verbum
790 476 888 542 laetus
910 491 957 544 est
979 499 1017 544 ex

98 573 336 652 meliorentur
359 593 396 637 ex
418 572 543 655 Virgine
556 584 664 638 matre.

163 663 249 741 item,
271 663 405 728 loannes
428 660 508 725 dieit:
532 659 572 725 Et
592 657 806 724 Verbumeoro
826 655 945 739 saeteun
961 669 1019 730 ert,

95 752 217 828 luanu,
242 752 271 828 l,
296 750 346 816 ll.
370 748 437 815 Non
463 763 566 816 autem
602 748 695 816 babet
726 763 853 811 earnem
887 743 944 810 uisi
980 764 1020 810 er
1068 774 1070 778 v

96 839 236 905 muliere.
260 839 396 904 Verbum
419 838 510 922 igitur
534 836 650 903 loetum
670 848 716 899 est
743 852 782 899 ex
808 832 948 911 muliere,
972 832 1017 912 itl-

97 941 143 991 est
166 948 203 993 ex
226 927 349 1012 Virgine
372 941 481 996 matre:
504 926 596 1012 Virgo
618 924 703 990 enim
740 935 787 989 est
820 935 919 986 metet
957 920 1016 986 Dei
1053 975 1056 982 a

101 1015 203 1083 Verbi.
519 1063 523 1072 .

165 1104 313 1190 Amplius,
347 1104 507 1190 Apostolus
529 1103 602 1169 dieit
625 1100 708 1188 quod
735 1099 874 1164 Christus
911 1111 957 1164 eet
979 1120 1018 1164 ex

105 1192 243 1278 patribus
265 1193 431 1258 seeundum
453 1213 588 1270 earnem,
624 1193 677 1276 qui
714 1201 760 1254 eet
796 1192 1016 1270 superomnia

103 1281 186 1344 Deus
203 1278 375 1346 benedictus·
397 1283 429 1344 in
452 1283 587 1356 saecula,
612 1281 712 1359 Rom,
733 1280 766 1354 9,
789 1278 1017 1343 amonentem

100 1390 136 1434 et
161 1368 297 1455 patribus
322 1371 378 1450 nisi
402 1370 556 1435 mediante
581 1369 715 1454 Virgine.
738 1367 940 1451 Deus‘igitur
964 1367 1018 1452 qui

98 1471 259 1544 estsuper
282 1459 384 1524 omnia
408 1473 454 1523 est
476 1479 513 1524 et
537 1458 662 1543 Virgine
684 1457 856 1523 seeundum
878 1475 1016 1522 earnem.

98 1545 190 1630 Virgo
214 1547 373 1632 igiturest
396 1561 493 1613 mater
517 1546 573 1611 Dei
596 1547 767 1612 seeundum
791 1564 926 1610 earnem.

163 1635 280 1713 Adbue,
304 1635 467 1721 Apostolus
489 1635 561 1700 dicit
594 1637 634 1700 de
668 1635 789 1700 Christo
822 1635 905 1699 lesu:
944 1632 1014 1712 Qtti,

98 1743 166 1787 eum
187 1725 220 1786 in
241 1723 344 1807 formo
368 1725 425 1788 Dei
448 1736 566 1801 esset„
604 1725 800 1808 semetipsum
836 1722 1016 1799 erinoniuit,

92 1812 229 1895 >formum
253 1814 334 1878 serui
356 1815 508 1896 arripiens
530 1815 563 1877 in
585 1814 821 1878 similitudinem
861 1811 1017 1875 bominum

97 1900 210 1983 foetere,
233 1900 377 1989 Philipp,
400 1903 431 1980 9,
467 1902 536 1979 6·7;
584 1903 638 1966 ubi
672 1899 868 1966 manifestum
902 1911 957 1976 est,
979 1901 1016 1977 si,

99 1991 268 2055 seeundum
285 1991 468 2070 Nestorium,
491 1992 645 2057 Christum
675 1990 848 2055 dividamus
871 1992 902 2054 in
926 1988 1015 2067 duos,

96 2078 212 2144 seilicet
235 2080 266 2144 in
290 2080 448 2145 homiuem
472 2081 557 2145 illum
581 2083 636 2165 qui
658 2095 702 2146 eet
739 2079 820 2145 filius
855 2078 1016 2165 adoptivus
1054 2076 1058 2082 ’

97 2179 128 2231 et
151 2158 302 2233 in'lilium
343 2168 398 2233 Dei
423 2170 594 2234 naturalem
617 2172 670 2254 qui
693 2181 740 2234 est
777 2167 912 2234 Verbum
947 2166 1015 2245 Dei,

99 2256 181 2340 quod
206 2257 265 2322 hoe
288 2279 349 2323 non
374 2270 472 2343 potest
495 2258 622 2343 intelligi
646 2258 685 2323 tle
709 2258 835 2323 bomine
874 2257 938 2321 illo.
963 2255 1017 2321 llle

99 2344 182 2409 enim
205 2345 309 2426 bomo,
333 2349 357 2411 si
382 2368 477 2432 purus
501 2346 594 2411 bomo
617 2347 666 2417 sit,
690 2367 751 2411 non
787 2346 872 2430 prius
895 2344 952 2411 luit
986 2345 1017 2410 in

99 2431 198 2497 forma
221 2434 277 2498 Dei
303 2451 335 2500 ut
359 2432 555 2520 postmodum
580 2436 611 2498 in
648 2435 880 2500 similitudinem
916 2434 1015 2498 bomi-

100 2540 174 2585 num
199 2521 296 2602 fieret,
317 2524 370 2589 sed
396 2523 682 2605 magiseeonverso
707 2524 801 2589 bomo
814 2524 947 2587 existens
976 2520 1020 2585 di-

101 2610 232 2674 rinitatis
256 2614 406 2698 pertinens
430 2609 524 2675 iaetus
549 2623 604 2690 est,
627 2611 658 2675 in
681 2633 743 2697 quo
778 2631 840 2675 non
863 2610 920 2675 luit
952 2610 1018 2675 eni·

99 2697 231 2775 nanitus,
254 2700 309 2764 sed
332 2700 489 2765 exaltatus.
513 2698 642 2786 Oportet
667 2701 758 2784 igitur
799 2700 883 2785 quod
906 2699 1020 2765 intelli·

97 2798 187 2871 gatur
210 2787 248 2851 de
273 2788 374 2854 Verbo
397 2787 454 2852 Dei
477 2789 560 2874 quod
584 2790 668 2876 prius
692 2788 782 2853 luerit
815 2789 854 2853 ab
890 2803 1017 2856 aeterno

97 2876 132 2939 in
155 2874 254 2942 forma
278 2878 347 2955 Dei,
372 2876 450 2942 idest
473 2878 503 2942 in
528 2894 635 2943 nature
658 2878 728 2955 Dei,
765 2890 795 2942 et
819 2877 1020 2963 postmodum

97 2960 264 3030 exinaniuit
287 2967 484 3050 semetipsum
516 2967 546 3031 in
582 2967 815 3031 similitudinem
854 2967 1018 3032 bominum

97 3052 205 3117 iaetus.
228 3053 297 3119 Non
314 3067 411 3139 potest
434 3067 536 3119 autem
561 3055 687 3140 intelligi
711 3058 767 3121 ista
783 3055 951 3143 exinanitio
963 3076 1020 3141 pet·

97 3140 197 3206 solam
221 3143 473 3208 inhabitationem
497 3141 587 3208 Verbi
622 3144 679 3209 Dei
714 3145 745 3210 in
780 3145 908 3210 homine
941 3144 1016 3211 lesu

100 3228 230 3296 Christo.
253 3230 330 3296 Nam
354 3230 490 3297 Verbum
528 3231 584 3297 Dei
619 3232 651 3297 in
685 3232 830 3309 omnibus
853 3233 1015 3299 Sanetiea

101 3317 249 3404 principio
272 3320 378 3402 muntli
407 3320 553 3385 habitavit
576 3323 793 3406 pergratiam,
832 3343 888 3387 nee
912 3336 1018 3389 tamen

100 3406 213 3471 dieitur
235 3410 433 3486 exinanitum3
458 3410 529 3494 quia
552 3409 635 3475 Deus
658 3412 703 3476 sie
724 3432 812 3477 suam
848 3411 1018 3477 bonitatem

99 3496 248 3563 creaturis
270 3500 477 3566 communicat
500 3499 583 3587 quod
605 3500 683 3566 nibil
705 3502 735 3566 ei
749 3501 952 3581 subtrabitur,
965 3502 1021 3567 sed
